@inproceedings{Zhu:2014:TBL:2658537.2661326,
 author = {Zhu, Jichen and Foster, Aroutis and Muschio, Glen and Patterson, Justin H. and Valls-Vargas, Josep and Newman, Daniel},
 title = {Towards Balancing Learner Autonomy and Pedagogical Process in Educational Games},
 booktitle = {Proceedings of the First ACM SIGCHI Annual Symposium on Computer-human Interaction in Play},
 series = {CHI PLAY '14},
 year = {2014},
 isbn = {978-1-4503-3014-5},
 location = {Toronto, Ontario, Canada},
 pages = {455--456},
 numpages = {2},
 url = {http://doi.acm.org/10.1145/2658537.2661326},
 doi = {10.1145/2658537.2661326},
 acmid = {2661326},
 publisher = {ACM},
 address = {New York, NY, USA},
 keywords = {co-regulation, educational game, player modeling},
}

@inproceedings{Yakymova:2016:SSE:2910925.2910931,
 author = {Yakymova, Hanna and Monteiro, Yoann and Zingaro, Daniel},
 title = {Study Strategies and Exam Grades in CS1},
 booktitle = {Proceedings of the 21st Western Canadian Conference on Computing Education},
 series = {WCCCE '16},
 year = {2016},
 isbn = {978-1-4503-4355-8},
 location = {Kamloops, BC, Canada},
 pages = {24:1--24:3},
 articleno = {24},
 numpages = {3},
 url = {http://doi.acm.org/10.1145/2910925.2910931},
 doi = {10.1145/2910925.2910931},
 acmid = {2910931},
 publisher = {ACM},
 address = {New York, NY, USA},
}

@inproceedings{Trower:1996:SII:238857.238896,
 author = {Trower, Jonathan K. and Moore, Kris K.},
 title = {A Study of the Impact of Individual Goals and Team Composition Variables on Team Performance},
 booktitle = {Proceedings of the 1996 ACM SIGCPR/SIGMIS Conference on Computer Personnel Research},
 series = {SIGCPR '96},
 year = {1996},
 isbn = {0-89791-782-0},
 location = {Denver, Colorado, USA},
 pages = {206--213},
 numpages = {8},
 url = {http://doi.acm.org/10.1145/238857.238896},
 doi = {10.1145/238857.238896},
 acmid = {238896},
 publisher = {ACM},
 address = {New York, NY, USA},
}

@inproceedings{Barashev:2018:WRS:3277139.3277169,
 author = {Barashev, Andrey and Li, Guoxin},
 title = {Worker's Reward Sensitivity Predicting Motivation in Crowdsourcing: Self-approach Achievement Goals Perspective},
 booktitle = {Proceedings of the 2018 International Conference on Information Management \& Management Science},
 series = {IMMS '18},
 year = {2018},
 isbn = {978-1-4503-6486-7},
 location = {Chengdu, China},
 pages = {180--184},
 numpages = {5},
 url = {http://doi.acm.org/10.1145/3277139.3277169},
 doi = {10.1145/3277139.3277169},
 acmid = {3277169},
 publisher = {ACM},
 address = {New York, NY, USA},
 keywords = {achievement goals, crowdsourcing, effort, reinforcement sensitivity theory, reward sensitivity, work engagement},
}

@inproceedings{Barashev:2018:SMC:3271972.3271998,
 author = {Barashev, Andrey and Li, Guoxin},
 title = {Solvers' Motivation in Crowdsourcing Platform: Examining the Impacts of Reward Sensitivity, and Achievement Goals Factors},
 booktitle = {Proceedings of the 2018 9th International Conference on E-business, Management and Economics},
 series = {ICEME 2018},
 year = {2018},
 isbn = {978-1-4503-6514-7},
 location = {Waterloo, ON, Canada},
 pages = {80--85},
 numpages = {6},
 url = {http://doi.acm.org/10.1145/3271972.3271998},
 doi = {10.1145/3271972.3271998},
 acmid = {3271998},
 publisher = {ACM},
 address = {New York, NY, USA},
 keywords = {Achievement goals, Crowdsourcing, Effort, Reinforcement Sensitivity theory, Reward sensitivity},
}

@inproceedings{Barashev:2017:PTP:3157754.3157764,
 author = {Barashev, Andrey and Li, Guoxin},
 title = {Personal Trait Predicting Work Engagement in Crowdsourcing Through Achievement Goals: Mediation Analyses},
 booktitle = {Proceedings of the 8th International Conference on E-business, Management and Economics},
 series = {ICEME 2017},
 year = {2017},
 isbn = {978-1-4503-5367-0},
 location = {Birmingham, United Kingdom},
 pages = {28--32},
 numpages = {5},
 url = {http://doi.acm.org/10.1145/3157754.3157764},
 doi = {10.1145/3157754.3157764},
 acmid = {3157764},
 publisher = {ACM},
 address = {New York, NY, USA},
 keywords = {Achievement Goals, Crowdsourcing, Motivation, Personal traits, Work Engagement},
}

@inproceedings{Stroud:2019:UTS:3318396.3318399,
 author = {Stroud, Robert},
 title = {The Use of Technology to Support Theories of Learner Engagement},
 booktitle = {Proceedings of the 2019 8th International Conference on Educational and Information Technology},
 series = {ICEIT 2019},
 year = {2019},
 isbn = {978-1-4503-6267-2},
 location = {Cambridge, United Kingdom},
 pages = {137--140},
 numpages = {4},
 url = {http://doi.acm.org/10.1145/3318396.3318399},
 doi = {10.1145/3318396.3318399},
 acmid = {3318399},
 publisher = {ACM},
 address = {New York, NY, USA},
 keywords = {CALL, achievement goal theory, engagement, expectancy-value theory, motivation, self-determination theory, social cognitive theory, technology},
}

@inproceedings{Aguilar:2019:MIS:3303772.3303805,
 author = {Aguilar, Stephen J. and Baek, Clare},
 title = {Motivated Information Seeking and Graph Comprehension Among College Students},
 booktitle = {Proceedings of the 9th International Conference on Learning Analytics \& Knowledge},
 series = {LAK19},
 year = {2019},
 isbn = {978-1-4503-6256-6},
 location = {Tempe, AZ, USA},
 pages = {280--289},
 numpages = {10},
 url = {http://doi.acm.org/10.1145/3303772.3303805},
 doi = {10.1145/3303772.3303805},
 acmid = {3303805},
 publisher = {ACM},
 address = {New York, NY, USA},
 keywords = {Higher Education, Instrument Validation, Motivation, Non-cognitive factors, Visualizations},
}

@inproceedings{Borst:2015:MID:2702123.2702156,
 author = {Borst, Jelmer P. and Taatgen, Niels A. and van Rijn, Hedderik},
 title = {What Makes Interruptions Disruptive?: A Process-Model Account of the Effects of the Problem State Bottleneck on Task Interruption and Resumption},
 booktitle = {Proceedings of the 33rd Annual ACM Conference on Human Factors in Computing Systems},
 series = {CHI '15},
 year = {2015},
 isbn = {978-1-4503-3145-6},
 location = {Seoul, Republic of Korea},
 pages = {2971--2980},
 numpages = {10},
 url = {http://doi.acm.org/10.1145/2702123.2702156},
 doi = {10.1145/2702123.2702156},
 acmid = {2702156},
 publisher = {ACM},
 address = {New York, NY, USA},
 keywords = {computational model, interruptions, multitasking, problem state, working memory},
}

@inproceedings{Ho:2016:RIV:2903626.2903646,
 author = {Ho, Amic G.},
 title = {Recognising the Importance of Visual Elements in Experience Design for Motivation},
 booktitle = {Proceedings of HCI Korea},
 series = {HCIK '16},
 year = {2016},
 isbn = {978-89-6848-791-0},
 location = {Jeongseon, Republic of Korea},
 pages = {127--133},
 numpages = {7},
 url = {https://doi.org/10.17210/hcik.2016.01.127},
 doi = {10.17210/hcik.2016.01.127},
 acmid = {2903646},
 publisher = {Hanbit Media, Inc.},
 address = {South Korea},
 keywords = {Experience design, emotion and motivation, emotion design, visual elements},
}

@inproceedings{Howard:2013:SSE:2504776.2504780,
 author = {Howard, Robert},
 title = {Strategification; Synergizing Efficiencies; and Meetingitis: What Your Bosses Really Do},
 booktitle = {Proceedings of the 41st Annual ACM SIGUCCS Conference on User Services},
 series = {SIGUCCS '13},
 year = {2013},
 isbn = {978-1-4503-2318-5},
 location = {Chicago, Illinois, USA},
 pages = {19--22},
 numpages = {4},
 url = {http://doi.acm.org/10.1145/2504776.2504780},
 doi = {10.1145/2504776.2504780},
 acmid = {2504780},
 publisher = {ACM},
 address = {New York, NY, USA},
 keywords = {CIO, career progression},
}

@inproceedings{Salvucci:2009:TUT:1518701.1518981,
 author = {Salvucci, Dario D. and Taatgen, Niels A. and Borst, Jelmer P.},
 title = {Toward a Unified Theory of the Multitasking Continuum: From Concurrent Performance to Task Switching, Interruption, and Resumption},
 booktitle = {Proceedings of the SIGCHI Conference on Human Factors in Computing Systems},
 series = {CHI '09},
 year = {2009},
 isbn = {978-1-60558-246-7},
 location = {Boston, MA, USA},
 pages = {1819--1828},
 numpages = {10},
 url = {http://doi.acm.org/10.1145/1518701.1518981},
 doi = {10.1145/1518701.1518981},
 acmid = {1518981},
 publisher = {ACM},
 address = {New York, NY, USA},
 keywords = {attention, cognitive architecture, interruption, multitasking},
}

@inproceedings{Lundh:2010:UDP:1854509.1854677,
 author = {Lundh, Patrik and Cheng, Britte and Penuel, William R. and Joshi, Aasha},
 title = {Using Design Personas to Inform Refinements to Software for Science Learning},
 booktitle = {Proceedings of the 9th International Conference of the Learning Sciences - Volume 2},
 series = {ICLS '10},
 year = {2010},
 location = {Chicago, Illinois},
 pages = {320--321},
 numpages = {2},
 url = {http://dl.acm.org/citation.cfm?id=1854509.1854677},
 acmid = {1854677},
 publisher = {International Society of the Learning Sciences},
}

@inproceedings{Hussein:2016:NAU:2898459.2898477,
 author = {Hussein, Idyawati and Mahmud, Murni and Md Noor, Nor Laila},
 title = {Netnography Approach for UX Research},
 booktitle = {Proceedings of the 2Nd International Conference in HCI and UX Indonesia 2016},
 series = {CHIuXiD '16},
 year = {2016},
 isbn = {978-1-4503-4044-1},
 location = {Jakarta, Indonesia},
 pages = {120--124},
 numpages = {5},
 url = {http://doi.acm.org/10.1145/2898459.2898477},
 doi = {10.1145/2898459.2898477},
 acmid = {2898477},
 publisher = {ACM},
 address = {New York, NY, USA},
 keywords = {Malaysia, User Experience (UX), community of practice, design, frustration},
}

@inproceedings{Pinder:2015:SPN:2786567.2793707,
 author = {Pinder, Charlie and Vermeulen, Jo and Beale, Russell and Hendley, Robert},
 title = {Subliminal Priming of Nonconscious Goals on Smartphones},
 booktitle = {Proceedings of the 17th International Conference on Human-Computer Interaction with Mobile Devices and Services Adjunct},
 series = {MobileHCI '15},
 year = {2015},
 isbn = {978-1-4503-3653-6},
 location = {Copenhagen, Denmark},
 pages = {825--830},
 numpages = {6},
 url = {http://doi.acm.org/10.1145/2786567.2793707},
 doi = {10.1145/2786567.2793707},
 acmid = {2793707},
 publisher = {ACM},
 address = {New York, NY, USA},
 keywords = {Behaviour change, dual process theory, goals, mobile, nonconscious, priming, subliminal},
}

@inproceedings{Ahn:1988:IES:57216.57247,
 author = {Ahn, J. H. and Lee, S.},
 title = {An Investigation into the Existence of Subgroup Concept in Information Systems Personnel Management},
 booktitle = {Proceedings of the ACM SIGCPR Conference on Management of Information Systems Personnel},
 series = {SIGCPR '88},
 year = {1988},
 isbn = {0-89791-262-4},
 location = {College park, Maryland, USA},
 pages = {207--210},
 numpages = {4},
 url = {http://doi.acm.org/10.1145/57216.57247},
 doi = {10.1145/57216.57247},
 acmid = {57247},
 publisher = {ACM},
 address = {New York, NY, USA},
}

@inproceedings{Zhu:2012:ESL:2145204.2145269,
 author = {Zhu, Haiyi and Kraut, Robert and Kittur, Aniket},
 title = {Effectiveness of Shared Leadership in Online Communities},
 booktitle = {Proceedings of the ACM 2012 Conference on Computer Supported Cooperative Work},
 series = {CSCW '12},
 year = {2012},
 isbn = {978-1-4503-1086-4},
 location = {Seattle, Washington, USA},
 pages = {407--416},
 numpages = {10},
 url = {http://doi.acm.org/10.1145/2145204.2145269},
 doi = {10.1145/2145204.2145269},
 acmid = {2145269},
 publisher = {ACM},
 address = {New York, NY, USA},
 keywords = {motivation, online communities, shared leadership, wikipedia},
}

@inproceedings{Chittaro:2015:MPH:2786567.2786570,
 author = {Chittaro, Luca},
 title = {Mobile Persuasion for Health and Safety Promotion},
 booktitle = {Proceedings of the 17th International Conference on Human-Computer Interaction with Mobile Devices and Services Adjunct},
 series = {MobileHCI '15},
 year = {2015},
 isbn = {978-1-4503-3653-6},
 location = {Copenhagen, Denmark},
 pages = {878--882},
 numpages = {5},
 url = {http://doi.acm.org/10.1145/2786567.2786570},
 doi = {10.1145/2786567.2786570},
 acmid = {2786570},
 publisher = {ACM},
 address = {New York, NY, USA},
 keywords = {Design, Evaluation, Health, Human Factors, Methodologies, Mobile Persuasive Apps, Persuasion, Safety},
}

@inproceedings{Howley:2009:MCB:1599503.1599523,
 author = {Howley, Iris and Chaudhuri, Sourish and Kumar, Rohit and Ros{\'e}, Carolyn Penstein},
 title = {Motivation and Collaborative Behavior: An Exploratory Analysis},
 booktitle = {Proceedings of the 9th International Conference on Computer Supported Collaborative Learning - Volume 2},
 series = {CSCL'09},
 year = {2009},
 isbn = {978-1-4092-8598-4},
 location = {Rhodes, Greece},
 pages = {59--61},
 numpages = {3},
 url = {http://dl.acm.org/citation.cfm?id=1599503.1599523},
 acmid = {1599523},
 publisher = {International Society of the Learning Sciences},
}

@inproceedings{Zingaro:2016:ISA:2839509.2844553,
 author = {Zingaro, Daniel and Porter, Leo},
 title = {Impact of Student Achievement Goals on CS1 Outcomes},
 booktitle = {Proceedings of the 47th ACM Technical Symposium on Computing Science Education},
 series = {SIGCSE '16},
 year = {2016},
 isbn = {978-1-4503-3685-7},
 location = {Memphis, Tennessee, USA},
 pages = {279--296},
 numpages = {18},
 url = {http://doi.acm.org/10.1145/2839509.2844553},
 doi = {10.1145/2839509.2844553},
 acmid = {2844553},
 publisher = {ACM},
 address = {New York, NY, USA},
 keywords = {achievement goals, cs1, outcomes, success},
}

@inproceedings{Zingaro:2018:AGC:3159450.3159452,
 author = {Zingaro, Daniel and Craig, Michelle and Porter, Leo and Becker, Brett A. and Cao, Yingjun and Conrad, Phill and Cukierman, Diana and Hellas, Arto and Loksa, Dastyni and Thota, Neena},
 title = {Achievement Goals in CS1: Replication and Extension},
 booktitle = {Proceedings of the 49th ACM Technical Symposium on Computer Science Education},
 series = {SIGCSE '18},
 year = {2018},
 isbn = {978-1-4503-5103-4},
 location = {Baltimore, Maryland, USA},
 pages = {687--692},
 numpages = {6},
 url = {http://doi.acm.org/10.1145/3159450.3159452},
 doi = {10.1145/3159450.3159452},
 acmid = {3159452},
 publisher = {ACM},
 address = {New York, NY, USA},
 keywords = {achievement goals, cs1, interest, motivation, novice programming},
}

@inproceedings{Falkner:2014:WBW:2674683.2674698,
 author = {Falkner, Nickolas J. G. and Falkner, Katrina E.},
 title = {"Whither, Badges?" or "Wither, Badges!": A Metastudy of Badges in Computer Science Education to Clarify Effects, Significance and Influence},
 booktitle = {Proceedings of the 14th Koli Calling International Conference on Computing Education Research},
 series = {Koli Calling '14},
 year = {2014},
 isbn = {978-1-4503-3065-7},
 location = {Koli, Finland},
 pages = {127--135},
 numpages = {9},
 url = {http://doi.acm.org/10.1145/2674683.2674698},
 doi = {10.1145/2674683.2674698},
 acmid = {2674698},
 publisher = {ACM},
 address = {New York, NY, USA},
 keywords = {badges, emprical study, gamification, motivation, virtual rewards},
}

@inproceedings{Brafman:2019:RDP:3306127.3331938,
 author = {Brafman, Ronen I. and De Giacomo, Giuseppe},
 title = {Regular Decision Processes: Modelling Dynamic Systems Without Using Hidden Variables},
 booktitle = {Proceedings of the 18th International Conference on Autonomous Agents and MultiAgent Systems},
 series = {AAMAS '19},
 year = {2019},
 isbn = {978-1-4503-6309-9},
 location = {Montreal QC, Canada},
 pages = {1844--1846},
 numpages = {3},
 url = {http://dl.acm.org/citation.cfm?id=3306127.3331938},
 acmid = {3331938},
 publisher = {International Foundation for Autonomous Agents and Multiagent Systems},
 address = {Richland, SC},
 keywords = {MDPS, POMDPS, latent state, planning under uncertainty},
}

@inproceedings{Abad:2018:TIS:3210459.3210471,
 author = {Abad, Zahra Shakeri Hossein and Karras, Oliver and Schneider, Kurt and Barker, Ken and Bauer, Mike},
 title = {Task Interruption in Software Development Projects: What Makes Some Interruptions More Disruptive Than Others?},
 booktitle = {Proceedings of the 22Nd International Conference on Evaluation and Assessment in Software Engineering 2018},
 series = {EASE'18},
 year = {2018},
 isbn = {978-1-4503-6403-4},
 location = {Christchurch, New Zealand},
 pages = {122--132},
 numpages = {11},
 url = {http://doi.acm.org/10.1145/3210459.3210471},
 doi = {10.1145/3210459.3210471},
 acmid = {3210471},
 publisher = {ACM},
 address = {New York, NY, USA},
 keywords = {Empirical software engineering, Multitasking, Productivity, Retrospective analysis, Task interruption, Task switching},
}

@inproceedings{Clear:2005:MPV:1082424.1082431,
 author = {Clear, Tony and Kassabova, Diana},
 title = {Motivational Patterns in Virtual Team Collaboration},
 booktitle = {Proceedings of the 7th Australasian Conference on Computing Education - Volume 42},
 series = {ACE '05},
 year = {2005},
 isbn = {1-920682-24-4},
 location = {Newcastle, New South Wales, Australia},
 pages = {51--58},
 numpages = {8},
 url = {http://dl.acm.org/citation.cfm?id=1082424.1082431},
 acmid = {1082431},
 publisher = {Australian Computer Society, Inc.},
 address = {Darlinghurst, Australia, Australia},
 keywords = {collaborative learning, computer science education research, extrinsic motivation, global virtual teams, groupware, intrinsic motivation, virtual teams},
}

@article{Zingaro:2015:EIG:2809889.2802752,
 author = {Zingaro, Daniel},
 title = {Examining Interest and Grades in Computer Science 1: A Study of Pedagogy and Achievement Goals},
 journal = {Trans. Comput. Educ.},
 issue_date = {September 2015},
 volume = {15},
 number = {3},
 month = jul,
 year = {2015},
 issn = {1946-6226},
 pages = {14:1--14:18},
 articleno = {14},
 numpages = {18},
 url = {http://doi.acm.org/10.1145/2802752},
 doi = {10.1145/2802752},
 acmid = {2802752},
 publisher = {ACM},
 address = {New York, NY, USA},
 keywords = {CS1, achievement goals, peer instruction},
}

@inproceedings{Li:2006:MOS:1125170.1125182,
 author = {Li, Yan and Tan, Chuan-Hoo and Teo, Hock-Hai and Mattar, A. Talib},
 title = {Motivating Open Source Software Developers: Influence of Transformational and Transactional Leaderships},
 booktitle = {Proceedings of the 2006 ACM SIGMIS CPR Conference on Computer Personnel Research: Forty Four Years of Computer Personnel Research: Achievements, Challenges \&Amp; the Future},
 series = {SIGMIS CPR '06},
 year = {2006},
 isbn = {1-59593-349-2},
 location = {Claremont, California, USA},
 pages = {34--43},
 numpages = {10},
 url = {http://doi.acm.org/10.1145/1125170.1125182},
 doi = {10.1145/1125170.1125182},
 acmid = {1125182},
 publisher = {ACM},
 address = {New York, NY, USA},
 keywords = {leadership, motivation, open source software development},
}

@inproceedings{Brombacher:2019:SES:3290607.3313094,
 author = {Brombacher, Hans and Arts, Dennis and Megens, Carl and Vos, Steven},
 title = {Stimulight: Exploring Social Interaction to Reduce Physical Inactivity Among Office Workers},
 booktitle = {Extended Abstracts of the 2019 CHI Conference on Human Factors in Computing Systems},
 series = {CHI EA '19},
 year = {2019},
 isbn = {978-1-4503-5971-9},
 location = {Glasgow, Scotland Uk},
 pages = {LBW0136:1--LBW0136:6},
 articleno = {LBW0136},
 numpages = {6},
 url = {http://doi.acm.org/10.1145/3290607.3313094},
 doi = {10.1145/3290607.3313094},
 acmid = {3313094},
 publisher = {ACM},
 address = {New York, NY, USA},
 keywords = {design framework, intervention design, office environment, physical activity, social feedback, social interaction},
}

@inproceedings{Lottridge:2015:ECM:2702123.2702367,
 author = {Lottridge, Danielle M. and Rosakranse, Christine and Oh, Catherine S. and Westwood, Sean J. and Baldoni, Katherine A. and Mann, Abrey S. and Nass, Clifford I.},
 title = {The Effects of Chronic Multitasking on Analytical Writing},
 booktitle = {Proceedings of the 33rd Annual ACM Conference on Human Factors in Computing Systems},
 series = {CHI '15},
 year = {2015},
 isbn = {978-1-4503-3145-6},
 location = {Seoul, Republic of Korea},
 pages = {2967--2970},
 numpages = {4},
 url = {http://doi.acm.org/10.1145/2702123.2702367},
 doi = {10.1145/2702123.2702367},
 acmid = {2702367},
 publisher = {ACM},
 address = {New York, NY, USA},
 keywords = {analytical writing, chronic multitasking, distractors, media multitasking index, multitasking},
}

@inproceedings{McLean:1991:SJP:111084.111086,
 author = {McLean, Ephraim R. and Tanner, John R. and Smits, Stanley J.},
 title = {Self-perceptions and Job Preferences of Entry-level Information Systems Professionals: Implications for Career Development},
 booktitle = {Proceedings of the 1991 Conference on SIGCPR},
 series = {SIGCPR '91},
 year = {1991},
 isbn = {0-89791-389-2},
 location = {Athens, Georgia, USA},
 pages = {3--13},
 numpages = {11},
 url = {http://doi.acm.org/10.1145/111084.111086},
 doi = {10.1145/111084.111086},
 acmid = {111086},
 publisher = {ACM},
 address = {New York, NY, USA},
}

@inproceedings{Pinder:2015:ENB:2786567.2794319,
 author = {Pinder, Charlie and Vermeulen, Jo and Beale, Russell and Hendley, Robert},
 title = {Exploring Nonconscious Behaviour Change Interventions on Mobile Devices},
 booktitle = {Proceedings of the 17th International Conference on Human-Computer Interaction with Mobile Devices and Services Adjunct},
 series = {MobileHCI '15},
 year = {2015},
 isbn = {978-1-4503-3653-6},
 location = {Copenhagen, Denmark},
 pages = {1010--1017},
 numpages = {8},
 url = {http://doi.acm.org/10.1145/2786567.2794319},
 doi = {10.1145/2786567.2794319},
 acmid = {2794319},
 publisher = {ACM},
 address = {New York, NY, USA},
 keywords = {Behaviour change, context-aware, designed persuasion, dual process theory, habit, mobile, nonconscious, persuasive technology},
}

@inproceedings{Skaalvik:2006:SSM:1150034.1150137,
 author = {Skaalvik, Einar M. and Skaalvik, Sidsel},
 title = {Self-concept and Self-efficacy in Mathematics: Relation with Mathematics Motivation and Achievement},
 booktitle = {Proceedings of the 7th International Conference on Learning Sciences},
 series = {ICLS '06},
 year = {2006},
 isbn = {0-8058-6174-2},
 location = {Bloomington, Indiana},
 pages = {709--715},
 numpages = {7},
 url = {http://dl.acm.org/citation.cfm?id=1150034.1150137},
 acmid = {1150137},
 publisher = {International Society of the Learning Sciences},
}

@inproceedings{Rajkomar:2012:DCM:2448136.2448159,
 author = {Rajkomar, Atish and Blandford, Ann},
 title = {A Distributed Cognition Model for Analysing Interruption Resumption During Infusion Administration},
 booktitle = {Proceedings of the 30th European Conference on Cognitive Ergonomics},
 series = {ECCE '12},
 year = {2012},
 isbn = {978-1-4503-1786-3},
 location = {Edinburgh, United Kingdom},
 pages = {108--111},
 numpages = {4},
 url = {http://doi.acm.org/10.1145/2448136.2448159},
 doi = {10.1145/2448136.2448159},
 acmid = {2448159},
 publisher = {ACM},
 address = {New York, NY, USA},
 keywords = {ICU, artefacts, distributed cognition, distributed information resources model, healthcare, infusion administration, interruptions},
}

@inproceedings{Membiela:2018:RCE:3284179.3284280,
 author = {Membiela, Pedro and Cal, Laura and Jim{\'e}nez, Ares and Otero, Alberto and Zemankova, Katerina},
 title = {Relationship Between Classroom Environment and Emotions in Science Students},
 booktitle = {Proceedings of the Sixth International Conference on Technological Ecosystems for Enhancing Multiculturality},
 series = {TEEM'18},
 year = {2018},
 isbn = {978-1-4503-6518-5},
 location = {Salamanca, Spain},
 pages = {613--616},
 numpages = {4},
 url = {http://doi.acm.org/10.1145/3284179.3284280},
 doi = {10.1145/3284179.3284280},
 acmid = {3284280},
 publisher = {ACM},
 address = {New York, NY, USA},
 keywords = {classroom environment, science students, student emotions},
}

@inproceedings{Malta:2015:SAG:2695664.2695775,
 author = {Malta, Cheops Araujo and Paiva, Ranilson O. Ara\'{u}jo and da Silva, Alan Pedro and Bittencourt, Ig Ibert and de Oliveira Filho, Ananias Queiroga},
 title = {A Survey Analysis on Goal Orientation Changes in an Information Systems Distance Course: A Brazilian Case Study},
 booktitle = {Proceedings of the 30th Annual ACM Symposium on Applied Computing},
 series = {SAC '15},
 year = {2015},
 isbn = {978-1-4503-3196-8},
 location = {Salamanca, Spain},
 pages = {227--232},
 numpages = {6},
 url = {http://doi.acm.org/10.1145/2695664.2695775},
 doi = {10.1145/2695664.2695775},
 acmid = {2695775},
 publisher = {ACM},
 address = {New York, NY, USA},
 keywords = {change goals, distance learning, information systems, motivation},
}

@article{McLean:1991:SJP:126524.126528,
 author = {McLean, Ephraim R. and Tanner, John R. and Smits, Stanley J.},
 title = {Self-perceptions and Job Preferences of Entry-level Information Systems Professionals: Implications for Career Development},
 journal = {SIGCPR Comput. Pers.},
 issue_date = {Nov. 1991},
 volume = {13},
 number = {3},
 month = nov,
 year = {1991},
 issn = {0160-2497},
 pages = {33--43},
 numpages = {11},
 url = {http://doi.acm.org/10.1145/126524.126528},
 doi = {10.1145/126524.126528},
 acmid = {126528},
 publisher = {ACM},
 address = {New York, NY, USA},
}

@inproceedings{Wieringa:2009:DSN:1555619.1555630,
 author = {Wieringa, Roel},
 title = {Design Science As Nested Problem Solving},
 booktitle = {Proceedings of the 4th International Conference on Design Science Research in Information Systems and Technology},
 series = {DESRIST '09},
 year = {2009},
 isbn = {978-1-60558-408-9},
 location = {Philadelphia, Pennsylvania},
 pages = {8:1--8:12},
 articleno = {8},
 numpages = {12},
 url = {http://doi.acm.org/10.1145/1555619.1555630},
 doi = {10.1145/1555619.1555630},
 acmid = {1555630},
 publisher = {ACM},
 address = {New York, NY, USA},
 keywords = {design science, nested problems, practical problems, regulative cycle},
}

@article{McGill:2012:LPP:2133797.2133801,
 author = {McGill, Monica M.},
 title = {Learning to Program with Personal Robots: Influences on Student Motivation},
 journal = {Trans. Comput. Educ.},
 issue_date = {March 2012},
 volume = {12},
 number = {1},
 month = mar,
 year = {2012},
 issn = {1946-6226},
 pages = {4:1--4:32},
 articleno = {4},
 numpages = {32},
 url = {http://doi.acm.org/10.1145/2133797.2133801},
 doi = {10.1145/2133797.2133801},
 acmid = {2133801},
 publisher = {ACM},
 address = {New York, NY, USA},
 keywords = {CS0, CS1, Motivation, Myro, curriculum, education, personal robots, programming},
}

@inproceedings{Edelson:2004:ILD:1149126.1149145,
 author = {Edelson, Daniel C. and Joseph, Diana M.},
 title = {The Interest-driven Learning Design Framework: Motivating Learning Through Usefulness},
 booktitle = {Proceedings of the 6th International Conference on Learning Sciences},
 series = {ICLS '04},
 year = {2004},
 location = {Santa Monica, California},
 pages = {166--173},
 numpages = {8},
 url = {http://dl.acm.org/citation.cfm?id=1149126.1149145},
 acmid = {1149145},
 publisher = {International Society of the Learning Sciences},
}

@inproceedings{Tolentino:2019:GPI:3306500.3306527,
 author = {Tolentino, Analyn N. and Roleda, Lydia S.},
 title = {Gamified Physics Instruction in a Reformatory Classroom Context},
 booktitle = {Proceedings of the 10th International Conference on E-Education, E-Business, E-Management and E-Learning},
 series = {IC4E '19},
 year = {2019},
 isbn = {978-1-4503-6602-1},
 location = {Tokyo, Japan},
 pages = {135--140},
 numpages = {6},
 url = {http://doi.acm.org/10.1145/3306500.3306527},
 doi = {10.1145/3306500.3306527},
 acmid = {3306527},
 publisher = {ACM},
 address = {New York, NY, USA},
 keywords = {achievement, gamification, motivation, physics},
}

@inproceedings{Slaughter:1996:AUE:238857.372762,
 author = {Slaughter, Sandra},
 title = {Assessing the Use and Effectiveness of Metrics in Information Systems: A Case Study},
 booktitle = {Proceedings of the 1996 ACM SIGCPR/SIGMIS Conference on Computer Personnel Research},
 series = {SIGCPR '96},
 year = {1996},
 isbn = {0-89791-782-0},
 location = {Denver, Colorado, USA},
 pages = {384--391},
 numpages = {8},
 url = {http://doi.acm.org/10.1145/238857.372762},
 doi = {10.1145/238857.372762},
 acmid = {372762},
 publisher = {ACM},
 address = {New York, NY, USA},
}

@inproceedings{Mekler:2013:PLL:2583008.2583017,
 author = {Mekler, Elisa D. and Br\"{u}hlmann, Florian and Opwis, Klaus and Tuch, Alexandre N.},
 title = {Do Points, Levels and Leaderboards Harm Intrinsic Motivation?: An Empirical Analysis of Common Gamification Elements},
 booktitle = {Proceedings of the First International Conference on Gameful Design, Research, and Applications},
 series = {Gamification '13},
 year = {2013},
 isbn = {978-1-4503-2815-9},
 location = {Toronto, Ontario, Canada},
 pages = {66--73},
 numpages = {8},
 url = {http://doi.acm.org/10.1145/2583008.2583017},
 doi = {10.1145/2583008.2583017},
 acmid = {2583017},
 publisher = {ACM},
 address = {New York, NY, USA},
 keywords = {game design elements, gameful design, gamification, motivation},
}

@inproceedings{Lustrek:2015:RLA:2826165.2826226,
 author = {Lu\v{s}trek, Mitja and Cvetkovi\'{c}, Bo\v{z}idara and Mirchevska, Violeta and Kafal\&iota;, \"{O}zg\"{u}r and Romero, Alfonso E. and Stathis, Kostas},
 title = {Recognising Lifestyle Activities of Diabetic Patients with a Smartphone},
 booktitle = {Proceedings of the 9th International Conference on Pervasive Computing Technologies for Healthcare},
 series = {PervasiveHealth '15},
 year = {2015},
 isbn = {978-1-63190-045-7},
 location = {Istanbul, Turkey},
 pages = {317--324},
 numpages = {8},
 url = {http://dl.acm.org/citation.cfm?id=2826165.2826226},
 acmid = {2826226},
 publisher = {ICST (Institute for Computer Sciences, Social-Informatics and Telecommunications Engineering)},
 address = {ICST, Brussels, Belgium, Belgium},
 keywords = {activity recognition, diabetes, lifestyle, sensors, smartphone},
}

@inproceedings{Karush:1969:TAM:961053.961103,
 author = {Karush, Arnold D.},
 title = {Two Approaches for Measuring the Performance of Time-sharing Systems},
 booktitle = {Proceedings of the Second Symposium on Operating Systems Principles},
 series = {SOSP '69},
 year = {1969},
 location = {Princeton, New Jersey},
 pages = {159--166},
 numpages = {8},
 url = {http://doi.acm.org/10.1145/961053.961103},
 doi = {10.1145/961053.961103},
 acmid = {961103},
 publisher = {ACM},
 address = {New York, NY, USA},
}

@inproceedings{Chow:2005:MMC:1149293.1149303,
 author = {Chow, Angela and Law, Nancy},
 title = {Measuring Motivation in Collaborative Inquiry-based Learning Contexts},
 booktitle = {Proceedings of th 2005 Conference on Computer Support for Collaborative Learning: Learning 2005: The Next 10 Years!},
 series = {CSCL '05},
 year = {2005},
 isbn = {0-8058-5782-6},
 location = {Taipei, Taiwan},
 pages = {68--75},
 numpages = {8},
 url = {http://dl.acm.org/citation.cfm?id=1149293.1149303},
 acmid = {1149303},
 publisher = {International Society of the Learning Sciences},
 keywords = {collaborative inquiry-based project work, motivation, scale development},
}

@inproceedings{Abad:2018:TSS:3210459.3214170,
 author = {Abad, Zahra Shakeri Hossein and Noaeen, Mohammad and Zowghi, Didar and Far, Behrouz H. and Barker, Ken},
 title = {Two Sides of the Same Coin: Software Developers' Perceptions of Task Switching and Task Interruption},
 booktitle = {Proceedings of the 22Nd International Conference on Evaluation and Assessment in Software Engineering 2018},
 series = {EASE'18},
 year = {2018},
 isbn = {978-1-4503-6403-4},
 location = {Christchurch, New Zealand},
 pages = {175--180},
 numpages = {6},
 url = {http://doi.acm.org/10.1145/3210459.3214170},
 doi = {10.1145/3210459.3214170},
 acmid = {3214170},
 publisher = {ACM},
 address = {New York, NY, USA},
 keywords = {Task switching, performance, stand-up meeting, task interruption},
}

@inproceedings{Dang:2017:DDO:3051457.3051470,
 author = {Dang, Steven and Yudelson, Michael and Koedinger, Kenneth R.},
 title = {Detecting Diligence with Online Behaviors on Intelligent Tutoring Systems},
 booktitle = {Proceedings of the Fourth (2017) ACM Conference on Learning @ Scale},
 series = {L@S '17},
 year = {2017},
 isbn = {978-1-4503-4450-0},
 location = {Cambridge, Massachusetts, USA},
 pages = {51--59},
 numpages = {9},
 url = {http://doi.acm.org/10.1145/3051457.3051470},
 doi = {10.1145/3051457.3051470},
 acmid = {3051470},
 publisher = {ACM},
 address = {New York, NY, USA},
 keywords = {diligence, intelligent tutoring systems, learning analytics, measurement, motivation, noncognitive factors, online behaviors, self-control, self-regulated learning},
}

@inproceedings{Shell:2016:SIC:2839509.2844606,
 author = {Shell, Duane F. and Soh, Leen-Kiat and Flanigan, Abraham E. and Peteranetz, Markeya S.},
 title = {Students' Initial Course Motivation and Their Achievement and Retention in College CS1 Courses},
 booktitle = {Proceedings of the 47th ACM Technical Symposium on Computing Science Education},
 series = {SIGCSE '16},
 year = {2016},
 isbn = {978-1-4503-3685-7},
 location = {Memphis, Tennessee, USA},
 pages = {639--644},
 numpages = {6},
 url = {http://doi.acm.org/10.1145/2839509.2844606},
 doi = {10.1145/2839509.2844606},
 acmid = {2844606},
 publisher = {ACM},
 address = {New York, NY, USA},
 keywords = {cs1 achievement., goal orientation, retention, student motivation},
}

@inproceedings{Krause:2015:PGC:2724660.2724665,
 author = {Krause, Markus and Mogalle, Marc and Pohl, Henning and Williams, Joseph Jay},
 title = {A Playful Game Changer: Fostering Student Retention in Online Education with Social Gamification},
 booktitle = {Proceedings of the Second (2015) ACM Conference on Learning @ Scale},
 series = {L@S '15},
 year = {2015},
 isbn = {978-1-4503-3411-2},
 location = {Vancouver, BC, Canada},
 pages = {95--102},
 numpages = {8},
 url = {http://doi.acm.org/10.1145/2724660.2724665},
 doi = {10.1145/2724660.2724665},
 acmid = {2724665},
 publisher = {ACM},
 address = {New York, NY, USA},
 keywords = {gamification, learning at scale, massive open online courses, mooc, social engagement},
}

@inproceedings{Germanakos:2018:ESI:3213586.3226195,
 author = {Germanakos, Panagiotis and Andreou, Panayiotis and Mourlas, Constantinos},
 title = {Equilibrium State of Interaction: Maximizing User Experience Through Optimum Adaptivity States},
 booktitle = {Adjunct Publication of the 26th Conference on User Modeling, Adaptation and Personalization},
 series = {UMAP '18},
 year = {2018},
 isbn = {978-1-4503-5784-5},
 location = {Singapore, Singapore},
 pages = {57--62},
 numpages = {6},
 url = {http://doi.acm.org/10.1145/3213586.3226195},
 doi = {10.1145/3213586.3226195},
 acmid = {3226195},
 publisher = {ACM},
 address = {New York, NY, USA},
 keywords = {adaptation, equilibria, game theory, personalization, user experience, user modelling},
}

@inproceedings{Nakayama:2007:PTA:1235000.1235039,
 author = {Nakayama, Makoto and Sutcliffe, Norma G.},
 title = {Perspective-driven IT Talent Acquisition},
 booktitle = {Proceedings of the 2007 ACM SIGMIS CPR Conference on Computer Personnel Research: The Global Information Technology Workforce},
 series = {SIGMIS CPR '07},
 year = {2007},
 isbn = {978-1-59593-641-7},
 location = {St. Louis, Missouri, USA},
 pages = {171--178},
 numpages = {8},
 url = {http://doi.acm.org/10.1145/1235000.1235039},
 doi = {10.1145/1235000.1235039},
 acmid = {1235039},
 publisher = {ACM},
 address = {New York, NY, USA},
 keywords = {IT personnel evaluation, IT skills, perspective, taxonomy},
}

@inproceedings{Peteranetz:2018:EIC:3159450.3159459,
 author = {Peteranetz, Markeya S. and Wang, Shiyuan and Shell, Duane F. and Flanigan, Abraham E. and Soh, Leen-Kiat},
 title = {Examining the Impact of Computational Creativity Exercises on College Computer Science Students' Learning, Achievement, Self-Efficacy, and Creativity},
 booktitle = {Proceedings of the 49th ACM Technical Symposium on Computer Science Education},
 series = {SIGCSE '18},
 year = {2018},
 isbn = {978-1-4503-5103-4},
 location = {Baltimore, Maryland, USA},
 pages = {155--160},
 numpages = {6},
 url = {http://doi.acm.org/10.1145/3159450.3159459},
 doi = {10.1145/3159450.3159459},
 acmid = {3159459},
 publisher = {ACM},
 address = {New York, NY, USA},
 keywords = {computational creativity, computational thinking, computer science education},
}

@inproceedings{Bench-Capon:1987:SPM:41735.41756,
 author = {Bench-Capon, T. J. M.},
 title = {Support for Policy Makers: Formulating Legislation with the Aid of Logical Models},
 booktitle = {Proceedings of the 1st International Conference on Artificial Intelligence and Law},
 series = {ICAIL '87},
 year = {1987},
 isbn = {0-89791-230-6},
 location = {Boston, Massachusetts, USA},
 pages = {181--189},
 numpages = {9},
 url = {http://doi.acm.org/10.1145/41735.41756},
 doi = {10.1145/41735.41756},
 acmid = {41756},
 publisher = {ACM},
 address = {New York, NY, USA},
}

@inproceedings{Lyra:2013:TPS:2499149.2499163,
 author = {Lyra, Olga and Karapanos, Evangelos and Gouveia, R\'{u}ben and Barreto, Mary and Nisi, Valentina and Nunes, Nuno J. and Zimmerman, John and Forlizzi, Jodi},
 title = {Towards Persuasive Sociometric Technologies for Inclusive Educational Settings},
 booktitle = {Proceedings of the Biannual Conference of the Italian Chapter of SIGCHI},
 series = {CHItaly '13},
 year = {2013},
 isbn = {978-1-4503-2061-0},
 location = {Trento, Italy},
 pages = {10:1--10:9},
 articleno = {10},
 numpages = {9},
 url = {http://doi.acm.org/10.1145/2499149.2499163},
 doi = {10.1145/2499149.2499163},
 acmid = {2499163},
 publisher = {ACM},
 address = {New York, NY, USA},
 keywords = {persuasive sociometric technologies, social inclusion},
}

@inproceedings{Piki:2017:LEM:3136907.3136927,
 author = {Piki, Andriani},
 title = {Learner Engagement in Mobile Computer-supported Collaborative Learning Contexts: An Integrative Framework},
 booktitle = {Proceedings of the 16th World Conference on Mobile and Contextual Learning},
 series = {mLearn 2017},
 year = {2017},
 isbn = {978-1-4503-5255-0},
 location = {Larnaca, Cyprus},
 pages = {24:1--24:7},
 articleno = {24},
 numpages = {7},
 url = {http://doi.acm.org/10.1145/3136907.3136927},
 doi = {10.1145/3136907.3136927},
 acmid = {3136927},
 publisher = {ACM},
 address = {New York, NY, USA},
 keywords = {collaborative learning, integrative framework, learner engagement, mobile technology, theoretical exploration},
}

@inproceedings{Min:2019:SLP:3338147.3338161,
 author = {Min, Lan and Foon, Hew Khe},
 title = {Self-Regulated Learning Process in MOOCs: Examining the Indicators of Behavioral, Emotional, and Cognitive Engagement},
 booktitle = {Proceedings of the 2019 4th International Conference on Distance Education and Learning},
 series = {ICDEL 2019},
 year = {2019},
 isbn = {978-1-4503-6265-8},
 location = {Shanghai, China},
 pages = {99--105},
 numpages = {7},
 url = {http://doi.acm.org/10.1145/3338147.3338161},
 doi = {10.1145/3338147.3338161},
 acmid = {3338161},
 publisher = {ACM},
 address = {New York, NY, USA},
 keywords = {Engagement, Interview, Massive open online course (MOOC), Self-regulated learning},
}

@inproceedings{Beheshitha:2016:RAG:2883851.2883904,
 author = {Beheshitha, Sanam Shirazi and Hatala, Marek and Ga\v{s}evi\'{c}, Dragan and Joksimovi\'{c}, Sre\'{c}ko},
 title = {The Role of Achievement Goal Orientations when Studying Effect of Learning Analytics Visualizations},
 booktitle = {Proceedings of the Sixth International Conference on Learning Analytics \& Knowledge},
 series = {LAK '16},
 year = {2016},
 isbn = {978-1-4503-4190-5},
 location = {Edinburgh, United Kingdom},
 pages = {54--63},
 numpages = {10},
 url = {http://doi.acm.org/10.1145/2883851.2883904},
 doi = {10.1145/2883851.2883904},
 acmid = {2883904},
 publisher = {ACM},
 address = {New York, NY, USA},
 keywords = {achievement goal orientation, dashboards, learning analytics, online discussions, visualizations},
}

@inproceedings{Lalle:2018:PSA:3237383.3237881,
 author = {Lall{\'e}, S{\'e}bastien and Conati, Cristina and Azevedo, Roger},
 title = {Prediction of Student Achievement Goals and Emotion Valence During Interaction with Pedagogical Agents},
 booktitle = {Proceedings of the 17th International Conference on Autonomous Agents and MultiAgent Systems},
 series = {AAMAS '18},
 year = {2018},
 location = {Stockholm, Sweden},
 pages = {1222--1231},
 numpages = {10},
 url = {http://dl.acm.org/citation.cfm?id=3237383.3237881},
 acmid = {3237881},
 publisher = {International Foundation for Autonomous Agents and Multiagent Systems},
 address = {Richland, SC},
 keywords = {achievement goals, classification, emotion detection, eye tracking, intelligent learning environment, metatutor, pedagogical agents, student modeling},
}

@inproceedings{Balaam:2010:EAT:1753326.1753568,
 author = {Balaam, Madeline and Fitzpatrick, Geraldine and Good, Judith and Luckin, Rosemary},
 title = {Exploring Affective Technologies for the Classroom with the Subtle Stone},
 booktitle = {Proceedings of the SIGCHI Conference on Human Factors in Computing Systems},
 series = {CHI '10},
 year = {2010},
 isbn = {978-1-60558-929-9},
 location = {Atlanta, Georgia, USA},
 pages = {1623--1632},
 numpages = {10},
 url = {http://doi.acm.org/10.1145/1753326.1753568},
 doi = {10.1145/1753326.1753568},
 acmid = {1753568},
 publisher = {ACM},
 address = {New York, NY, USA},
 keywords = {affect, affective technologies, classroom, emotion, emotional communication, learning, subtle stone},
}

@inproceedings{Folsom-Kovarik:2010:ITQ:1878537.1878565,
 author = {Folsom-Kovarik, Jeremiah T. and Schatz, Sae and Sukthankar, Gita and Nicholson, Denise},
 title = {What Information Does This Question Convey?: Leveraging Help-seeking Behavior for Improved Modeling in a Simulation-based Intelligent Tutor},
 booktitle = {Proceedings of the 2010 Spring Simulation Multiconference},
 series = {SpringSim '10},
 year = {2010},
 isbn = {978-1-4503-0069-8},
 location = {Orlando, Florida},
 pages = {26:1--26:8},
 articleno = {26},
 numpages = {8},
 url = {https://doi.org/10.1145/1878537.1878565},
 doi = {10.1145/1878537.1878565},
 acmid = {1878565},
 publisher = {Society for Computer Simulation International},
 address = {San Diego, CA, USA},
 keywords = {help-seeking, inquiry modeling, intelligent tutoring systems, simulation-based training, student modeling},
}

@inproceedings{Halbrugge:2016:PUE:2971648.2971667,
 author = {Halbr\"{u}gge, Marc and Quade, Michael and Engelbrecht, Klaus-Peter and M\"{o}ller, Sebastian and Albayrak, Sahin},
 title = {Predicting User Error for Ambient Systems by Integrating Model-based UI Development and Cognitive Modeling},
 booktitle = {Proceedings of the 2016 ACM International Joint Conference on Pervasive and Ubiquitous Computing},
 series = {UbiComp '16},
 year = {2016},
 isbn = {978-1-4503-4461-6},
 location = {Heidelberg, Germany},
 pages = {1028--1039},
 numpages = {12},
 url = {http://doi.acm.org/10.1145/2971648.2971667},
 doi = {10.1145/2971648.2971667},
 acmid = {2971667},
 publisher = {ACM},
 address = {New York, NY, USA},
 keywords = {automated usability evaluation, cognitive user model, human error, model-based engineering, smart home},
}

@article{Taghavi:2017:RCF:3107013.3083726,
 author = {Taghavi, Atefeh and Woo, Carson},
 title = {The Role Clarity Framework to Improve Requirements Gathering},
 journal = {ACM Trans. Manage. Inf. Syst.},
 issue_date = {August 2017},
 volume = {8},
 number = {2-3},
 month = jun,
 year = {2017},
 issn = {2158-656X},
 pages = {9:1--9:16},
 articleno = {9},
 numpages = {16},
 url = {http://doi.acm.org/10.1145/3083726},
 doi = {10.1145/3083726},
 acmid = {3083726},
 publisher = {ACM},
 address = {New York, NY, USA},
 keywords = {Organizational role, Role Clarity Framework, business activities, changes in requirements, communication between analysts and users, principles, role clarity},
}

@inproceedings{Fan:2016:DRO:2930674.2930690,
 author = {Fan, Min and Antle, Alissa N. and Cramer, Emily S.},
 title = {Design Rationale: Opportunities and Recommendations for Tangible Reading Systems for Children},
 booktitle = {Proceedings of the The 15th International Conference on Interaction Design and Children},
 series = {IDC '16},
 year = {2016},
 isbn = {978-1-4503-4313-8},
 location = {Manchester, United Kingdom},
 pages = {101--112},
 numpages = {12},
 url = {http://doi.acm.org/10.1145/2930674.2930690},
 doi = {10.1145/2930674.2930690},
 acmid = {2930690},
 publisher = {ACM},
 address = {New York, NY, USA},
 keywords = {Tangible user interfaces, children, design rationale, dyslexia, literacy, reading, spelling},
}

@inproceedings{Zurek:2013:MTI:2514601.2514619,
 author = {Zurek, Tomasz and Araszkiewicz, Micha\l},
 title = {Modeling Teleological Interpretation},
 booktitle = {Proceedings of the Fourteenth International Conference on Artificial Intelligence and Law},
 series = {ICAIL '13},
 year = {2013},
 isbn = {978-1-4503-2080-1},
 location = {Rome, Italy},
 pages = {160--168},
 numpages = {9},
 url = {http://doi.acm.org/10.1145/2514601.2514619},
 doi = {10.1145/2514601.2514619},
 acmid = {2514619},
 publisher = {ACM},
 address = {New York, NY, USA},
 keywords = {argumentation, reasoning, teleological interpretation},
}

@inproceedings{Diefenbach:2014:HHI:2598510.2598549,
 author = {Diefenbach, Sarah and Kolb, Nina and Hassenzahl, Marc},
 title = {The 'Hedonic' in Human-computer Interaction: History, Contributions, and Future Research Directions},
 booktitle = {Proceedings of the 2014 Conference on Designing Interactive Systems},
 series = {DIS '14},
 year = {2014},
 isbn = {978-1-4503-2902-6},
 location = {Vancouver, BC, Canada},
 pages = {305--314},
 numpages = {10},
 url = {http://doi.acm.org/10.1145/2598510.2598549},
 doi = {10.1145/2598510.2598549},
 acmid = {2598549},
 publisher = {ACM},
 address = {New York, NY, USA},
 keywords = {antecedents, assessment, consequences, contributions, correlates, definitions, hedonic, review},
}

@inproceedings{Babori:2019:RMC:3320326.3320349,
 author = {Babori, Abdelghani and Fassi, Hicham Fihri and Zaid, Abdelkarim},
 title = {Research on MOOCs: Current Trends and Taking into Account of Content},
 booktitle = {Proceedings of the 2Nd International Conference on Networking, Information Systems \& Security},
 series = {NISS19},
 year = {2019},
 isbn = {978-1-4503-6645-8},
 location = {Rabat, Morocco},
 pages = {17:1--17:9},
 articleno = {17},
 numpages = {9},
 url = {http://doi.acm.org/10.1145/3320326.3320349},
 doi = {10.1145/3320326.3320349},
 acmid = {3320349},
 publisher = {ACM},
 address = {New York, NY, USA},
 keywords = {MOOC, content, didactics, systematic review},
}

@inproceedings{Reagle:2007:IAL:1296951.1296967,
 author = {Reagle,Jr., Joseph M.},
 title = {Do As I Do:: Authorial Leadership in Wikipedia},
 booktitle = {Proceedings of the 2007 International Symposium on Wikis},
 series = {WikiSym '07},
 year = {2007},
 isbn = {978-1-59593-861-9},
 location = {Montreal, Quebec, Canada},
 pages = {143--156},
 numpages = {14},
 url = {http://doi.acm.org/10.1145/1296951.1296967},
 doi = {10.1145/1296951.1296967},
 acmid = {1296967},
 publisher = {ACM},
 address = {New York, NY, USA},
 keywords = {Wikipedia, authorial, benevolent dictator, leadership},
}

@inproceedings{Trafton:2014:LUC:2556288.2557422,
 author = {Trafton, J. Gregory and Ratwani, Raj M.},
 title = {The Law of Unintended Consequences: The Case of External Subgoal Support},
 booktitle = {Proceedings of the SIGCHI Conference on Human Factors in Computing Systems},
 series = {CHI '14},
 year = {2014},
 isbn = {978-1-4503-2473-1},
 location = {Toronto, Ontario, Canada},
 pages = {1767--1776},
 numpages = {10},
 url = {http://doi.acm.org/10.1145/2556288.2557422},
 doi = {10.1145/2556288.2557422},
 acmid = {2557422},
 publisher = {ACM},
 address = {New York, NY, USA},
 keywords = {computer human interaction, error prediction, interface subgoal support, progress tracking},
}

@inproceedings{Trafton:2014:LUC:2611528.2557422,
 author = {Trafton, J. Gregory and Ratwani, Raj M.},
 title = {The Law of Unintended Consequences: The Case of External Subgoal Support},
 booktitle = {Proceedings of the 32Nd Annual ACM Conference on Human Factors in Computing Systems},
 series = {CHI '14},
 year = {2014},
 isbn = {978-1-4503-2473-1},
 location = {Toronto, Ontario, Canada},
 pages = {1767--1776},
 numpages = {10},
 url = {http://doi.acm.org/10.1145/2556288.2557422},
 doi = {10.1145/2556288.2557422},
 acmid = {2557422},
 publisher = {ACM},
 address = {New York, NY, USA},
 keywords = {computer human interaction, error prediction, interface subgoal support, progress tracking},
}

@article{Khurana:2018:GDR:3301777.3287063,
 author = {Khurana, Rushil and Ahuja, Karan and Yu, Zac and Mankoff, Jennifer and Harrison, Chris and Goel, Mayank},
 title = {GymCam: Detecting, Recognizing and Tracking Simultaneous Exercises in Unconstrained Scenes},
 journal = {Proc. ACM Interact. Mob. Wearable Ubiquitous Technol.},
 issue_date = {December 2018},
 volume = {2},
 number = {4},
 month = dec,
 year = {2018},
 issn = {2474-9567},
 pages = {185:1--185:17},
 articleno = {185},
 numpages = {17},
 url = {http://doi.acm.org/10.1145/3287063},
 doi = {10.1145/3287063},
 acmid = {3287063},
 publisher = {ACM},
 address = {New York, NY, USA},
 keywords = {computer vision, exercise tracking, health sensing, single-point sensing},
}

@inproceedings{Valkanas:2013:LWF:2505515.2505572,
 author = {Valkanas, George and Gunopulos, Dimitrios},
 title = {How the Live Web Feels About Events},
 booktitle = {Proceedings of the 22Nd ACM International Conference on Information \& Knowledge Management},
 series = {CIKM '13},
 year = {2013},
 isbn = {978-1-4503-2263-8},
 location = {San Francisco, California, USA},
 pages = {639--648},
 numpages = {10},
 url = {http://doi.acm.org/10.1145/2505515.2505572},
 doi = {10.1145/2505515.2505572},
 acmid = {2505572},
 publisher = {ACM},
 address = {New York, NY, USA},
 keywords = {emotions, event identification, live web, sentiment analysis},
}

@inproceedings{Liang:2019:PRM:3320435.3320455,
 author = {Liang, Yu and Willemsen, Martijn C.},
 title = {Personalized Recommendations for Music Genre Exploration},
 booktitle = {Proceedings of the 27th ACM Conference on User Modeling, Adaptation and Personalization},
 series = {UMAP '19},
 year = {2019},
 isbn = {978-1-4503-6021-0},
 location = {Larnaca, Cyprus},
 pages = {276--284},
 numpages = {9},
 url = {http://doi.acm.org/10.1145/3320435.3320455},
 doi = {10.1145/3320435.3320455},
 acmid = {3320455},
 publisher = {ACM},
 address = {New York, NY, USA},
 keywords = {content-based music recommendation, exploration, personalization, preference developing, user goals, user-centric evaluation},
}

@inproceedings{Zarifis:2019:SRA:3292522.3326038,
 author = {Zarifis, Alex},
 title = {The Six Relative Advantages in Multichannel Retail for Three-Dimensional Virtual Worlds and Two-Dimensional Websites},
 booktitle = {Proceedings of the 10th ACM Conference on Web Science},
 series = {WebSci '19},
 year = {2019},
 isbn = {978-1-4503-6202-3},
 location = {Boston, Massachusetts, USA},
 pages = {363--372},
 numpages = {10},
 url = {http://doi.acm.org/10.1145/3292522.3326038},
 doi = {10.1145/3292522.3326038},
 acmid = {3326038},
 publisher = {ACM},
 address = {New York, NY, USA},
 keywords = {e-commerce, multichannel, trust, virtual reality, virtual worlds},
}

@inproceedings{Cristani:2017:CTN:3086512.3086517,
 author = {Cristani, Matteo and Olivieri, Francesco and Rotolo, Antonino},
 title = {Changes to Temporary Norms},
 booktitle = {Proceedings of the 16th Edition of the International Conference on Articial Intelligence and Law},
 series = {ICAIL '17},
 year = {2017},
 isbn = {978-1-4503-4891-1},
 location = {London, United Kingdom},
 pages = {39--48},
 numpages = {10},
 url = {http://doi.acm.org/10.1145/3086512.3086517},
 doi = {10.1145/3086512.3086517},
 acmid = {3086517},
 publisher = {ACM},
 address = {New York, NY, USA},
 keywords = {norm change modelling, representation of temporary norms, temporal defeasible logic},
}

@inproceedings{Oulasvirta:2016:HRP:2858036.2858283,
 author = {Oulasvirta, Antti and Hornb{\ae}k, Kasper},
 title = {HCI Research As Problem-Solving},
 booktitle = {Proceedings of the 2016 CHI Conference on Human Factors in Computing Systems},
 series = {CHI '16},
 year = {2016},
 isbn = {978-1-4503-3362-7},
 location = {San Jose, California, USA},
 pages = {4956--4967},
 numpages = {12},
 url = {http://doi.acm.org/10.1145/2858036.2858283},
 doi = {10.1145/2858036.2858283},
 acmid = {2858283},
 publisher = {ACM},
 address = {New York, NY, USA},
 keywords = {Larry Laudan, human-computer interaction, problem-solving, research problem, scientific progress},
}

@inproceedings{Doyle:2018:DDG:3240925.3240982,
 author = {Doyle, Julie and Murphy, Emma and Hannigan, Caoimhe and Smith, Suzanne and Bettencourt-Silva, Joao and Dinsmore, John},
 title = {Designing Digital Goal Support Systems for Multimorbidity Self-Management: Insights from Older Adults and Their Care Network},
 booktitle = {Proceedings of the 12th EAI International Conference on Pervasive Computing Technologies for Healthcare},
 series = {PervasiveHealth '18},
 year = {2018},
 isbn = {978-1-4503-6450-8},
 location = {New York, NY, USA},
 pages = {168--177},
 numpages = {10},
 url = {http://doi.acm.org/10.1145/3240925.3240982},
 doi = {10.1145/3240925.3240982},
 acmid = {3240982},
 publisher = {ACM},
 address = {New York, NY, USA},
 keywords = {Ageing, Digital Behaviour Change, Health and Wellbeing, Multimorbidity},
}

@article{Sutcliffe:2000:EUR:353485.353488,
 author = {Sutcliffe, Alistair},
 title = {On the Effective Use and Reuse of HCI Knowledge},
 journal = {ACM Trans. Comput.-Hum. Interact.},
 issue_date = {June 2000},
 volume = {7},
 number = {2},
 month = jun,
 year = {2000},
 issn = {1073-0516},
 pages = {197--221},
 numpages = {25},
 url = {http://doi.acm.org/10.1145/353485.353488},
 doi = {10.1145/353485.353488},
 acmid = {353488},
 publisher = {ACM},
 address = {New York, NY, USA},
}

@article{Anderson:2018:SAM:3236498.3214261,
 author = {Anderson, Christoph and H\"{u}bener, Isabel and Seipp, Ann-Kathrin and Ohly, Sandra and David, Klaus and Pejovic, Veljko},
 title = {A Survey of Attention Management Systems in Ubiquitous Computing Environments},
 journal = {Proc. ACM Interact. Mob. Wearable Ubiquitous Technol.},
 issue_date = {June 2018},
 volume = {2},
 number = {2},
 month = jul,
 year = {2018},
 issn = {2474-9567},
 pages = {58:1--58:27},
 articleno = {58},
 numpages = {27},
 url = {http://doi.acm.org/10.1145/3214261},
 doi = {10.1145/3214261},
 acmid = {3214261},
 publisher = {ACM},
 address = {New York, NY, USA},
 keywords = {Attention Management, Cognition, Interruption Management, Ubiquitous Computing},
}

