@inproceedings{Panteli:2014:PSC:2631488.2631492,
 author = {Panteli, Niki and Lee, Joyce Y.H. and Bulow, Anne Marie},
 title = {Playing the 'Silence' Card: Email Affordances in International Inter-firm Interactions},
 booktitle = {Proceedings of the 5th ACM International Conference on Collaboration Across Boundaries: Culture, Distance \&\#38; Technology},
 series = {CABS '14},
 year = {2014},
 isbn = {978-1-4503-2557-8},
 location = {Kyoto, Japan},
 pages = {63--63},
 numpages = {1},
 url = {http://doi.acm.org/10.1145/2631488.2631492},
 doi = {10.1145/2631488.2631492},
 acmid = {2631492},
 publisher = {ACM},
 address = {New York, NY, USA},
 keywords = {affordances theory, email, language, lingua-franca},
}

@inproceedings{Tang:2018:GBH:3265689.3265695,
 author = {Tang, Jian and Zhang, Ping},
 title = {Gamification and Basic Human Needs in Information Technology Design: A Literature Analysis},
 booktitle = {Proceedings of the 3rd International Conference on Crowd Science and Engineering},
 series = {ICCSE'18},
 year = {2018},
 isbn = {978-1-4503-6587-1},
 location = {Singapore, Singapore},
 pages = {6:1--6:6},
 articleno = {6},
 numpages = {6},
 url = {http://doi.acm.org/10.1145/3265689.3265695},
 doi = {10.1145/3265689.3265695},
 acmid = {3265695},
 publisher = {ACM},
 address = {New York, NY, USA},
 keywords = {Gamification, basic human needs, literature analysis, motivational affordance theory},
}

@inproceedings{Balint:2013:MVA:2484920.2485117,
 author = {Balint, John T. and Allbeck, Jan M.},
 title = {MacGyver Virtual Agents: Using Ontologies and Hierarchies for Resourceful Virtual Human Decision-making},
 booktitle = {Proceedings of the 2013 International Conference on Autonomous Agents and Multi-agent Systems},
 series = {AAMAS '13},
 year = {2013},
 isbn = {978-1-4503-1993-5},
 location = {St. Paul, MN, USA},
 pages = {1153--1154},
 numpages = {2},
 url = {http://dl.acm.org/citation.cfm?id=2484920.2485117},
 acmid = {2485117},
 publisher = {International Foundation for Autonomous Agents and Multiagent Systems},
 address = {Richland, SC},
 keywords = {education, modeling cognition and socio-cultural behavior, training, virtual character modeling and animation in games, virtual environments},
}

@inproceedings{Kim:2010:AFM:2433508.2433604,
 author = {Kim, Namhun and Rothrock, Ling and Joo, Jaekoo and Wysk, Richard A.},
 title = {An Affordance-based Formalism for Modeling Human-involvement in Complex Systems for Prospective Control},
 booktitle = {Proceedings of the Winter Simulation Conference},
 series = {WSC '10},
 year = {2010},
 isbn = {978-1-4244-9864-2},
 location = {Baltimore, Maryland},
 pages = {811--823},
 numpages = {13},
 url = {http://dl.acm.org/citation.cfm?id=2433508.2433604},
 acmid = {2433604},
 publisher = {Winter Simulation Conference},
}

@inproceedings{Matsuyama:2007:FS:1278280.1278287,
 author = {Matsuyama, Shinya and Yagisawa, Masaki and Inokuchi, Kenji and Kawamura, Hiroaki and Kuze, Shozo and Nabeshima, Hisakazu and Hirahara, Makoto and Yamashita, Koji and Wakatsuki, Tomohiro and Watanabe, Mitsuaki and Kanaya, Ichi},
 title = {Fuwapica Suite},
 booktitle = {ACM SIGGRAPH 2007 Emerging Technologies},
 series = {SIGGRAPH '07},
 year = {2007},
 isbn = {978-1-4503-1824-2},
 location = {San Diego, California},
 articleno = {6},
 url = {http://doi.acm.org/10.1145/1278280.1278287},
 doi = {10.1145/1278280.1278287},
 acmid = {1278287},
 publisher = {ACM},
 address = {New York, NY, USA},
}

@inproceedings{Shi:2011:ISI:1940761.1940839,
 author = {Shi, Pan and Xu, Heng and Zhang, Xiaolong (Luke)},
 title = {Informing Security Indicator Design in Web Browsers},
 booktitle = {Proceedings of the 2011 iConference},
 series = {iConference '11},
 year = {2011},
 isbn = {978-1-4503-0121-3},
 location = {Seattle, Washington, USA},
 pages = {569--575},
 numpages = {7},
 url = {http://doi.acm.org/10.1145/1940761.1940839},
 doi = {10.1145/1940761.1940839},
 acmid = {1940839},
 publisher = {ACM},
 address = {New York, NY, USA},
 keywords = {browser interface, extended validation (EV) certificate indicators, usable security, user evaluation},
}

@inproceedings{Takeuchi:2014:WKF:2611780.2581286,
 author = {Takeuchi, Yuichiro and You, Jean},
 title = {Whirlstools: Kinetic Furniture with Adaptive Affordance},
 booktitle = {Proceedings of the Extended Abstracts of the 32Nd Annual ACM Conference on Human Factors in Computing Systems},
 series = {CHI EA '14},
 year = {2014},
 isbn = {978-1-4503-2474-8},
 location = {Toronto, Ontario, Canada},
 pages = {1885--1890},
 numpages = {6},
 url = {http://doi.acm.org/10.1145/2559206.2581286},
 doi = {10.1145/2559206.2581286},
 acmid = {2581286},
 publisher = {ACM},
 address = {New York, NY, USA},
 keywords = {affordance, kinetic architecture, kinetic furniture},
}

@inproceedings{Takeuchi:2014:WKF:2559206.2581286,
 author = {Takeuchi, Yuichiro and You, Jean},
 title = {Whirlstools: Kinetic Furniture with Adaptive Affordance},
 booktitle = {CHI '14 Extended Abstracts on Human Factors in Computing Systems},
 series = {CHI EA '14},
 year = {2014},
 isbn = {978-1-4503-2474-8},
 location = {Toronto, Ontario, Canada},
 pages = {1885--1890},
 numpages = {6},
 url = {http://doi.acm.org/10.1145/2559206.2581286},
 doi = {10.1145/2559206.2581286},
 acmid = {2581286},
 publisher = {ACM},
 address = {New York, NY, USA},
 keywords = {affordance, kinetic architecture, kinetic furniture},
}

@inproceedings{Yang:2011:NOO:2077357.2077364,
 author = {Yang, Liping and Worboys, Michael},
 title = {A Navigation Ontology for Outdoor-indoor Space: (Work-in-progress)},
 booktitle = {Proceedings of the 3rd ACM SIGSPATIAL International Workshop on Indoor Spatial Awareness},
 series = {ISA '11},
 year = {2011},
 isbn = {978-1-4503-1035-2},
 location = {Chicago, Illinois},
 pages = {31--34},
 numpages = {4},
 url = {http://doi.acm.org/10.1145/2077357.2077364},
 doi = {10.1145/2077357.2077364},
 acmid = {2077364},
 publisher = {ACM},
 address = {New York, NY, USA},
 keywords = {GIS, built space, indoor space, navigation, ontology},
}

@inproceedings{Wang:2016:MGI:2912160.2912177,
 author = {Wang, Cancan and Medaglia, Rony and Jensen, Tina Blegind},
 title = {Mobilizing Government: Inter-Organizational Collaboration Using Open Social Media Platforms},
 booktitle = {Proceedings of the 17th International Digital Government Research Conference on Digital Government Research},
 series = {dg.o '16},
 year = {2016},
 isbn = {978-1-4503-4339-8},
 location = {Shanghai, China},
 pages = {357--365},
 numpages = {9},
 url = {http://doi.acm.org/10.1145/2912160.2912177},
 doi = {10.1145/2912160.2912177},
 acmid = {2912177},
 publisher = {ACM},
 address = {New York, NY, USA},
 keywords = {Affordances, Inter-organizational Collaboration, Public Sector, Social Media},
}

@inproceedings{McAlinden:2007:CDP:1329125.1329446,
 author = {McAlinden, Ryan and Dini, Don and Merchant, Chirag and van Lent, Michael},
 title = {Creating Densely Populated Virtual Environments},
 booktitle = {Proceedings of the 6th International Joint Conference on Autonomous Agents and Multiagent Systems},
 series = {AAMAS '07},
 year = {2007},
 isbn = {978-81-904262-7-5},
 location = {Honolulu, Hawaii},
 pages = {265:1--265:2},
 articleno = {265},
 numpages = {2},
 url = {http://doi.acm.org/10.1145/1329125.1329446},
 doi = {10.1145/1329125.1329446},
 acmid = {1329446},
 publisher = {ACM},
 address = {New York, NY, USA},
 keywords = {cellular automata, games, massively multi-agent},
}

@incollection{Oviatt:2017:TFM:3015783.3015786,
 author = {Oviatt, Sharon},
 chapter = {Theoretical Foundations of Multimodal Interfaces and Systems},
 title = {The Handbook of Multimodal-Multisensor Interfaces},
 editor = {Oviatt, Sharon and Schuller, Bj\"{o}rn and Cohen, Philip R. and Sonntag, Daniel and Potamianos, Gerasimos and Kr\"{u}ger, Antonio},
 year = {2017},
 isbn = {978-1-97000-167-9},
 pages = {19--50},
 numpages = {32},
 url = {https://doi.org/10.1145/3015783.3015786},
 doi = {10.1145/3015783.3015786},
 acmid = {3015786},
 publisher = {Association for Computing Machinery and Morgan \&\#38; Claypool},
 address = {New York, NY, USA},
}

@inproceedings{Kunduru:2018:SMP:3209626.3209627,
 author = {Kunduru, Sunil Reddy},
 title = {Social Media and Public Discourse: A Technology Affordance Perspective on Use of Social Media Features},
 booktitle = {Proceedings of the 2018 ACM SIGMIS Conference on Computers and People Research},
 series = {SIGMIS-CPR'18},
 year = {2018},
 isbn = {978-1-4503-5768-5},
 location = {Buffalo-Niagara Falls, NY, USA},
 pages = {168--176},
 numpages = {9},
 url = {http://doi.acm.org/10.1145/3209626.3209627},
 doi = {10.1145/3209626.3209627},
 acmid = {3209627},
 publisher = {ACM},
 address = {New York, NY, USA},
 keywords = {affordances, mass media, public discourse, social media, user generated content},
}

@inproceedings{Merolli:2014:SMO:2667680.2667683,
 author = {Merolli, Mark and Sanchez, Fernando Jose Martin and Gray, Kathleen},
 title = {Social Media and Online Survey: Tools for Knowledge Management in Health Research},
 booktitle = {Proceedings of the Seventh Australasian Workshop on Health Informatics and Knowledge Management - Volume 153},
 series = {HIKM '14},
 year = {2014},
 isbn = {978-1-921770-35-7},
 location = {Auckland, New Zealand},
 pages = {21--29},
 numpages = {9},
 url = {http://dl.acm.org/citation.cfm?id=2667680.2667683},
 acmid = {2667683},
 publisher = {Australian Computer Society, Inc.},
 address = {Darlinghurst, Australia, Australia},
 keywords = {chronic disease, information-communication technology (ICT), online survey, social media, study recruitment, therapeutic affordances},
}

@inproceedings{Anderson:2008:SSI:1496984.1497016,
 author = {Anderson, Eike Falk},
 title = {Scripted Smarts in an Intelligent Virtual Environment: Behaviour Definition Using a Simple Entity Annotation Language},
 booktitle = {Proceedings of the 2008 Conference on Future Play: Research, Play, Share},
 series = {Future Play '08},
 year = {2008},
 isbn = {978-1-60558-218-4},
 location = {Toronto, Ontario, Canada},
 pages = {185--188},
 numpages = {4},
 url = {http://doi.acm.org/10.1145/1496984.1497016},
 doi = {10.1145/1496984.1497016},
 acmid = {1497016},
 publisher = {ACM},
 address = {New York, NY, USA},
 keywords = {behaviour definition (programming) language, game AI, smart terrain},
}

@inproceedings{Obrist:2012:STF:2212776.2223739,
 author = {Obrist, Marianna and Roto, Virpi and Vermeeren, Arnold and V\"{a}\"{a}n\"{a}nen-Vainio-Mattila, Kaisa and Law, Effie Lai-Chong and Kuutti, Kari},
 title = {In Search of Theoretical Foundations for UX Research and Practice},
 booktitle = {CHI '12 Extended Abstracts on Human Factors in Computing Systems},
 series = {CHI EA '12},
 year = {2012},
 isbn = {978-1-4503-1016-1},
 location = {Austin, Texas, USA},
 pages = {1979--1984},
 numpages = {6},
 url = {http://doi.acm.org/10.1145/2212776.2223739},
 doi = {10.1145/2212776.2223739},
 acmid = {2223739},
 publisher = {ACM},
 address = {New York, NY, USA},
 keywords = {data analysis, theory, user experience},
}

@inproceedings{Wahid:2015:LIS:2737856.2737906,
 author = {Wahid, Fathul and S{\ae}b{\o}, \Oystein and Furuholt, Bj{\o}rn},
 title = {Does a Land Information System Resolve Land Conflicts?: A Tale from Rural Eastern Indonesia},
 booktitle = {Proceedings of the Seventh International Conference on Information and Communication Technologies and Development},
 series = {ICTD '15},
 year = {2015},
 isbn = {978-1-4503-3163-0},
 location = {Singapore, Singapore},
 pages = {65:1--65:4},
 articleno = {65},
 numpages = {4},
 url = {http://doi.acm.org/10.1145/2737856.2737906},
 doi = {10.1145/2737856.2737906},
 acmid = {2737906},
 publisher = {ACM},
 address = {New York, NY, USA},
 keywords = {Indonesia, affordances, land conflict, land information system, land management, stakeholder theory},
}

@article{Oviatt:2012:IIA:2362364.2362370,
 author = {Oviatt, Sharon and Cohen, Adrienne and Miller, Andrea and Hodge, Kumi and Mann, Ariana},
 title = {The Impact of Interface Affordances on Human Ideation, Problem Solving, and Inferential Reasoning},
 journal = {ACM Trans. Comput.-Hum. Interact.},
 issue_date = {October 2012},
 volume = {19},
 number = {3},
 month = oct,
 year = {2012},
 issn = {1073-0516},
 pages = {22:1--22:30},
 articleno = {22},
 numpages = {30},
 url = {http://doi.acm.org/10.1145/2362364.2362370},
 doi = {10.1145/2362364.2362370},
 acmid = {2362370},
 publisher = {ACM},
 address = {New York, NY, USA},
 keywords = {Pen interfaces, affordances, diagrams, educational interfaces, ideational fluency, inferential reasoning, nonlinguistic representations, problem solving, thinking tools},
}

@inproceedings{Kim:2018:TLP:3292147.3292219,
 author = {Kim, Sangyeon and Lee, Sangwon},
 title = {Three Levels of Perceiving Affordance: Possibility, Specificity, and Signification Levels},
 booktitle = {Proceedings of the 30th Australian Conference on Computer-Human Interaction},
 series = {OzCHI '18},
 year = {2018},
 isbn = {978-1-4503-6188-0},
 location = {Melbourne, Australia},
 pages = {261--265},
 numpages = {5},
 url = {http://doi.acm.org/10.1145/3292147.3292219},
 doi = {10.1145/3292147.3292219},
 acmid = {3292219},
 publisher = {ACM},
 address = {New York, NY, USA},
 keywords = {affordance, direct perception, ecological psychology, neuroscience, visual systems},
}

@inproceedings{Gaukrodger:2007:ARA:1328491.1328504,
 author = {Gaukrodger, Stephen J and Lintott, Andrew},
 title = {Augmented Reality and Applications for Assistive Technology},
 booktitle = {Proceedings of the 1st International Convention on Rehabilitation Engineering \&\#38; Assistive Technology: In Conjunction with 1st Tan Tock Seng Hospital Neurorehabilitation Meeting},
 series = {i-CREATe '07},
 year = {2007},
 isbn = {978-1-59593-852-7},
 location = {Singapore},
 pages = {47--51},
 numpages = {5},
 url = {http://doi.acm.org/10.1145/1328491.1328504},
 doi = {10.1145/1328491.1328504},
 acmid = {1328504},
 publisher = {ACM},
 address = {New York, NY, USA},
 keywords = {ARToolkit, aspects, assistive technology, augmented reality},
}

@inproceedings{Ksontini:2013:UEA:2484920.2484947,
 author = {Ksontini, Feirouz and Guessoum, Zahia and Mandiau, Ren{\'e} and Espi{\'e}, St{\'e}phane},
 title = {Using Ego-centered Affordances in Multi-agent Traffic Simulation},
 booktitle = {Proceedings of the 2013 International Conference on Autonomous Agents and Multi-agent Systems},
 series = {AAMAS '13},
 year = {2013},
 isbn = {978-1-4503-1993-5},
 location = {St. Paul, MN, USA},
 pages = {151--158},
 numpages = {8},
 url = {http://dl.acm.org/citation.cfm?id=2484920.2484947},
 acmid = {2484947},
 publisher = {International Foundation for Autonomous Agents and Multiagent Systems},
 address = {Richland, SC},
 keywords = {affordances, multi-agent simulation, traffic simulation, virtual lanes},
}

@inproceedings{Barr:2002:TUM:2181216.2181221,
 author = {Barr, Pippin and Biddle, Robert and Noble, James},
 title = {A Taxonomy of User-interface Metaphors},
 booktitle = {Proceedings of the SIGCHI-NZ Symposium on Computer-Human Interaction},
 series = {CHINZ '02},
 year = {2002},
 isbn = {0-473-08500-3},
 location = {Hamilton, New Zealand},
 pages = {25--30},
 numpages = {6},
 url = {http://doi.acm.org/10.1145/2181216.2181221},
 doi = {10.1145/2181216.2181221},
 acmid = {2181221},
 publisher = {ACM},
 address = {New York, NY, USA},
 keywords = {heuristics, metaphor, user-interface},
}

@inproceedings{Cirucci:2015:FAV:2789187.2789202,
 author = {Cirucci, Angela M.},
 title = {Facebook's Affordances, Visible Culture, and Anti-anonymity},
 booktitle = {Proceedings of the 2015 International Conference on Social Media \& Society},
 series = {SMSociety '15},
 year = {2015},
 isbn = {978-1-4503-3923-0},
 location = {Toronto, Ontario, Canada},
 pages = {11:1--11:5},
 articleno = {11},
 numpages = {5},
 url = {http://doi.acm.org/10.1145/2789187.2789202},
 doi = {10.1145/2789187.2789202},
 acmid = {2789202},
 publisher = {ACM},
 address = {New York, NY, USA},
 keywords = {Facebook, affordances, anonymity, social media, social networking sites},
}

@inproceedings{Hodson:2017:FPS:3097286.3097326,
 author = {Hodson, Jaigris and Traynor, Brian and Wilkes, Gilbert},
 title = {Free Pile Sort As a Method to Understand Gender Differences: An Ecological Model of Social Media Use},
 booktitle = {Proceedings of the 8th International Conference on Social Media \& Society},
 series = {\#SMSociety17},
 year = {2017},
 isbn = {978-1-4503-4847-8},
 location = {Toronto, ON, Canada},
 pages = {40:1--40:5},
 articleno = {40},
 numpages = {5},
 url = {http://doi.acm.org/10.1145/3097286.3097326},
 doi = {10.1145/3097286.3097326},
 acmid = {3097326},
 publisher = {ACM},
 address = {New York, NY, USA},
 keywords = {Affordances, Card sorting, Ecological model, Methodologies, Social networks, User choice},
}

@inproceedings{Silverman:2007:HTD:1351542.1351599,
 author = {Silverman, Barry G.},
 title = {Human Terrain Data: What Should We Do with It?},
 booktitle = {Proceedings of the 39th Conference on Winter Simulation: 40 Years! The Best is Yet to Come},
 series = {WSC '07},
 year = {2007},
 isbn = {1-4244-1306-0},
 location = {Washington D.C.},
 pages = {260--265},
 numpages = {6},
 url = {http://dl.acm.org/citation.cfm?id=1351542.1351599},
 acmid = {1351599},
 publisher = {IEEE Press},
 address = {Piscataway, NJ, USA},
}

@inproceedings{Behrooz:2017:MSI:3014812.3014880,
 author = {Behrooz, Morteza and Jhala, Arnav},
 title = {Modeling Social Interestingness in Conversational Stories},
 booktitle = {Proceedings of the Australasian Computer Science Week Multiconference},
 series = {ACSW '17},
 year = {2017},
 isbn = {978-1-4503-4768-6},
 location = {Geelong, Australia},
 pages = {66:1--66:6},
 articleno = {66},
 numpages = {6},
 url = {http://doi.acm.org/10.1145/3014812.3014880},
 doi = {10.1145/3014812.3014880},
 acmid = {3014880},
 publisher = {ACM},
 address = {New York, NY, USA},
 keywords = {narrative generation, social interaction, social storytelling, storytelling},
}

@inproceedings{Hodges:2014:AMA:2665008.2665014,
 author = {Hodges, Glenn A. and Darken, Rudolph and McCauley, Michael},
 title = {An Analytical Method for Assessing the Effectiveness of Human in the Loop Simulation Environments: A Work in Progress},
 booktitle = {Proceedings of the Symposium on Theory of Modeling \& Simulation - DEVS Integrative},
 series = {DEVS '14},
 year = {2014},
 location = {Tampa, Florida},
 pages = {6:1--6:6},
 articleno = {6},
 numpages = {6},
 url = {http://dl.acm.org/citation.cfm?id=2665008.2665014},
 acmid = {2665014},
 publisher = {Society for Computer Simulation International},
 address = {San Diego, CA, USA},
 keywords = {TADSS, affordances, assessment, human abilities, training effectiveness},
}

@inproceedings{Veytizou:2018:TIH:3286689.3286702,
 author = {Veytizou, Julien and Bertolo, David and Baraudon, Charlotte and Olry, Alexis and Fleck, St{\'e}phanie},
 title = {Could a Tangible Interface Help a Child to Weigh His/Her Opinion on Usability?},
 booktitle = {Proceedings of the 30th Conference on L'Interaction Homme-Machine},
 series = {IHM '18},
 year = {2018},
 isbn = {978-1-4503-6078-4},
 location = {Brest, France},
 pages = {12--19},
 numpages = {8},
 url = {http://doi.acm.org/10.1145/3286689.3286702},
 doi = {10.1145/3286689.3286702},
 acmid = {3286702},
 publisher = {ACM},
 address = {New York, NY, USA},
 keywords = {bias limitation, children, evaluation design, tangible interaction, tangible user interface (TUI), usability testing},
}

@inproceedings{Gupta:2016:CGI:3003965.3003967,
 author = {Gupta, Surabhi and Vasardani, Maria and Winter, Stephan},
 title = {Conventionalized Gestures for the Interaction of People in Traffic with Autonomous Vehicles},
 booktitle = {Proceedings of the 9th ACM SIGSPATIAL International Workshop on Computational Transportation Science},
 series = {IWCTS '16},
 year = {2016},
 isbn = {978-1-4503-4577-4},
 location = {Burlingame, California},
 pages = {55--60},
 numpages = {6},
 url = {http://doi.acm.org/10.1145/3003965.3003967},
 doi = {10.1145/3003965.3003967},
 acmid = {3003967},
 publisher = {ACM},
 address = {New York, NY, USA},
 keywords = {autonomous vehicle, gestures, human-computer interaction},
}

@inproceedings{Mara:2017:LUR:3121113.3121239,
 author = {Mara, Andrew},
 title = {Leveraging UX Research Method Shifts to Uncover Guiding User Metaphors},
 booktitle = {Proceedings of the 35th ACM International Conference on the Design of Communication},
 series = {SIGDOC '17},
 year = {2017},
 isbn = {978-1-4503-5160-7},
 location = {Halifax, Nova Scotia, Canada},
 pages = {20:1--20:7},
 articleno = {20},
 numpages = {7},
 url = {http://doi.acm.org/10.1145/3121113.3121239},
 doi = {10.1145/3121113.3121239},
 acmid = {3121239},
 publisher = {ACM},
 address = {New York, NY, USA},
 keywords = {UX, affordances, experience design, field research, framework negotiation, identity, metaphor, metaphor theory, mixed methods, place},
}

@inproceedings{Rasoulkhani:2017:AMF:3242181.3242269,
 author = {Rasoulkhani, Kambiz and Logasa, Brianne and Reyes, Maria Presa and Mostafavi, Ali},
 title = {Agent-based Modeling Framework for Simulation of Complex Adaptive Mechanisms Underlying Household Water Conservation Technology Adoption},
 booktitle = {Proceedings of the 2017 Winter Simulation Conference},
 series = {WSC '17},
 year = {2017},
 isbn = {978-1-5386-3427-1},
 location = {Las Vegas, Nevada},
 pages = {82:1--82:12},
 articleno = {82},
 numpages = {12},
 url = {http://dl.acm.org/citation.cfm?id=3242181.3242269},
 acmid = {3242269},
 publisher = {IEEE Press},
 address = {Piscataway, NJ, USA},
}

@inproceedings{Dourish:1993:ICL:168555.168560,
 author = {Dourish, Paul and Bellotti, Victoria and Mackay, Wendy and Ma, Chao-Ying},
 title = {Information and Context: Lessons from the Study of Two Shared Information Systems},
 booktitle = {Proceedings of the Conference on Organizational Computing Systems},
 series = {COCS '93},
 year = {1993},
 isbn = {0-89791-627-1},
 location = {Milpitas, California, USA},
 pages = {42--51},
 numpages = {10},
 url = {http://doi.acm.org/10.1145/168555.168560},
 doi = {10.1145/168555.168560},
 acmid = {168560},
 publisher = {ACM},
 address = {New York, NY, USA},
 keywords = {coadaptive systems, collaborative systems, cooperative work, information context, information systems},
}

@inproceedings{Wijewardena:2016:TIL:3005422.3005423,
 author = {Wijewardena, Gangani Geethika and Vasardani, Maria and Winter, Stephan},
 title = {Towards Indoor Localization and Navigation Independent of Sensor Based Technologies},
 booktitle = {Proceedings of the Eighth ACM SIGSPATIAL International Workshop on Indoor Spatial Awareness},
 series = {ISA '16},
 year = {2016},
 isbn = {978-1-4503-4585-9},
 location = {Burlingame, California},
 pages = {19--26},
 numpages = {8},
 url = {http://doi.acm.org/10.1145/3005422.3005423},
 doi = {10.1145/3005422.3005423},
 acmid = {3005423},
 publisher = {ACM},
 address = {New York, NY, USA},
 keywords = {connectivity, indoor localization, navigation graph, qualitative user inputs, visibility},
}

@inproceedings{Pandey:2017:CIG:3047273.3047336,
 author = {Pandey, Neena and De', Rahul},
 title = {Choice of Internet Governance Structure: A Cross-Country Study of National Level Factors},
 booktitle = {Proceedings of the 10th International Conference on Theory and Practice of Electronic Governance},
 series = {ICEGOV '17},
 year = {2017},
 isbn = {978-1-4503-4825-6},
 location = {New Delhi AA, India},
 pages = {433--440},
 numpages = {8},
 url = {http://doi.acm.org/10.1145/3047273.3047336},
 doi = {10.1145/3047273.3047336},
 acmid = {3047336},
 publisher = {ACM},
 address = {New York, NY, USA},
 keywords = {Internet governance, affordances, institutional quality, legitimacy, multi-stakeholder, multilateral},
}

@inproceedings{Einsfeld:2007:IMH:1290128.1290139,
 author = {Einsfeld, Katja and Ebert, Achim and W\"{o}lle, J\"{u}rgen},
 title = {Interconnected Media for Human-centered Understanding},
 booktitle = {Proceedings of the International Workshop on Human-centered Multimedia},
 series = {HCM '07},
 year = {2007},
 isbn = {978-1-59593-781-0},
 location = {Augsburg, Bavaria, Germany},
 pages = {67--76},
 numpages = {10},
 url = {http://doi.acm.org/10.1145/1290128.1290139},
 doi = {10.1145/1290128.1290139},
 acmid = {1290139},
 publisher = {ACM},
 address = {New York, NY, USA},
 keywords = {3D, human centered interfaces, information visualization},
}

@inproceedings{Moran:1990:WWP:99332.99369,
 author = {Moran, Thomas P. and Anderson, R. J.},
 title = {The Workaday World As a Paradigm for CSCW Design},
 booktitle = {Proceedings of the 1990 ACM Conference on Computer-supported Cooperative Work},
 series = {CSCW '90},
 year = {1990},
 isbn = {0-89791-402-3},
 location = {Los Angeles, California, USA},
 pages = {381--393},
 numpages = {13},
 url = {http://doi.acm.org/10.1145/99332.99369},
 doi = {10.1145/99332.99369},
 acmid = {99369},
 publisher = {ACM},
 address = {New York, NY, USA},
}

@inproceedings{Bradner:2001:SPV:500286.500310,
 author = {Bradner, Erin and Mark, Gloria and Mark, Gloria},
 title = {Social Presence with Video and Application Sharing},
 booktitle = {Proceedings of the 2001 International ACM SIGGROUP Conference on Supporting Group Work},
 series = {GROUP '01},
 year = {2001},
 isbn = {1-58113-294-8},
 location = {Boulder, Colorado, USA},
 pages = {154--161},
 numpages = {8},
 url = {http://doi.acm.org/10.1145/500286.500310},
 doi = {10.1145/500286.500310},
 acmid = {500310},
 publisher = {ACM},
 address = {New York, NY, USA},
 keywords = {application sharing, distance collaboration, social affordance, social presence, video conferencing},
}

@inproceedings{Talamo:2013:GYT:2499149.2499176,
 author = {Talamo, Alessandra and Ventura, Stefano and Giorgi, Sabina and Ceriani, Miguel and Bottoni, Paolo and Mellini, Barbara},
 title = {"Do the Gestures You Think of": Creating Affordances in Codesign},
 booktitle = {Proceedings of the Biannual Conference of the Italian Chapter of SIGCHI},
 series = {CHItaly '13},
 year = {2013},
 isbn = {978-1-4503-2061-0},
 location = {Trento, Italy},
 pages = {22:1--22:9},
 articleno = {22},
 numpages = {9},
 url = {http://doi.acm.org/10.1145/2499149.2499176},
 doi = {10.1145/2499149.2499176},
 acmid = {2499176},
 publisher = {ACM},
 address = {New York, NY, USA},
 keywords = {affordances, codesign, innovation, interobjectivity},
}

@inproceedings{Nezakati:2013:ETM:2448556.2448614,
 author = {Nezakati, Hossein and Ali, Noor Azman and Mun, Leong Sze},
 title = {4As' Effect on TADI in Malaysia Hand Phone Industry},
 booktitle = {Proceedings of the 7th International Conference on Ubiquitous Information Management and Communication},
 series = {ICUIMC '13},
 year = {2013},
 isbn = {978-1-4503-1958-4},
 location = {Kota Kinabalu, Malaysia},
 pages = {58:1--58:10},
 articleno = {58},
 numpages = {10},
 url = {http://doi.acm.org/10.1145/2448556.2448614},
 doi = {10.1145/2448556.2448614},
 acmid = {2448614},
 publisher = {ACM},
 address = {New York, NY, USA},
 keywords = {acceptability, accessibility, adoption, affordability, awareness, diffusion, hand phone, innovation},
}

@proceedings{Masinde:2017:3129416,
 title = {SAICSIT '17: Proceedings of the South African Institute of Computer Scientists and Information Technologists},
 year = {2017},
 isbn = {978-1-4503-5250-5},
 location = {Thaba 'Nchu, South Africa},
 publisher = {ACM},
 address = {New York, NY, USA},
}

@inproceedings{Jung:2008:TFE:1463160.1463182,
 author = {Jung, Heekyoung and Stolterman, Erik and Ryan, Will and Thompson, Tonya and Siegel, Marty},
 title = {Toward a Framework for Ecologies of Artifacts: How Are Digital Artifacts Interconnected Within a Personal Life?},
 booktitle = {Proceedings of the 5th Nordic Conference on Human-computer Interaction: Building Bridges},
 series = {NordiCHI '08},
 year = {2008},
 isbn = {978-1-59593-704-9},
 location = {Lund, Sweden},
 pages = {201--210},
 numpages = {10},
 url = {http://doi.acm.org/10.1145/1463160.1463182},
 doi = {10.1145/1463160.1463182},
 acmid = {1463182},
 publisher = {ACM},
 address = {New York, NY, USA},
 keywords = {artifact, design, interactivity, personal ecology},
}

@inproceedings{Morschheuser:2017:DCG:2998181.2998272,
 author = {Morschheuser, Benedikt and Maedche, Alexander and Walter, Dominic},
 title = {Designing Cooperative Gamification: Conceptualization and Prototypical Implementation},
 booktitle = {Proceedings of the 2017 ACM Conference on Computer Supported Cooperative Work and Social Computing},
 series = {CSCW '17},
 year = {2017},
 isbn = {978-1-4503-4335-0},
 location = {Portland, Oregon, USA},
 pages = {2410--2421},
 numpages = {12},
 url = {http://doi.acm.org/10.1145/2998181.2998272},
 doi = {10.1145/2998181.2998272},
 acmid = {2998272},
 publisher = {ACM},
 address = {New York, NY, USA},
 keywords = {collaboration, cooperation, cscw systems, design research, experiment, gamification, innovation community},
}

@article{Buchanan:2014:CST:2600089.2535909,
 author = {Buchanan, Sarah and Laviola,Jr., Joseph J.},
 title = {CSTutor: A Sketch-Based Tool for Visualizing Data Structures},
 journal = {Trans. Comput. Educ.},
 issue_date = {March 2014},
 volume = {14},
 number = {1},
 month = mar,
 year = {2014},
 issn = {1946-6226},
 pages = {3:1--3:28},
 articleno = {3},
 numpages = {28},
 url = {http://doi.acm.org/10.1145/2535909},
 doi = {10.1145/2535909},
 acmid = {2535909},
 publisher = {ACM},
 address = {New York, NY, USA},
 keywords = {Sketch-based input, animation, data structures, visualization},
}

@article{Mejia:2017:NQM:3171581.3134712,
 author = {Mejia, Kenya and Yarosh, Svetlana},
 title = {A Nine-Item Questionnaire for Measuring the Social Disfordance of Mediated Social Touch Technologies},
 journal = {Proc. ACM Hum.-Comput. Interact.},
 issue_date = {November 2017},
 volume = {1},
 number = {CSCW},
 month = dec,
 year = {2017},
 issn = {2573-0142},
 pages = {77:1--77:17},
 articleno = {77},
 numpages = {17},
 url = {http://doi.acm.org/10.1145/3134712},
 doi = {10.1145/3134712},
 acmid = {3134712},
 publisher = {ACM},
 address = {New York, NY, USA},
 keywords = {computer-mediated communication, haptics, mediated social touch, social disfordance, validated questionnaire},
}

@inproceedings{Sharma:2017:FSS:3116595.3116612,
 author = {Sharma, Hitesh Nidhi and Alharthi, Sultan A. and Dolgov, Igor and Toups, Zachary O.},
 title = {A Framework Supporting Selecting Space to Make Place in Spatial Mixed Reality Play},
 booktitle = {Proceedings of the Annual Symposium on Computer-Human Interaction in Play},
 series = {CHI PLAY '17},
 year = {2017},
 isbn = {978-1-4503-4898-0},
 location = {Amsterdam, The Netherlands},
 pages = {83--100},
 numpages = {18},
 url = {http://doi.acm.org/10.1145/3116595.3116612},
 doi = {10.1145/3116595.3116612},
 acmid = {3116612},
 publisher = {ACM},
 address = {New York, NY, USA},
 keywords = {augmented reality, framework, games, grounded theory, mixed reality, outdoor, play, space},
}

@incollection{2017:PRE:3015783.3015784,
 chapter = {Preface},
 title = {The Handbook of Multimodal-Multisensor Interfaces},
 editor = {Oviatt, Sharon and Schuller, Bj\"{o}rn and Cohen, Philip R. and Sonntag, Daniel and Potamianos, Gerasimos and Kr\"{u}ger, Antonio},
 year = {2017},
 isbn = {978-1-97000-167-9},
 pages = {xv--xvii},
 url = {https://doi.org/10.1145/3015783.3015784},
 doi = {10.1145/3015783.3015784},
 acmid = {3015784},
 publisher = {Association for Computing Machinery and Morgan \&\#38; Claypool},
 address = {New York, NY, USA},
key = {{$\!\!$}} ,
}

@book{Oviatt:2017:HMI:3015783,
 editor = {Oviatt, Sharon and Schuller, Bj\"{o}rn and Cohen, Philip R. and Sonntag, Daniel and Potamianos, Gerasimos and Kr\"{u}ger, Antonio},
 title = {The Handbook of Multimodal-Multisensor Interfaces: Foundations, User Modeling, and Common Modality Combinations - Volume 1},
 year = {2017},
 isbn = {978-1-97000-167-9},
 volume = {Volume 1},
 publisher = {Association for Computing Machinery and Morgan \&\#38; Claypool},
 address = {New York, NY, USA},
}

