@inproceedings{Larsen:1979:CMV:800292.811771,
 author = {Larsen, Robert P.},
 title = {Can CAD Meet the VLSI Design Problems of the 80's?},
 booktitle = {Proceedings of the 16th Design Automation Conference},
 series = {DAC '79},
 year = {1979},
 location = {San Diego, CA, USA},
 pages = {551--},
 url = {http://dl.acm.org/citation.cfm?id=800292.811771},
 acmid = {811771},
 publisher = {IEEE Press},
 address = {Piscataway, NJ, USA},
}

@inproceedings{Ramesh:1997:ISF:353071.353255,
 author = {Ramesh, R. and Rao, H. Raghav and Radner, Roy and Pape, Will and Reeker, Larry and Chandra, Jagdish and Mukherjee, S. N. and March, Salvatore and Pientka, John},
 title = {Information Systems Frontiers (Panel Session): Emerging Vistas},
 booktitle = {Proceedings of the Eighteenth International Conference on Information Systems},
 series = {ICIS '97},
 year = {1997},
 location = {Atlanta, Georgia, USA},
 pages = {507--508},
 numpages = {2},
 url = {http://dl.acm.org/citation.cfm?id=353071.353255},
 acmid = {353255},
 publisher = {Association for Information Systems},
 address = {Atlanta, GA, USA},
}

@inproceedings{Mirza-Babaei:2018:GUR:3270316.3271548,
 author = {Mirza-Babaei, Pejman and Nacke, Lennart and Drachen, Anders},
 title = {Games User Research Methods},
 booktitle = {Proceedings of the 2018 Annual Symposium on Computer-Human Interaction in Play Companion Extended Abstracts},
 series = {CHI PLAY '18 Extended Abstracts},
 year = {2018},
 isbn = {978-1-4503-5968-9},
 location = {Melbourne, VIC, Australia},
 pages = {1--4},
 numpages = {4},
 url = {http://doi.acm.org/10.1145/3270316.3271548},
 doi = {10.1145/3270316.3271548},
 acmid = {3271548},
 publisher = {ACM},
 address = {New York, NY, USA},
 keywords = {evaluation, game analytics, game usability, games user research, playtesting, user experience, user testing},
}

@article{Bellman:1966:MET:365844.365865,
 author = {Bellman, Richard and Buell, June and Kalaba, Robert},
 title = {Mathematical Experimentation in Time-lag Modulation},
 journal = {Commun. ACM},
 issue_date = {Oct. 1966},
 volume = {9},
 number = {10},
 month = oct,
 year = {1966},
 issn = {0001-0782},
 pages = {752--754},
 numpages = {3},
 url = {http://doi.acm.org/10.1145/365844.365865},
 doi = {10.1145/365844.365865},
 acmid = {365865},
 publisher = {ACM},
 address = {New York, NY, USA},
}

@inproceedings{Amer:2015:WCM:2733373.2806412,
 author = {Amer, Mohamed R. and Divakaran, Ajay and Chang, Shih-Fu and Sebe, Nicu},
 title = {2Nd Workshop on Computational Models of Social Interactions: Human-Computer-Media Communication (HCMC2015)},
 booktitle = {Proceedings of the 23rd ACM International Conference on Multimedia},
 series = {MM '15},
 year = {2015},
 isbn = {978-1-4503-3459-4},
 location = {Brisbane, Australia},
 pages = {1343--1344},
 numpages = {2},
 url = {http://doi.acm.org/10.1145/2733373.2806412},
 doi = {10.1145/2733373.2806412},
 acmid = {2806412},
 publisher = {ACM},
 address = {New York, NY, USA},
 keywords = {HCI, audio analysis, emotion recognition, forecasting, machine learning, modeling, multimodal, pattern recognition, prediction, social interaction, video analysis},
}

@inproceedings{Nacke:2019:UER:3290607.3298826,
 author = {Nacke, Lennart E. and Mirza-Babaei, Pejman and Drachen, Anders},
 title = {User Experience (UX) Research in Games},
 booktitle = {Extended Abstracts of the 2019 CHI Conference on Human Factors in Computing Systems},
 series = {CHI EA '19},
 year = {2019},
 isbn = {978-1-4503-5971-9},
 location = {Glasgow, Scotland Uk},
 pages = {C25:1--C25:4},
 articleno = {C25},
 numpages = {4},
 url = {http://doi.acm.org/10.1145/3290607.3298826},
 doi = {10.1145/3290607.3298826},
 acmid = {3298826},
 publisher = {ACM},
 address = {New York, NY, USA},
 keywords = {evaluation, game analytics, game usability, games user research, playtesting, user experience, user testing},
}

@inproceedings{DeJonghe:2013:EAN:2485288.2485632,
 author = {De Jonghe, Dimitri and Deschrijver, Dirk and Dhaene, Tom and Gielen, Georges},
 title = {Extracting Analytical Nonlinear Models from Analog Circuits by Recursive Vector Fitting of Transfer Function Trajectories},
 booktitle = {Proceedings of the Conference on Design, Automation and Test in Europe},
 series = {DATE '13},
 year = {2013},
 isbn = {978-1-4503-2153-2},
 location = {Grenoble, France},
 pages = {1448--1453},
 numpages = {6},
 url = {http://dl.acm.org/citation.cfm?id=2485288.2485632},
 acmid = {2485632},
 publisher = {EDA Consortium},
 address = {San Jose, CA, USA},
}

@inproceedings{Reda:2014:EUB:2669557.2669575,
 author = {Reda, Khairi and Johnson, Andrew E. and Leigh, Jason and Papka, Michael E.},
 title = {Evaluating User Behavior and Strategy During Visual Exploration},
 booktitle = {Proceedings of the Fifth Workshop on Beyond Time and Errors: Novel Evaluation Methods for Visualization},
 series = {BELIV '14},
 year = {2014},
 isbn = {978-1-4503-3209-5},
 location = {Paris, France},
 pages = {41--45},
 numpages = {5},
 url = {http://doi.acm.org/10.1145/2669557.2669575},
 doi = {10.1145/2669557.2669575},
 acmid = {2669575},
 publisher = {ACM},
 address = {New York, NY, USA},
 keywords = {exploratory visual analysis, insight-based evaluation},
}

@inproceedings{Reda:2014:EPL:2559206.2581202,
 author = {Reda, Khairi and Offord, Catherine and Johnson, Andrew E. and Leigh, Jason},
 title = {Expanding the Porthole: Leveraging Large, High-resolution Displays in Exploratory Visual Analysis},
 booktitle = {CHI '14 Extended Abstracts on Human Factors in Computing Systems},
 series = {CHI EA '14},
 year = {2014},
 isbn = {978-1-4503-2474-8},
 location = {Toronto, Ontario, Canada},
 pages = {2047--2052},
 numpages = {6},
 url = {http://doi.acm.org/10.1145/2559206.2581202},
 doi = {10.1145/2559206.2581202},
 acmid = {2581202},
 publisher = {ACM},
 address = {New York, NY, USA},
 keywords = {information visualization, large high-resolution displays, visual analytics, visual exploration},
}

@inproceedings{Tuangpermsub:2008:IES:1983222.1983243,
 author = {Tuangpermsub, Nuntaporn and Boonpranuk, Panuthat and Polwisate, Wutthichai and Kayasith, Prakasit},
 title = {Improvement of Esophageal Speech by Adaptive Line Enhancement with Bias Model},
 booktitle = {Proceedings of the 2Nd International Convention on Rehabilitation Engineering \& Assistive Technology},
 series = {iCREATe '08},
 year = {2008},
 location = {Bangkok, Thailand},
 pages = {74--77},
 numpages = {4},
 url = {http://dl.acm.org/citation.cfm?id=1983222.1983243},
 acmid = {1983243},
 publisher = {Singapore Therapeutic, Assistive \& Rehabilitative Technologies (START) Centre},
 address = {Kaki Bukit TechPark II,, Singapore},
 keywords = {ALE, adaptive line enhancement, adaptive line enhancement with bias, esophageal speech, speech enhancement},
}

@article{Bhattacharjee:2017:IWS:3107013.3108899,
 editor = {Bhattacharjee, Sudip and Jacob, Varghese and Jiang, Zhengrui (Jeffrey) and Kumar, Subodha},
 title = {Introduction to WITS 2015 Special Issue in TMIS},
 journal = {ACM Trans. Manage. Inf. Syst.},
 issue_date = {August 2017},
 volume = {8},
 number = {2-3},
 month = aug,
 year = {2017},
 issn = {2158-656X},
 pages = {4e:1--4e:4},
 articleno = {4e},
 numpages = {4},
 url = {http://doi.acm.org/10.1145/3108899},
 doi = {10.1145/3108899},
 acmid = {3108899},
 publisher = {ACM},
 address = {New York, NY, USA},
}

@inproceedings{Jianu:2012:ESU:2207676.2208704,
 author = {Jianu, Radu and Laidlaw, David},
 title = {An Evaluation of How Small User Interface Changes Can Improve Scientists' Analytic Strategies},
 booktitle = {Proceedings of the SIGCHI Conference on Human Factors in Computing Systems},
 series = {CHI '12},
 year = {2012},
 isbn = {978-1-4503-1015-4},
 location = {Austin, Texas, USA},
 pages = {2953--2962},
 numpages = {10},
 url = {http://doi.acm.org/10.1145/2207676.2208704},
 doi = {10.1145/2207676.2208704},
 acmid = {2208704},
 publisher = {ACM},
 address = {New York, NY, USA},
 keywords = {analytic biases, persuasive technology, visual analytics},
}

@inproceedings{Burnstein:1989:LVD:74014.74041,
 author = {Burnstein, D.},
 title = {\&Ldquo;Boyd V. Deaver - Litigation Strategies\&Rdquo; Videodisc: An Opportunity to Improve Curriculum and Prototype Expert Systems},
 booktitle = {Proceedings of the 2Nd International Conference on Artificial Intelligence and Law},
 series = {ICAIL '89},
 year = {1989},
 isbn = {0-89791-322-1},
 location = {Vancouver, British Columbia, Canada},
 pages = {207--214},
 numpages = {8},
 url = {http://doi.acm.org/10.1145/74014.74041},
 doi = {10.1145/74014.74041},
 acmid = {74041},
 publisher = {ACM},
 address = {New York, NY, USA},
}

@article{Voelker:1998:RSJ:302350.302352,
 author = {Voelker, Geoffrey M.},
 title = {Report on the SIGMETRICS'98/PERFORMANCE'98 Joint International Conference on Measurement and Modeling of Computer Systems},
 journal = {SIGOPS Oper. Syst. Rev.},
 issue_date = {Oct. 1998},
 volume = {32},
 number = {4},
 month = oct,
 year = {1998},
 issn = {0163-5980},
 pages = {3--8},
 numpages = {6},
 url = {http://doi.acm.org/10.1145/302350.302352},
 doi = {10.1145/302350.302352},
 acmid = {302352},
 publisher = {ACM},
 address = {New York, NY, USA},
}

@inproceedings{Elm:2014:UEM:2609876.2609891,
 author = {Elm, William C.},
 title = {User Evaluation Methodology Framework in Big Data Environments},
 booktitle = {Proceedings of the 2014 Workshop on Human Centered Big Data Research},
 series = {HCBDR '14},
 year = {2014},
 isbn = {978-1-4503-2938-5},
 location = {Raleigh, NC, USA},
 pages = {59:59--59:63},
 articleno = {59},
 numpages = {5},
 url = {http://doi.acm.org/10.1145/2609876.2609891},
 doi = {10.1145/2609876.2609891},
 acmid = {2609891},
 publisher = {ACM},
 address = {New York, NY, USA},
 keywords = {Analysis, Big Data, Cognitive Systems Engineering, Ethnographic, Human Centered, Joint Cognitive System, Methodology, Technology Enabled Tradecraft, User Evaluation, Workshop},
}

@article{Montes:1995:SLF:216685.216686,
 author = {Montes, Antonio and Castro, Jordi},
 title = {Solving the Load Flow Problem Using Gr\"{o}Bner Basis},
 journal = {SIGSAM Bull.},
 issue_date = {Jan. 1995},
 volume = {29},
 number = {1},
 month = jan,
 year = {1995},
 issn = {0163-5824},
 pages = {1--13},
 numpages = {13},
 url = {http://doi.acm.org/10.1145/216685.216686},
 doi = {10.1145/216685.216686},
 acmid = {216686},
 publisher = {ACM},
 address = {New York, NY, USA},
}

@inproceedings{Shrinivasan:2009:CDR:1520340.1520549,
 author = {Shrinivasan, Yedendra Babu and Gotz, David},
 title = {Connecting the Dots with Related Notes},
 booktitle = {CHI '09 Extended Abstracts on Human Factors in Computing Systems},
 series = {CHI EA '09},
 year = {2009},
 isbn = {978-1-60558-247-4},
 location = {Boston, MA, USA},
 pages = {3649--3654},
 numpages = {6},
 url = {http://doi.acm.org/10.1145/1520340.1520549},
 doi = {10.1145/1520340.1520549},
 acmid = {1520549},
 publisher = {ACM},
 address = {New York, NY, USA},
 keywords = {information visualization, reasoning process, related notes, visual analytics},
}

@inproceedings{Thabet:2013:EFH:2485288.2485419,
 author = {Thabet, Farhat and Lhuillier, Yves and Andriamisaina, Caaliph and Philippe, Jean-Marc and David, Rapha\"{e}l},
 title = {An Efficient and Flexible Hardware Support for Accelerating Synchronization Operations on the STHORM Many-core Architecture},
 booktitle = {Proceedings of the Conference on Design, Automation and Test in Europe},
 series = {DATE '13},
 year = {2013},
 isbn = {978-1-4503-2153-2},
 location = {Grenoble, France},
 pages = {531--534},
 numpages = {4},
 url = {http://dl.acm.org/citation.cfm?id=2485288.2485419},
 acmid = {2485419},
 publisher = {EDA Consortium},
 address = {San Jose, CA, USA},
}

@article{Liikkanen:2017:DDE:3135412.3121355,
 author = {Liikkanen, Lassi A.},
 title = {The Data-driven Design Era in Professional Web Design},
 journal = {Interactions},
 issue_date = {September - October 2017},
 volume = {24},
 number = {5},
 month = aug,
 year = {2017},
 issn = {1072-5520},
 pages = {52--57},
 numpages = {6},
 url = {http://doi.acm.org/10.1145/3121355},
 doi = {10.1145/3121355},
 acmid = {3121355},
 publisher = {ACM},
 address = {New York, NY, USA},
}

@inproceedings{Gotz:2010:HIV:2002353.2002355,
 author = {Gotz, David and When, Zhen and Lu, Jie and Kissa, Peter and Cao, Nan and Qian, Wei Hong and Liu, Shi Xia and Zhou, Michelle X.},
 title = {HARVEST: An Intelligent Visual Analytic Tool for the Masses},
 booktitle = {Proceedings of the First International Workshop on Intelligent Visual Interfaces for Text Analysis},
 series = {IVITA '10},
 year = {2010},
 isbn = {978-1-60558-996-1},
 location = {Hong Kong, China},
 pages = {1--4},
 numpages = {4},
 url = {http://doi.acm.org/10.1145/2002353.2002355},
 doi = {10.1145/2002353.2002355},
 acmid = {2002355},
 publisher = {ACM},
 address = {New York, NY, USA},
 keywords = {smart graphics, visual analytics, visualization},
}

@inproceedings{Choi:2019:CVA:3290605.3300298,
 author = {Choi, In Kwon and Childers, Taylor and Raveendranath, Nirmal Kumar and Mishra, Swati and Harris, Kyle and Reda, Khairi},
 title = {Concept-Driven Visual Analytics: An Exploratory Study of Model- and Hypothesis-Based Reasoning with Visualizations},
 booktitle = {Proceedings of the 2019 CHI Conference on Human Factors in Computing Systems},
 series = {CHI '19},
 year = {2019},
 isbn = {978-1-4503-5970-2},
 location = {Glasgow, Scotland Uk},
 pages = {68:1--68:14},
 articleno = {68},
 numpages = {14},
 url = {http://doi.acm.org/10.1145/3290605.3300298},
 doi = {10.1145/3290605.3300298},
 acmid = {3300298},
 publisher = {ACM},
 address = {New York, NY, USA},
 keywords = {hypothesis- and model-based reasoning, mental models, sensemaking, visual analytics},
}

@article{Wilkes:2009:TRR:1496909.1496914,
 author = {Wilkes, John},
 title = {Traveling to Rome: A Retrospective on the Journey},
 journal = {SIGOPS Oper. Syst. Rev.},
 issue_date = {January 2009},
 volume = {43},
 number = {1},
 month = jan,
 year = {2009},
 issn = {0163-5980},
 pages = {10--15},
 numpages = {6},
 url = {http://doi.acm.org/10.1145/1496909.1496914},
 doi = {10.1145/1496909.1496914},
 acmid = {1496914},
 publisher = {ACM},
 address = {New York, NY, USA},
 keywords = {attribute-based storage, declarative system management, solvers, storage management, storage performance models},
}

@inproceedings{Li:2019:MDR:3322645.3322675,
 author = {Li, Gaochao and Chen, Xunxun and Chang, Peng and Zou, Xin and Zang, Tianning and Wu, Xiao},
 title = {MFRdnsI: A DNS Recursive Server Identification and Classification Method Based on Deep Learning},
 booktitle = {Proceedings of the 2019 2Nd International Conference on Information Science and Systems},
 series = {ICISS 2019},
 year = {2019},
 isbn = {978-1-4503-6103-3},
 location = {Tokyo, Japan},
 pages = {27--32},
 numpages = {6},
 url = {http://doi.acm.org/10.1145/3322645.3322675},
 doi = {10.1145/3322645.3322675},
 acmid = {3322675},
 publisher = {ACM},
 address = {New York, NY, USA},
 keywords = {DNS recursive server, deep learning, features, identification},
}

@inproceedings{Phillips:1996:EFE:240518.240590,
 author = {Phillips, Joel R. and Chiprout, Eli and Ling, David D.},
 title = {Efficient Full-wave Electromagnetic Analysis via Model-order Reduction of Fast Integral Transforms},
 booktitle = {Proceedings of the 33rd Annual Design Automation Conference},
 series = {DAC '96},
 year = {1996},
 isbn = {0-89791-779-0},
 location = {Las Vegas, Nevada, USA},
 pages = {377--382},
 numpages = {6},
 url = {http://doi.acm.org/10.1145/240518.240590},
 doi = {10.1145/240518.240590},
 acmid = {240590},
 publisher = {ACM},
 address = {New York, NY, USA},
}

@inproceedings{Darchini:2014:SDM:2619955.2619970,
 author = {Darchini, Kamal and Alfa, Attahiru S.},
 title = {Stationary Distribution of Molecules in NanoCommunication via Microtubules},
 booktitle = {Proceedings of ACM The First Annual International Conference on Nanoscale Computing and Communication},
 series = {NANOCOM' 14},
 year = {2007},
 isbn = {978-1-4503-2979-8},
 location = {Atlanta, GA, USA},
 pages = {13:1--13:7},
 articleno = {13},
 numpages = {7},
 url = {http://doi.acm.org/10.1145/2619955.2619970},
 doi = {10.1145/2619955.2619970},
 acmid = {2619970},
 publisher = {ACM},
 address = {New York, NY, USA},
 keywords = {Markov chains, Matrix analytic methods, Molecular communication},
}

@inproceedings{Ahmed:2017:FEG:3083207.3083208,
 author = {Ahmed, Iffat and Riegler, Michael and Petlund, Andreas and Griwodz, Carsten and Halvorsen, P{\aa}l},
 title = {Finding Equilibrium for Gym Ownership Distribution Based on Game Dynamics in Pok\'{E}Mon Go},
 booktitle = {Proceedings of the 9th Workshop on Massively Multiuser Virtual Environments},
 series = {MMVE'17},
 year = {2017},
 isbn = {978-1-4503-5006-8},
 location = {Taipei, Taiwan},
 pages = {1--6},
 numpages = {6},
 url = {http://doi.acm.org/10.1145/3083207.3083208},
 doi = {10.1145/3083207.3083208},
 acmid = {3083208},
 publisher = {ACM},
 address = {New York, NY, USA},
 keywords = {Analytical modeling, augmented reality, location-based games},
}

@inproceedings{Dogaru:2014:FBS:2616606.2617126,
 author = {Dogaru, Emanuel and dos Santos, Filipe Vinci and Rebernak, William},
 title = {A Flexible Bist Strategy for SDR Transmitters},
 booktitle = {Proceedings of the Conference on Design, Automation \& Test in Europe},
 series = {DATE '14},
 year = {2014},
 isbn = {978-3-9815370-2-4},
 location = {Dresden, Germany},
 pages = {370:1--370:6},
 articleno = {370},
 numpages = {6},
 url = {http://dl.acm.org/citation.cfm?id=2616606.2617126},
 acmid = {2617126},
 publisher = {European Design and Automation Association},
 address = {3001 Leuven, Belgium, Belgium},
 keywords = {BIST, in-field test, mixed-signal/RF test, periodically nonuniform sampling, software radios, spectral mask estimation, subsampling},
}

@article{Maiden:1992:ERS:129852.129857,
 author = {Maiden, Neil and Sutcliffe, Alistair},
 title = {Exploiting Reusable Specifications Through Analogy},
 journal = {Commun. ACM},
 issue_date = {April 1992},
 volume = {35},
 number = {4},
 month = apr,
 year = {1992},
 issn = {0001-0782},
 pages = {55--64},
 numpages = {10},
 url = {http://doi.acm.org/10.1145/129852.129857},
 doi = {10.1145/129852.129857},
 acmid = {129857},
 publisher = {ACM},
 address = {New York, NY, USA},
 keywords = {analogies},
}

@inproceedings{Battle:2018:EVD:3209900.3209901,
 author = {Battle, Leilani and Angelini, Marco and Binnig, Carsten and Catarci, Tiziana and Eichmann, Philipp and Fekete, Jean-Daniel and Santucci, Giuseppe and Sedlmair, Michael and Willett, Wesley},
 title = {Evaluating Visual Data Analysis Systems: A Discussion Report},
 booktitle = {Proceedings of the Workshop on Human-In-the-Loop Data Analytics},
 series = {HILDA'18},
 year = {2018},
 isbn = {978-1-4503-5827-9},
 location = {Houston, TX, USA},
 pages = {4:1--4:6},
 articleno = {4},
 numpages = {6},
 url = {http://doi.acm.org/10.1145/3209900.3209901},
 doi = {10.1145/3209900.3209901},
 acmid = {3209901},
 publisher = {ACM},
 address = {New York, NY, USA},
}

@inproceedings{Jung:2012:SPE:2381934.2381944,
 author = {Jung, Jaeyeon and Han, Seungyeop and Wetherall, David},
 title = {Short Paper: Enhancing Mobile Application Permissions with Runtime Feedback and Constraints},
 booktitle = {Proceedings of the Second ACM Workshop on Security and Privacy in Smartphones and Mobile Devices},
 series = {SPSM '12},
 year = {2012},
 isbn = {978-1-4503-1666-8},
 location = {Raleigh, North Carolina, USA},
 pages = {45--50},
 numpages = {6},
 url = {http://doi.acm.org/10.1145/2381934.2381944},
 doi = {10.1145/2381934.2381944},
 acmid = {2381944},
 publisher = {ACM},
 address = {New York, NY, USA},
 keywords = {permission architecture, smartphone privacy, user study},
}

@inproceedings{Onggo:2011:ACM:2431518.2431597,
 author = {Onggo, Bhakti S. S. and Karpat, Onder},
 title = {Agent-based Conceptual Model Representation Using BPMN},
 booktitle = {Proceedings of the Winter Simulation Conference},
 series = {WSC '11},
 year = {2011},
 location = {Phoenix, Arizona},
 pages = {671--682},
 numpages = {12},
 url = {http://dl.acm.org/citation.cfm?id=2431518.2431597},
 acmid = {2431597},
 publisher = {Winter Simulation Conference},
}

@inproceedings{Khalastchi:2014:HAF:2617388.2617396,
 author = {Khalastchi, Eliahu and Kalech, Meir and Rokach, Lior},
 title = {A Hybrid Approach for Fault Detection in Autonomous Physical Agents},
 booktitle = {Proceedings of the 2014 International Conference on Autonomous Agents and Multi-agent Systems},
 series = {AAMAS '14},
 year = {2014},
 isbn = {978-1-4503-2738-1},
 location = {Paris, France},
 pages = {941--948},
 numpages = {8},
 url = {http://dl.acm.org/citation.cfm?id=2617388.2617396},
 acmid = {2617396},
 publisher = {International Foundation for Autonomous Agents and Multiagent Systems},
 address = {Richland, SC},
 keywords = {fault detection, model-based diagnosis, robotics, uav},
}

@inproceedings{Khalastchi:2014:HAF:2615731.2617396,
 author = {Khalastchi, Eliahu and Kalech, Meir and Rokach, Lior},
 title = {A Hybrid Approach for Fault Detection in Autonomous Physical Agents},
 booktitle = {Proceedings of the 2014 International Conference on Autonomous Agents and Multi-agent Systems},
 series = {AAMAS '14},
 year = {2014},
 isbn = {978-1-4503-2738-1},
 location = {Paris, France},
 pages = {941--948},
 numpages = {8},
 url = {http://dl.acm.org/citation.cfm?id=2615731.2617396},
 acmid = {2617396},
 publisher = {International Foundation for Autonomous Agents and Multiagent Systems},
 address = {Richland, SC},
 keywords = {fault detection, model-based diagnosis, robotics, uav},
}

@inproceedings{Crovella:1994:PPP:602770.602870,
 author = {Crovella, Mark E. and LeBlanc, Thomas J.},
 title = {Parallel Performance Prediction Using Lost Cycles Analysis},
 booktitle = {Proceedings of the 1994 ACM/IEEE Conference on Supercomputing},
 series = {Supercomputing '94},
 year = {1994},
 isbn = {0-8186-6605-6},
 location = {Washington, D.C.},
 pages = {600--609},
 numpages = {10},
 url = {http://dl.acm.org/citation.cfm?id=602770.602870},
 acmid = {602870},
 publisher = {IEEE Computer Society Press},
 address = {Los Alamitos, CA, USA},
}

@inproceedings{Colarelli:2002:MAI:762761.762819,
 author = {Colarelli, Dennis and Grunwald, Dirk},
 title = {Massive Arrays of Idle Disks for Storage Archives},
 booktitle = {Proceedings of the 2002 ACM/IEEE Conference on Supercomputing},
 series = {SC '02},
 year = {2002},
 isbn = {0-7695-1524-X},
 location = {Baltimore, Maryland},
 pages = {1--11},
 numpages = {11},
 url = {http://dl.acm.org/citation.cfm?id=762761.762819},
 acmid = {762819},
 publisher = {IEEE Computer Society Press},
 address = {Los Alamitos, CA, USA},
}

@article{Bolot:1990:DBR:378570.378633,
 author = {Bolot, Jean-Chrysostome and Shankar, A. Udaya},
 title = {Dynamical Behavior of Rate-based Flow Control Mechanisms},
 journal = {SIGCOMM Comput. Commun. Rev.},
 issue_date = {April, 1990},
 volume = {20},
 number = {2},
 month = apr,
 year = {1990},
 issn = {0146-4833},
 pages = {35--49},
 numpages = {15},
 url = {http://doi.acm.org/10.1145/378570.378633},
 doi = {10.1145/378570.378633},
 acmid = {378633},
 publisher = {ACM},
 address = {New York, NY, USA},
}

@article{Corliss:1982:SOD:355993.355995,
 author = {Corliss, George and Chang, Y. F.},
 title = {Solving Ordinary Differential Equations Using Taylor Series},
 journal = {ACM Trans. Math. Softw.},
 issue_date = {June 1982},
 volume = {8},
 number = {2},
 month = jun,
 year = {1982},
 issn = {0098-3500},
 pages = {114--144},
 numpages = {31},
 url = {http://doi.acm.org/10.1145/355993.355995},
 doi = {10.1145/355993.355995},
 acmid = {355995},
 publisher = {ACM},
 address = {New York, NY, USA},
}

@inproceedings{Willett:2011:CSS:1978942.1979407,
 author = {Willett, Wesley and Heer, Jeffrey and Hellerstein, Joseph and Agrawala, Maneesh},
 title = {CommentSpace: Structured Support for Collaborative Visual Analysis},
 booktitle = {Proceedings of the SIGCHI Conference on Human Factors in Computing Systems},
 series = {CHI '11},
 year = {2011},
 isbn = {978-1-4503-0228-9},
 location = {Vancouver, BC, Canada},
 pages = {3131--3140},
 numpages = {10},
 url = {http://doi.acm.org/10.1145/1978942.1979407},
 doi = {10.1145/1978942.1979407},
 acmid = {1979407},
 publisher = {ACM},
 address = {New York, NY, USA},
 keywords = {asynchronous collaboration, information visualization, social data analysis, tagging},
}

@article{Hart:2003:LME:772374.772378,
 author = {Hart, William E.},
 title = {Locally-adaptive and Memetic Evolutionary Pattern Search Algorithms},
 journal = {Evol. Comput.},
 issue_date = {Spring 2003},
 volume = {11},
 number = {1},
 month = mar,
 year = {2003},
 issn = {1063-6560},
 pages = {29--51},
 numpages = {23},
 url = {http://dx.doi.org/10.1162/106365603321828998},
 doi = {10.1162/106365603321828998},
 acmid = {772378},
 publisher = {MIT Press},
 address = {Cambridge, MA, USA},
 keywords = {adaptation, constraints, convergence, local search, memetic algorithms},
}

@inproceedings{Shoukourian:2015:PEC:2872599.2872614,
 author = {Shoukourian, Hayk and Wilde, Torsten and Auweter, Axel and Bode, Arndt and Tafani, Daniele},
 title = {Predicting Energy Consumption Relevant Indicators of Strong Scaling HPC Applications for Different Compute Resource Configurations},
 booktitle = {Proceedings of the Symposium on High Performance Computing},
 series = {HPC '15},
 year = {2015},
 isbn = {978-1-5108-0101-1},
 location = {Alexandria, Virginia},
 pages = {115--126},
 numpages = {12},
 url = {http://dl.acm.org/citation.cfm?id=2872599.2872614},
 acmid = {2872614},
 publisher = {Society for Computer Simulation International},
 address = {San Diego, CA, USA},
 keywords = {HPC, LACP, compute node number and CPU frequency, consumption modeling and prediction, power and energy capping},
}

@article{James:1973:ACP:361932.361940,
 author = {James, E. B. and Partridge, D. P.},
 title = {Adaptive Correction of Program Statements},
 journal = {Commun. ACM},
 issue_date = {Jan. 1973},
 volume = {16},
 number = {1},
 month = jan,
 year = {1973},
 issn = {0001-0782},
 pages = {27--37},
 numpages = {11},
 url = {http://doi.acm.org/10.1145/361932.361940},
 doi = {10.1145/361932.361940},
 acmid = {361940},
 publisher = {ACM},
 address = {New York, NY, USA},
 keywords = {adaptive, approximate match, automatic parsing, compiler, linguistic pattern matching, program statement analysis, syntax analysis},
}

@article{Shriver:1998:ABM:277858.277906,
 author = {Shriver, Elizabeth and Merchant, Arif and Wilkes, John},
 title = {An Analytic Behavior Model for Disk Drives with Readahead Caches and Request Reordering},
 journal = {SIGMETRICS Perform. Eval. Rev.},
 issue_date = {June 1998},
 volume = {26},
 number = {1},
 month = jun,
 year = {1998},
 issn = {0163-5999},
 pages = {182--191},
 numpages = {10},
 url = {http://doi.acm.org/10.1145/277858.277906},
 doi = {10.1145/277858.277906},
 acmid = {277906},
 publisher = {ACM},
 address = {New York, NY, USA},
}

@inproceedings{Shriver:1998:ABM:277851.277906,
 author = {Shriver, Elizabeth and Merchant, Arif and Wilkes, John},
 title = {An Analytic Behavior Model for Disk Drives with Readahead Caches and Request Reordering},
 booktitle = {Proceedings of the 1998 ACM SIGMETRICS Joint International Conference on Measurement and Modeling of Computer Systems},
 series = {SIGMETRICS '98/PERFORMANCE '98},
 year = {1998},
 isbn = {0-89791-982-3},
 location = {Madison, Wisconsin, USA},
 pages = {182--191},
 numpages = {10},
 url = {http://doi.acm.org/10.1145/277851.277906},
 doi = {10.1145/277851.277906},
 acmid = {277906},
 publisher = {ACM},
 address = {New York, NY, USA},
}

@article{Heer:2009:VVS:1435417.1435439,
 author = {Heer, Jeffrey and Vi{\'e}gas, Fernanda B. and Wattenberg, Martin},
 title = {Voyagers and Voyeurs: Supporting Asynchronous Collaborative Visualization},
 journal = {Commun. ACM},
 issue_date = {January 2009},
 volume = {52},
 number = {1},
 month = jan,
 year = {2009},
 issn = {0001-0782},
 pages = {87--97},
 numpages = {11},
 url = {http://doi.acm.org/10.1145/1435417.1435439},
 doi = {10.1145/1435417.1435439},
 acmid = {1435439},
 publisher = {ACM},
 address = {New York, NY, USA},
}

@article{Shafaei:2017:MDS:3160863.3139242,
 author = {Shafaei, Mansour and Hajkazemi, Mohammad Hossein and Desnoyers, Peter and Aghayev, Abutalib},
 title = {Modeling Drive-Managed SMR Performance},
 journal = {ACM Trans. Storage},
 issue_date = {December 2017},
 volume = {13},
 number = {4},
 month = dec,
 year = {2017},
 issn = {1553-3077},
 pages = {38:1--38:22},
 articleno = {38},
 numpages = {22},
 url = {http://doi.acm.org/10.1145/3139242},
 doi = {10.1145/3139242},
 acmid = {3139242},
 publisher = {ACM},
 address = {New York, NY, USA},
 keywords = {Shingled Magnetic Recording (SMR), modeling, performance.},
}

@inproceedings{duMouza:2009:ASS:1645953.1645993,
 author = {du Mouza, C{\'e}dric and Litwin, Witold and Rigaux, Philippe and Schwarz, Thomas},
 title = {AS-index: A Structure for String Search Using N-grams and Algebraic Signatures},
 booktitle = {Proceedings of the 18th ACM Conference on Information and Knowledge Management},
 series = {CIKM '09},
 year = {2009},
 isbn = {978-1-60558-512-3},
 location = {Hong Kong, China},
 pages = {295--304},
 numpages = {10},
 url = {http://doi.acm.org/10.1145/1645953.1645993},
 doi = {10.1145/1645953.1645993},
 acmid = {1645993},
 publisher = {ACM},
 address = {New York, NY, USA},
 keywords = {full text indexing, large scale indexing},
}

@article{Gomes:2018:CS:3212709.3179993,
 author = {Gomes, Cl\'{a}udio and Thule, Casper and Broman, David and Larsen, Peter Gorm and Vangheluwe, Hans},
 title = {Co-Simulation: A Survey},
 journal = {ACM Comput. Surv.},
 issue_date = {July 2018},
 volume = {51},
 number = {3},
 month = may,
 year = {2018},
 issn = {0360-0300},
 pages = {49:1--49:33},
 articleno = {49},
 numpages = {33},
 url = {http://doi.acm.org/10.1145/3179993},
 doi = {10.1145/3179993},
 acmid = {3179993},
 publisher = {ACM},
 address = {New York, NY, USA},
 keywords = {Co-simulation, compositionality, simulation},
}

@article{Drmota:2013:MTD:2487241.2487242,
 author = {Drmota, Michael and Szpankowski, Wojciech},
 title = {A Master Theorem for Discrete Divide and Conquer Recurrences},
 journal = {J. ACM},
 issue_date = {June 2013},
 volume = {60},
 number = {3},
 month = jun,
 year = {2013},
 issn = {0004-5411},
 pages = {16:1--16:49},
 articleno = {16},
 numpages = {49},
 url = {http://doi.acm.org/10.1145/2487241.2487242},
 doi = {10.1145/2487241.2487242},
 acmid = {2487242},
 publisher = {ACM},
 address = {New York, NY, USA},
 keywords = {Boncelet's data compression algorithm, Dirichlet series, Divide-and-conquer recurrence, Karatsuba algorithm, Mellin-Perron formula, Strassen algorithm, Tauberian theorem, mergesort},
}

@inproceedings{Saeed:2017:CST:3098822.3098852,
 author = {Saeed, Ahmed and Dukkipati, Nandita and Valancius, Vytautas and The Lam, Vinh and Contavalli, Carlo and Vahdat, Amin},
 title = {Carousel: Scalable Traffic Shaping at End Hosts},
 booktitle = {Proceedings of the Conference of the ACM Special Interest Group on Data Communication},
 series = {SIGCOMM '17},
 year = {2017},
 isbn = {978-1-4503-4653-5},
 location = {Los Angeles, CA, USA},
 pages = {404--417},
 numpages = {14},
 url = {http://doi.acm.org/10.1145/3098822.3098852},
 doi = {10.1145/3098822.3098852},
 acmid = {3098852},
 publisher = {ACM},
 address = {New York, NY, USA},
 keywords = {Backpressure, Pacing, Rate-limiters, Timing Wheel, Traffic shaping},
}

@article{Zhu:2005:HHD:1095809.1095828,
 author = {Zhu, Qingbo and Chen, Zhifeng and Tan, Lin and Zhou, Yuanyuan and Keeton, Kimberly and Wilkes, John},
 title = {Hibernator: Helping Disk Arrays Sleep Through the Winter},
 journal = {SIGOPS Oper. Syst. Rev.},
 issue_date = {December 2005},
 volume = {39},
 number = {5},
 month = oct,
 year = {2005},
 issn = {0163-5980},
 pages = {177--190},
 numpages = {14},
 url = {http://doi.acm.org/10.1145/1095809.1095828},
 doi = {10.1145/1095809.1095828},
 acmid = {1095828},
 publisher = {ACM},
 address = {New York, NY, USA},
 keywords = {disk array, disk layout, energy management, performance guarantee, storage system},
}

@inproceedings{Zhu:2005:HHD:1095810.1095828,
 author = {Zhu, Qingbo and Chen, Zhifeng and Tan, Lin and Zhou, Yuanyuan and Keeton, Kimberly and Wilkes, John},
 title = {Hibernator: Helping Disk Arrays Sleep Through the Winter},
 booktitle = {Proceedings of the Twentieth ACM Symposium on Operating Systems Principles},
 series = {SOSP '05},
 year = {2005},
 isbn = {1-59593-079-5},
 location = {Brighton, United Kingdom},
 pages = {177--190},
 numpages = {14},
 url = {http://doi.acm.org/10.1145/1095810.1095828},
 doi = {10.1145/1095810.1095828},
 acmid = {1095828},
 publisher = {ACM},
 address = {New York, NY, USA},
 keywords = {disk array, disk layout, energy management, performance guarantee, storage system},
}

@inproceedings{Best:2010:RVN:1850795.1850805,
 author = {Best, Daniel M. and Bohn, Shawn and Love, Douglas and Wynne, Adam and Pike, William A.},
 title = {Real-time Visualization of Network Behaviors for Situational Awareness},
 booktitle = {Proceedings of the Seventh International Symposium on Visualization for Cyber Security},
 series = {VizSec '10},
 year = {2010},
 isbn = {978-1-4503-0013-1},
 location = {Ottawa, Ontario, Canada},
 pages = {79--90},
 numpages = {12},
 url = {http://doi.acm.org/10.1145/1850795.1850805},
 doi = {10.1145/1850795.1850805},
 acmid = {1850805},
 publisher = {ACM},
 address = {New York, NY, USA},
 keywords = {behavior modeling, high-throughput, network flow, real-time, symbolic aggregate approximation, visualization},
}

@article{Thomasian:2011:SAD:2024716.2024719,
 author = {Thomasian, Alexander},
 title = {Survey and Analysis of Disk Scheduling Methods},
 journal = {SIGARCH Comput. Archit. News},
 issue_date = {May 2011},
 volume = {39},
 number = {2},
 month = aug,
 year = {2011},
 issn = {0163-5964},
 pages = {8--25},
 numpages = {18},
 url = {http://doi.acm.org/10.1145/2024716.2024719},
 doi = {10.1145/2024716.2024719},
 acmid = {2024719},
 publisher = {ACM},
 address = {New York, NY, USA},
 keywords = {SCAN, disk scheduling policies, hard-disk drive (HDD), hierarchical modeling, performance analysis, queueing analysis, shortest access/positioning time first: SATF/SPTF, simulation},
}

@article{Kartakis:2017:RSO:3129740.3064840,
 author = {Kartakis, Sokratis and Yang, Shusen and Mccann, Julie A.},
 title = {Reliability or Sustainability: Optimal Data Stream Estimation and Scheduling in Smart Water Networks},
 journal = {ACM Trans. Sen. Netw.},
 issue_date = {September 2017},
 volume = {13},
 number = {3},
 month = aug,
 year = {2017},
 issn = {1550-4859},
 pages = {18:1--18:27},
 articleno = {18},
 numpages = {27},
 url = {http://doi.acm.org/10.1145/3064840},
 doi = {10.1145/3064840},
 acmid = {3064840},
 publisher = {ACM},
 address = {New York, NY, USA},
 keywords = {Wireless sensor networks, media access control, multichannel, radio interference, time synchronization},
}

@article{Mitra:2017:SEE:3171581.3134716,
 author = {Mitra, Tanushree and Muller, Michael and Shami, N. Sadat and Golestani, Abbas and Masli, Mikhil},
 title = {Spread of Employee Engagement in a Large Organizational Network: A Longitudinal Analysis},
 journal = {Proc. ACM Hum.-Comput. Interact.},
 issue_date = {November 2017},
 volume = {1},
 number = {CSCW},
 month = dec,
 year = {2017},
 issn = {2573-0142},
 pages = {81:1--81:20},
 articleno = {81},
 numpages = {20},
 url = {http://doi.acm.org/10.1145/3134716},
 doi = {10.1145/3134716},
 acmid = {3134716},
 publisher = {ACM},
 address = {New York, NY, USA},
 keywords = {behavioral contagion, computer mediated communication, workplace analytics, workplace engagement},
}

@article{Zhang:2006:SPV:1168910.1168913,
 author = {Zhang, Jianyong and Sivasubramaniam, Anand and Wang, Qian and Riska, Alma and Riedel, Erik},
 title = {Storage Performance Virtualization via Throughput and Latency Control},
 journal = {Trans. Storage},
 issue_date = {August 2006},
 volume = {2},
 number = {3},
 month = aug,
 year = {2006},
 issn = {1553-3077},
 pages = {283--308},
 numpages = {26},
 url = {http://doi.acm.org/10.1145/1168910.1168913},
 doi = {10.1145/1168910.1168913},
 acmid = {1168913},
 publisher = {ACM},
 address = {New York, NY, USA},
 keywords = {I/O scheduling, Storage systems, fairness, performance isolation, quality of service, virtualization},
}

@article{Khalastchi:2018:FDD:3177787.3146389,
 author = {Khalastchi, Eliahu and Kalech, Meir},
 title = {On Fault Detection and Diagnosis in Robotic Systems},
 journal = {ACM Comput. Surv.},
 issue_date = {April 2018},
 volume = {51},
 number = {1},
 month = jan,
 year = {2018},
 issn = {0360-0300},
 pages = {9:1--9:24},
 articleno = {9},
 numpages = {24},
 url = {http://doi.acm.org/10.1145/3146389},
 doi = {10.1145/3146389},
 acmid = {3146389},
 publisher = {ACM},
 address = {New York, NY, USA},
 keywords = {Fault detection, fault diagnosis, robots},
}

@article{Prusa:2016:DWT:2956571.2839298,
 author = {Pr\r{u}\v{s}a, Zden\&Ecaron;K and S{\o}ndergaard, Peter L. and Rajmic, Pavel},
 title = {Discrete Wavelet Transforms in the Large Time-Frequency Analysis Toolbox for MATLAB/GNU Octave},
 journal = {ACM Trans. Math. Softw.},
 issue_date = {July 2016},
 volume = {42},
 number = {4},
 month = jun,
 year = {2016},
 issn = {0098-3500},
 pages = {32:1--32:23},
 articleno = {32},
 numpages = {23},
 url = {http://doi.acm.org/10.1145/2839298},
 doi = {10.1145/2839298},
 acmid = {2839298},
 publisher = {ACM},
 address = {New York, NY, USA},
 keywords = {Filterbanks, discrete wavelet packets, discrete wavelet transform, dual-tree complex wavelet transform, finite frames},
}

@inproceedings{Bansal:2001:DBS:383059.383080,
 author = {Bansal, Deepak and Balakrishnan, Hari and Floyd, Sally and Shenker, Scott},
 title = {Dynamic Behavior of Slowly-responsive Congestion Control Algorithms},
 booktitle = {Proceedings of the 2001 Conference on Applications, Technologies, Architectures, and Protocols for Computer Communications},
 series = {SIGCOMM '01},
 year = {2001},
 isbn = {1-58113-411-8},
 location = {San Diego, California, USA},
 pages = {263--274},
 numpages = {12},
 url = {http://doi.acm.org/10.1145/383059.383080},
 doi = {10.1145/383059.383080},
 acmid = {383080},
 publisher = {ACM},
 address = {New York, NY, USA},
}

@article{Bansal:2001:DBS:964723.383080,
 author = {Bansal, Deepak and Balakrishnan, Hari and Floyd, Sally and Shenker, Scott},
 title = {Dynamic Behavior of Slowly-responsive Congestion Control Algorithms},
 journal = {SIGCOMM Comput. Commun. Rev.},
 issue_date = {October 2001},
 volume = {31},
 number = {4},
 month = aug,
 year = {2001},
 issn = {0146-4833},
 pages = {263--274},
 numpages = {12},
 url = {http://doi.acm.org/10.1145/964723.383080},
 doi = {10.1145/964723.383080},
 acmid = {383080},
 publisher = {ACM},
 address = {New York, NY, USA},
}

@article{Lim:2012:DQM:2318857.2254790,
 author = {Lim, Seung-Hwan and Huh, Jae-Seok and Kim, Youngjae and Shipman, Galen M. and Das, Chita R.},
 title = {D-factor: A Quantitative Model of Application Slow-down in Multi-resource Shared Systems},
 journal = {SIGMETRICS Perform. Eval. Rev.},
 issue_date = {June 2012},
 volume = {40},
 number = {1},
 month = jun,
 year = {2012},
 issn = {0163-5999},
 pages = {271--282},
 numpages = {12},
 url = {http://doi.acm.org/10.1145/2318857.2254790},
 doi = {10.1145/2318857.2254790},
 acmid = {2254790},
 publisher = {ACM},
 address = {New York, NY, USA},
 keywords = {application running time, cloud computing, performance modeling, shared resource management},
}

@inproceedings{Lim:2012:DQM:2254756.2254790,
 author = {Lim, Seung-Hwan and Huh, Jae-Seok and Kim, Youngjae and Shipman, Galen M. and Das, Chita R.},
 title = {D-factor: A Quantitative Model of Application Slow-down in Multi-resource Shared Systems},
 booktitle = {Proceedings of the 12th ACM SIGMETRICS/PERFORMANCE Joint International Conference on Measurement and Modeling of Computer Systems},
 series = {SIGMETRICS '12},
 year = {2012},
 isbn = {978-1-4503-1097-0},
 location = {London, England, UK},
 pages = {271--282},
 numpages = {12},
 url = {http://doi.acm.org/10.1145/2254756.2254790},
 doi = {10.1145/2254756.2254790},
 acmid = {2254790},
 publisher = {ACM},
 address = {New York, NY, USA},
 keywords = {application running time, cloud computing, performance modeling, shared resource management},
}

@article{Lee:2018:PRA:3231481.3231517,
 author = {Lee, Juchang and Han, Wook-Shin and Na, Hyoung Jun and Park, Chang Gyoo and Kim, Kyu Hwan and Kim, Deok Hoe and Lee, Joo Yeon and Cha, Sang Kyun and Moon, Seunghyun},
 title = {Parallel Replication Across Formats for Scaling out Mixed OLTP/OLAP Workloads in Main-memory Databases},
 journal = {The VLDB Journal},
 issue_date = {June      2018},
 volume = {27},
 number = {3},
 month = jun,
 year = {2018},
 issn = {1066-8888},
 pages = {421--444},
 numpages = {24},
 url = {https://doi.org/10.1007/s00778-018-0503-z},
 doi = {10.1007/s00778-018-0503-z},
 acmid = {3231517},
 publisher = {Springer-Verlag},
 address = {Berlin, Heidelberg},
 keywords = {Database replication, In-memory database, SAP HANA, Scaling out},
}

@article{Cao:2017:DSC:3101309.3076253,
 author = {Cao, Longbing},
 title = {Data Science: A Comprehensive Overview},
 journal = {ACM Comput. Surv.},
 issue_date = {October 2017},
 volume = {50},
 number = {3},
 month = jun,
 year = {2017},
 issn = {0360-0300},
 pages = {43:1--43:42},
 articleno = {43},
 numpages = {42},
 url = {http://doi.acm.org/10.1145/3076253},
 doi = {10.1145/3076253},
 acmid = {3076253},
 publisher = {ACM},
 address = {New York, NY, USA},
 keywords = {Big data, advanced analytics, big data analytics, computing, data DNA, data analysis, data analytics, data economy, data education, data engineering, data industry, data innovation, data profession, data science, data scientist, data service, informatics, statistics},
}

@article{Zhang:2006:VFD:1183287.1183290,
 author = {Zhang, Eugene and Mischaikow, Konstantin and Turk, Greg and Turk, Greg},
 title = {Vector Field Design on Surfaces},
 journal = {ACM Trans. Graph.},
 issue_date = {October 2006},
 volume = {25},
 number = {4},
 month = oct,
 year = {2006},
 issn = {0730-0301},
 pages = {1294--1326},
 numpages = {33},
 url = {http://doi.acm.org/10.1145/1183287.1183290},
 doi = {10.1145/1183287.1183290},
 acmid = {1183290},
 publisher = {ACM},
 address = {New York, NY, USA},
 keywords = {Vector field design, computational geometry, nonphotorealistic rendering, surfaces, texture synthesis, topology},
}

@article{Thomasian:2010:SRI:1823838.1823840,
 author = {Thomasian, Alexander},
 title = {Storage Research in Industry and Universities},
 journal = {SIGARCH Comput. Archit. News},
 issue_date = {May 2010},
 volume = {38},
 number = {2},
 month = jun,
 year = {2010},
 issn = {0163-5964},
 pages = {1--48},
 numpages = {48},
 url = {http://doi.acm.org/10.1145/1823838.1823840},
 doi = {10.1145/1823838.1823840},
 acmid = {1823840},
 publisher = {ACM},
 address = {New York, NY, USA},
}

@article{Thomasian:2009:HRR:1629075.1629076,
 author = {Thomasian, Alexander and Blaum, Mario},
 title = {Higher Reliability Redundant Disk Arrays: Organization, Operation, and Coding},
 journal = {Trans. Storage},
 issue_date = {November 2009},
 volume = {5},
 number = {3},
 month = nov,
 year = {2009},
 issn = {1553-3077},
 pages = {7:1--7:59},
 articleno = {7},
 numpages = {59},
 url = {http://doi.acm.org/10.1145/1629075.1629076},
 doi = {10.1145/1629075.1629076},
 acmid = {1629076},
 publisher = {ACM},
 address = {New York, NY, USA},
 keywords = {Disk array, RAID, disk failure studies, performance evaluation, reliability evaluation},
}

