@inproceedings{McConnell:2002:CAL:1658616.1658724,
 author = {McConnell, David},
 title = {Collaborative Assessment As a Learning Process in e-Learning},
 booktitle = {Proceedings of the Conference on Computer Support for Collaborative Learning: Foundations for a CSCL Community},
 series = {CSCL '02},
 year = {2002},
 location = {Boulder, Colorado},
 pages = {566--567},
 numpages = {2},
 url = {http://dl.acm.org/citation.cfm?id=1658616.1658724},
 acmid = {1658724},
 publisher = {International Society of the Learning Sciences},
 keywords = {assessment criteria, collaborative assessment, collaborative e-learning, experience of learning, shared power},
}

@inproceedings{Pardo:2015:COE:2723576.2723625,
 author = {Pardo, Abelardo and Ellis, Robert A. and Calvo, Rafael A.},
 title = {Combining Observational and Experiential Data to Inform the Redesign of Learning Activities},
 booktitle = {Proceedings of the Fifth International Conference on Learning Analytics And Knowledge},
 series = {LAK '15},
 year = {2015},
 isbn = {978-1-4503-3417-4},
 location = {Poughkeepsie, New York},
 pages = {305--309},
 numpages = {5},
 url = {http://doi.acm.org/10.1145/2723576.2723625},
 doi = {10.1145/2723576.2723625},
 acmid = {2723625},
 publisher = {ACM},
 address = {New York, NY, USA},
 keywords = {active learning, approaches to learning, interventions, learning analytics, mixed methods analysis},
}

@inproceedings{Pears:2007:WPT:2449323.2449353,
 author = {Pears, Arnold and East, Philip and McCartney, Robert and Ratcliffe, Mark Bartley and Stamouli, Ioanna and Berglund, Anders and Kinnunen, P\"{a}ivi and Mostr\"{o}m, Jan-Erik and Schulte, Carsten and Eckerdal, Anna and Malmi, Lauri and Murphy, Laurie and Simon, Beth and Thomas, Lynda},
 title = {What's the Problem?: Teachers' Experience of Student Learning Successes and Failures},
 booktitle = {Proceedings of the Seventh Baltic Sea Conference on Computing Education Research - Volume 88},
 series = {Koli Calling '07},
 year = {2007},
 isbn = {978-1-920682-69-9},
 location = {Koli National Park, Finland},
 pages = {207--211},
 numpages = {5},
 url = {http://dl.acm.org/citation.cfm?id=2449323.2449353},
 acmid = {2449353},
 publisher = {Australian Computer Society, Inc.},
 address = {Darlinghurst, Australia, Australia},
 keywords = {computing education, learning, student, teacher experiences},
}

@inproceedings{Pardo:2015:ILS:2723576.2723611,
 author = {Pardo, Abelardo and Mirriahi, Negin and Dawson, Shane and Zhao, Yu and Zhao, An and Ga\v{s}evi\'{c}, Dragan},
 title = {Identifying Learning Strategies Associated with Active Use of Video Annotation Software},
 booktitle = {Proceedings of the Fifth International Conference on Learning Analytics And Knowledge},
 series = {LAK '15},
 year = {2015},
 isbn = {978-1-4503-3417-4},
 location = {Poughkeepsie, New York},
 pages = {255--259},
 numpages = {5},
 url = {http://doi.acm.org/10.1145/2723576.2723611},
 doi = {10.1145/2723576.2723611},
 acmid = {2723611},
 publisher = {ACM},
 address = {New York, NY, USA},
 keywords = {learning analytics, learning strategies, video annotation software},
}

@inproceedings{Pardo:2017:CDS:3027385.3029441,
 author = {Pardo, Abelardo and Mart\'{\i}nez-Maldonado, Roberto and Buckingham Shum, Simon and Schulte, Jurgen and McIntyre, Simon and Ga\v{s}evi\'{c}, Dragan and Gao, Jing and Siemens, George},
 title = {Connecting Data with Student Support Actions in a Course: A Hands-on Tutorial},
 booktitle = {Proceedings of the Seventh International Learning Analytics \&\#38; Knowledge Conference},
 series = {LAK '17},
 year = {2017},
 isbn = {978-1-4503-4870-6},
 location = {Vancouver, British Columbia, Canada},
 pages = {522--523},
 numpages = {2},
 url = {http://doi.acm.org/10.1145/3027385.3029441},
 doi = {10.1145/3027385.3029441},
 acmid = {3029441},
 publisher = {ACM},
 address = {New York, NY, USA},
 keywords = {feedback, instructional design, learning analytics, predictive analytics, student support},
}

@inproceedings{McMenemy:2005:FER:1187358.1187371,
 author = {McMenemy, Karen and Ferguson, Stuart},
 title = {Fashionable Education: Is RGB the New Black?},
 booktitle = {ACM SIGGRAPH 2005 Educators Program},
 series = {SIGGRAPH '05},
 year = {2005},
 location = {Los Angeles, California},
 articleno = {10},
 url = {http://doi.acm.org/10.1145/1187358.1187371},
 doi = {10.1145/1187358.1187371},
 acmid = {1187371},
 publisher = {ACM},
 address = {New York, NY, USA},
}

@inproceedings{Ke:2008:BLL:1599936.1600013,
 author = {Ke, Zhao and Chan, Carol K. K.},
 title = {Beliefs About Learning and Learning Strategies of Chinese English for International Business (EIB) Students in Project-based Learning Instruction},
 booktitle = {Proceedings of the 8th International Conference on International Conference for the Learning Sciences - Volume 3},
 series = {ICLS'08},
 year = {2008},
 location = {Utrecht, The Netherlands},
 pages = {163--164},
 numpages = {2},
 url = {http://dl.acm.org/citation.cfm?id=1599936.1600013},
 acmid = {1600013},
 publisher = {International Society of the Learning Sciences},
}

@inproceedings{Simon:2006:PSF:1151869.1151894,
 author = {Simon and Fincher, Sally and Robins, Anthony and Baker, Bob and Box, Ilona and Cutts, Quintin and de Raadt, Michael and Haden, Patricia and Hamer, John and Hamilton, Margaret and Lister, Raymond and Petre, Marian and Sutton, Ken and Tolhurst, Denise and Tutty, Jodi},
 title = {Predictors of Success in a First Programming Course},
 booktitle = {Proceedings of the 8th Australasian Conference on Computing Education - Volume 52},
 series = {ACE '06},
 year = {2006},
 isbn = {1-920682-34-1},
 location = {Hobart, Australia},
 pages = {189--196},
 numpages = {8},
 url = {http://dl.acm.org/citation.cfm?id=1151869.1151894},
 acmid = {1151894},
 publisher = {Australian Computer Society, Inc.},
 address = {Darlinghurst, Australia, Australia},
 keywords = {education, programming aptitude},
}

@inproceedings{Thota:2012:IPP:2483716.2483729,
 author = {Thota, Neena and Berglund, Anders and Clear, Tony},
 title = {Illustration of Paradigm Pluralism in Computing Education Research},
 booktitle = {Proceedings of the Fourteenth Australasian Computing Education Conference - Volume 123},
 series = {ACE '12},
 year = {2012},
 isbn = {978-1-921770-04-3},
 location = {Melbourne, Australia},
 pages = {103--112},
 numpages = {10},
 url = {http://dl.acm.org/citation.cfm?id=2483716.2483729},
 acmid = {2483729},
 publisher = {Australian Computer Society, Inc.},
 address = {Darlinghurst, Australia, Australia},
 keywords = {methodology, mixed methods, paradigm},
}

@inproceedings{Panimdim:2018:CAC:3291078.3291122,
 author = {Panimdim, Cyrille Y. and Ismael, Judith D.},
 title = {The Correlation of Academic and Clinical Performance Among Nursing Students of Batch 2015-2017},
 booktitle = {Proceedings of the 2018 2Nd International Conference on Education and E-Learning},
 series = {ICEEL 2018},
 year = {2018},
 isbn = {978-1-4503-6577-2},
 location = {Bali, Indonesia},
 pages = {159--163},
 numpages = {5},
 url = {http://doi.acm.org/10.1145/3291078.3291122},
 doi = {10.1145/3291078.3291122},
 acmid = {3291122},
 publisher = {ACM},
 address = {New York, NY, USA},
 keywords = {Academic performance, Clinical performance, batch, competency, correlation, descriptive, nursing students},
}

@article{Hughes:2006:ACS:1140123.1140197,
 author = {Hughes, Janet and Peiris, D. Ramanee},
 title = {ASSISTing CS1 Students to Learn: Learning Approaches and Object-oriented Programming},
 journal = {SIGCSE Bull.},
 issue_date = {September 2006},
 volume = {38},
 number = {3},
 month = jun,
 year = {2006},
 issn = {0097-8418},
 pages = {275--279},
 numpages = {5},
 url = {http://doi.acm.org/10.1145/1140123.1140197},
 doi = {10.1145/1140123.1140197},
 acmid = {1140197},
 publisher = {ACM},
 address = {New York, NY, USA},
 keywords = {learning study approach, programming},
}

@inproceedings{Hughes:2006:ACS:1140124.1140197,
 author = {Hughes, Janet and Peiris, D. Ramanee},
 title = {ASSISTing CS1 Students to Learn: Learning Approaches and Object-oriented Programming},
 booktitle = {Proceedings of the 11th Annual SIGCSE Conference on Innovation and Technology in Computer Science Education},
 series = {ITICSE '06},
 year = {2006},
 isbn = {1-59593-055-8},
 location = {Bologna, Italy},
 pages = {275--279},
 numpages = {5},
 url = {http://doi.acm.org/10.1145/1140124.1140197},
 doi = {10.1145/1140124.1140197},
 acmid = {1140197},
 publisher = {ACM},
 address = {New York, NY, USA},
 keywords = {learning study approach, programming},
}

@inproceedings{McCartney:2007:SSS:1268784.1268831,
 author = {McCartney, Robert and Eckerdal, Anna and Mostrom, Jan Erik and Sanders, Kate and Zander, Carol},
 title = {Successful Students' Strategies for Getting Unstuck},
 booktitle = {Proceedings of the 12th Annual SIGCSE Conference on Innovation and Technology in Computer Science Education},
 series = {ITiCSE '07},
 year = {2007},
 isbn = {978-1-59593-610-3},
 location = {Dundee, Scotland},
 pages = {156--160},
 numpages = {5},
 url = {http://doi.acm.org/10.1145/1268784.1268831},
 doi = {10.1145/1268784.1268831},
 acmid = {1268831},
 publisher = {ACM},
 address = {New York, NY, USA},
 keywords = {learning strategies, stuck places, threshold concepts},
}

@article{McCartney:2007:SSS:1269900.1268831,
 author = {McCartney, Robert and Eckerdal, Anna and Mostrom, Jan Erik and Sanders, Kate and Zander, Carol},
 title = {Successful Students' Strategies for Getting Unstuck},
 journal = {SIGCSE Bull.},
 issue_date = {September 2007},
 volume = {39},
 number = {3},
 month = jun,
 year = {2007},
 issn = {0097-8418},
 pages = {156--160},
 numpages = {5},
 url = {http://doi.acm.org/10.1145/1269900.1268831},
 doi = {10.1145/1269900.1268831},
 acmid = {1268831},
 publisher = {ACM},
 address = {New York, NY, USA},
 keywords = {learning strategies, stuck places, threshold concepts},
}

@inproceedings{Greening:1997:PER:299359.299367,
 author = {Greening, Tony},
 title = {Paradigms for Educational Research in Computer Science},
 booktitle = {Proceedings of the 2Nd Australasian Conference on Computer Science Education},
 series = {ACSE '97},
 year = {1996},
 isbn = {0-89791-958-0},
 location = {The Univ. of Melbourne, Australia},
 pages = {47--51},
 numpages = {5},
 url = {http://doi.acm.org/10.1145/299359.299367},
 doi = {10.1145/299359.299367},
 acmid = {299367},
 publisher = {ACM},
 address = {New York, NY, USA},
}

@article{Woods:2018:UAM:3280489.3280494,
 author = {Woods, David and Hulshult, Andrea},
 title = {Using Agile Methods to Scaffold Team Projects in an It Ethics Course},
 journal = {J. Comput. Sci. Coll.},
 issue_date = {October 2018},
 volume = {34},
 number = {1},
 month = oct,
 year = {2018},
 issn = {1937-4771},
 pages = {17--23},
 numpages = {7},
 url = {http://dl.acm.org/citation.cfm?id=3280489.3280494},
 acmid = {3280494},
 publisher = {Consortium for Computing Sciences in Colleges},
 address = {USA},
}

@inproceedings{Katz:2003:SIP:761849.761879,
 author = {Katz, Sandra and Aronis, John and Allbritton, David and Wilson, Christine and Soffa, Mary Lou},
 title = {A Study to Identify Predictors of Achievement in an Introductory Computer Science Course},
 booktitle = {Proceedings of the 2003 SIGMIS Conference on Computer Personnel Research: Freedom in Philadelphia--leveraging Differences and Diversity in the IT Workforce},
 series = {SIGMIS CPR '03},
 year = {2003},
 isbn = {1-58113-666-8},
 location = {Philadelphia, Pennsylvania},
 pages = {157--161},
 numpages = {5},
 url = {http://doi.acm.org/10.1145/761849.761879},
 doi = {10.1145/761849.761879},
 acmid = {761879},
 publisher = {ACM},
 address = {New York, NY, USA},
 keywords = {computer science instruction, gender and computer science, programming instruction},
}

@article{Thota:2016:LCS:2940362.2853199,
 author = {Thota, Neena and Berglund, Anders},
 title = {Learning Computer Science: Dimensions of Variation Within What Chinese Students Learn},
 journal = {Trans. Comput. Educ.},
 issue_date = {June 2016},
 volume = {16},
 number = {3},
 month = may,
 year = {2016},
 issn = {1946-6226},
 pages = {10:1--10:27},
 articleno = {10},
 numpages = {27},
 url = {http://doi.acm.org/10.1145/2853199},
 doi = {10.1145/2853199},
 acmid = {2853199},
 publisher = {ACM},
 address = {New York, NY, USA},
 keywords = {Computer science education, context, phenomenography, qualitative research, variation theory},
}

@inproceedings{Bachtiar:2017:APL:3029387.3029422,
 author = {Bachtiar, Fitra A. and Sulistyo, Gunadi H. and Cooper, Eric W. and Katsuari, Kamei},
 title = {Affect, Personality, and Learning Styles in Online Reading Comprehension},
 booktitle = {Proceedings of the 5th International Conference on Information and Education Technology},
 series = {ICIET '17},
 year = {2017},
 isbn = {978-1-4503-4803-4},
 location = {Tokyo, Japan},
 pages = {78--83},
 numpages = {6},
 url = {http://doi.acm.org/10.1145/3029387.3029422},
 doi = {10.1145/3029387.3029422},
 acmid = {3029422},
 publisher = {ACM},
 address = {New York, NY, USA},
 keywords = {Affective, learning styles, online learning, personality, reading},
}

@inproceedings{Jivet:2018:LEP:3170358.3170421,
 author = {Jivet, Ioana and Scheffel, Maren and Specht, Marcus and Drachsler, Hendrik},
 title = {License to Evaluate: Preparing Learning Analytics Dashboards for Educational Practice},
 booktitle = {Proceedings of the 8th International Conference on Learning Analytics and Knowledge},
 series = {LAK '18},
 year = {2018},
 isbn = {978-1-4503-6400-3},
 location = {Sydney, New South Wales, Australia},
 pages = {31--40},
 numpages = {10},
 url = {http://doi.acm.org/10.1145/3170358.3170421},
 doi = {10.1145/3170358.3170421},
 acmid = {3170421},
 publisher = {ACM},
 address = {New York, NY, USA},
 keywords = {competition, evaluation, learning analytics, learning dashboards, learning science, learning theory, social comparison, systematic review},
}

@inproceedings{Beheshitha:2015:PMA:2723576.2723628,
 author = {Beheshitha, Sanam Shirazi and Ga\v{s}evi\'{c}, Dragan and Hatala, Marek},
 title = {A Process Mining Approach to Linking the Study of Aptitude and Event Facets of Self-regulated Learning},
 booktitle = {Proceedings of the Fifth International Conference on Learning Analytics And Knowledge},
 series = {LAK '15},
 year = {2015},
 isbn = {978-1-4503-3417-4},
 location = {Poughkeepsie, New York},
 pages = {265--269},
 numpages = {5},
 url = {http://doi.acm.org/10.1145/2723576.2723628},
 doi = {10.1145/2723576.2723628},
 acmid = {2723628},
 publisher = {ACM},
 address = {New York, NY, USA},
 keywords = {clustering, learning patterns, process mining, self-regulated learning},
}

@inproceedings{Xiuqin:2019:AGE:3318396.3318434,
 author = {Xiuqin, Yang},
 title = {Achievement Gains from Educational Policy Reform: The Case of China's Education Policy},
 booktitle = {Proceedings of the 2019 8th International Conference on Educational and Information Technology},
 series = {ICEIT 2019},
 year = {2019},
 isbn = {978-1-4503-6267-2},
 location = {Cambridge, United Kingdom},
 pages = {203--208},
 numpages = {6},
 url = {http://doi.acm.org/10.1145/3318396.3318434},
 doi = {10.1145/3318396.3318434},
 acmid = {3318434},
 publisher = {ACM},
 address = {New York, NY, USA},
 keywords = {Academic achievement, Educational policy, Learning motivation, Learning strategy, Tuition policy},
}

@inproceedings{Matcha:2019:ALS:3303772.3303787,
 author = {Matcha, Wannisa and Ga\v{s}evi\'{c}, Dragan and Uzir, Nora'Ayu Ahmad and Jovanovi\'{c}, Jelena and Pardo, Abelardo},
 title = {Analytics of Learning Strategies: Associations with Academic Performance and Feedback},
 booktitle = {Proceedings of the 9th International Conference on Learning Analytics \& Knowledge},
 series = {LAK19},
 year = {2019},
 isbn = {978-1-4503-6256-6},
 location = {Tempe, AZ, USA},
 pages = {461--470},
 numpages = {10},
 url = {http://doi.acm.org/10.1145/3303772.3303787},
 doi = {10.1145/3303772.3303787},
 acmid = {3303787},
 publisher = {ACM},
 address = {New York, NY, USA},
 keywords = {Data Mining, Feedback, Learning Analytics, Learning Strategies, Learning Tactics, Self-regulated Learning},
}

@inproceedings{Hamilton:2007:MCP:1273672.1273679,
 author = {Hamilton, Margaret and Berry, Marsha},
 title = {Mobile Computing, Programming, Games and Online Communities: Changes to the Communicative Ecology of Design Students Through Mobile Computing: Part 2},
 booktitle = {Proceedings of the Ninth Australasian Conference on Computing Education - Volume 66},
 series = {ACE '07},
 year = {2007},
 isbn = {1-920-68246-5},
 location = {Ballarat, Victoria, Australia},
 pages = {55--61},
 numpages = {7},
 url = {http://dl.acm.org/citation.cfm?id=1273672.1273679},
 acmid = {1273679},
 publisher = {Australian Computer Society, Inc.},
 address = {Darlinghurst, Australia, Australia},
 keywords = {communicative ecology, ethnographic action research, programming, tablet PCs},
}

@inproceedings{Madaio:2016:EMW:2909609.2909633,
 author = {Madaio, Michael A. and Grinter, Rebecca E. and Zegura, Ellen W.},
 title = {Experiences with MOOCs in a West-African Technology Hub},
 booktitle = {Proceedings of the Eighth International Conference on Information and Communication Technologies and Development},
 series = {ICTD '16},
 year = {2016},
 isbn = {978-1-4503-4306-0},
 location = {Ann Arbor, MI, USA},
 pages = {49:1--49:4},
 articleno = {49},
 numpages = {4},
 url = {http://doi.acm.org/10.1145/2909609.2909633},
 doi = {10.1145/2909609.2909633},
 acmid = {2909633},
 publisher = {ACM},
 address = {New York, NY, USA},
 keywords = {Africa, MOOCs, education, on-line learning, technology hubs},
}

@inproceedings{Nulden:1998:EPA:273133.273176,
 author = {Nuld{\'e}n, Urban},
 title = {The ExCon Project: Advocating Continuous Examination},
 booktitle = {Proceedings of the Twenty-ninth SIGCSE Technical Symposium on Computer Science Education},
 series = {SIGCSE '98},
 year = {1998},
 isbn = {0-89791-994-7},
 location = {Atlanta, Georgia, USA},
 pages = {126--130},
 numpages = {5},
 url = {http://doi.acm.org/10.1145/273133.273176},
 doi = {10.1145/273133.273176},
 acmid = {273176},
 publisher = {ACM},
 address = {New York, NY, USA},
 keywords = {Newton messagepad, assessment, examination, feedback},
}

@article{Nulden:1998:EPA:274790.273176,
 author = {Nuld{\'e}n, Urban},
 title = {The ExCon Project: Advocating Continuous Examination},
 journal = {SIGCSE Bull.},
 issue_date = {Mar. 1998},
 volume = {30},
 number = {1},
 month = mar,
 year = {1998},
 issn = {0097-8418},
 pages = {126--130},
 numpages = {5},
 url = {http://doi.acm.org/10.1145/274790.273176},
 doi = {10.1145/274790.273176},
 acmid = {273176},
 publisher = {ACM},
 address = {New York, NY, USA},
 keywords = {Newton messagepad, assessment, examination, feedback},
}

@inproceedings{LeFebvre:2012:HEC:2390317.2390318,
 author = {LeFebvre, Rebecca},
 title = {The Human Element in Cyber Security: A Study on Student Motivation to Act},
 booktitle = {Proceedings of the 2012 Information Security Curriculum Development Conference},
 series = {InfoSecCD '12},
 year = {2012},
 isbn = {978-1-4503-1538-8},
 location = {Kennesaw, Georgia},
 pages = {1--8},
 numpages = {8},
 url = {http://doi.acm.org/10.1145/2390317.2390318},
 doi = {10.1145/2390317.2390318},
 acmid = {2390318},
 publisher = {ACM},
 address = {New York, NY, USA},
 keywords = {computer virus, cyber security, motivation, social networking},
}

@inproceedings{Sheard:2007:ITL:2449323.2449335,
 author = {Sheard, Judy and Carbone, Angela},
 title = {ICT Teaching and Learning in a New Educational Paradigm: Lecturers' Perceptions Versus Students' Experiences},
 booktitle = {Proceedings of the Seventh Baltic Sea Conference on Computing Education Research - Volume 88},
 series = {Koli Calling '07},
 year = {2007},
 isbn = {978-1-920682-69-9},
 location = {Koli National Park, Finland},
 pages = {109--117},
 numpages = {9},
 url = {http://dl.acm.org/citation.cfm?id=2449323.2449335},
 acmid = {2449335},
 publisher = {Australian Computer Society, Inc.},
 address = {Darlinghurst, Australia, Australia},
 keywords = {ICT teaching and learning, educational paradigm, first year experience, lecturer and student perceptions, student-centred technology-enhanced},
}

@inproceedings{Pears:2006:SPR:1315803.1315812,
 author = {Pears, Arnold and Larzon, Lars-\AAke},
 title = {Student Perceptions of Reflections As an Aid to Learning},
 booktitle = {Proceedings of the 6th Baltic Sea Conference on Computing Education Research: Koli Calling 2006},
 series = {Baltic Sea '06},
 year = {2006},
 location = {Uppsala, Sweden},
 pages = {38--45},
 numpages = {8},
 url = {http://doi.acm.org/10.1145/1315803.1315812},
 doi = {10.1145/1315803.1315812},
 acmid = {1315812},
 publisher = {ACM},
 address = {New York, NY, USA},
}

@inproceedings{Piki:2017:LEM:3136907.3136927,
 author = {Piki, Andriani},
 title = {Learner Engagement in Mobile Computer-supported Collaborative Learning Contexts: An Integrative Framework},
 booktitle = {Proceedings of the 16th World Conference on Mobile and Contextual Learning},
 series = {mLearn 2017},
 year = {2017},
 isbn = {978-1-4503-5255-0},
 location = {Larnaca, Cyprus},
 pages = {24:1--24:7},
 articleno = {24},
 numpages = {7},
 url = {http://doi.acm.org/10.1145/3136907.3136927},
 doi = {10.1145/3136907.3136927},
 acmid = {3136927},
 publisher = {ACM},
 address = {New York, NY, USA},
 keywords = {collaborative learning, integrative framework, learner engagement, mobile technology, theoretical exploration},
}

@inproceedings{Caporusso:2009:PIL:1629501.1629536,
 author = {Caporusso, Nicholas},
 title = {Personality-aware Interfaces for Learning Applications},
 booktitle = {Proceedings of the 37th  Annual ACM SIGUCCS Fall Conference: Communication and Collaboration},
 series = {SIGUCCS '09},
 year = {2009},
 isbn = {978-1-60558-477-5},
 location = {St. Louis, Missouri, USA},
 pages = {189--196},
 numpages = {8},
 url = {http://doi.acm.org/10.1145/1629501.1629536},
 doi = {10.1145/1629501.1629536},
 acmid = {1629536},
 publisher = {ACM},
 address = {New York, NY, USA},
 keywords = {experiential learning theory, learning object, learning style, visual auditory kinesthetic, web-based educational system},
}

@inproceedings{deRaadt:2011:MSD:2459936.2459949,
 author = {de Raadt, Michael and Simon},
 title = {My Students Don'T Learn the Way I Do},
 booktitle = {Proceedings of the Thirteenth Australasian Computing Education Conference - Volume 114},
 series = {ACE '11},
 year = {2011},
 isbn = {978-1-920682-94-1},
 location = {Perth, Australia},
 pages = {105--112},
 numpages = {8},
 url = {http://dl.acm.org/citation.cfm?id=2459936.2459949},
 acmid = {2459949},
 publisher = {Australian Computer Society, Inc.},
 address = {Darlinghurst, Australia, Australia},
 keywords = {VARK, computing education, introductory programming, learning styles},
}

@Article{Girill:1997:254601,
 editor = {Girill, T. R.},
 journal = {SIGDOC Asterisk J. Comput. Doc.},
 year = {1997},
 issn = {0731-1001},
 volume = {21},
 number = {2},
 issue_date = {May 1997},
 publisher = {ACM},
 address = {New York, NY, USA},
}

@inproceedings{Holzl:2015:CCC:2821404.2821411,
 author = {H\"{o}lzl, Matthias and Gabor, Thomas},
 title = {Continuous Collaboration: A Case Study on the Development of an Adaptive Cyber-physical System},
 booktitle = {Proceedings of the First International Workshop on Software Engineering for Smart Cyber-Physical Systems},
 series = {SEsCPS '15},
 year = {2015},
 location = {Florence, Italy},
 pages = {19--25},
 numpages = {7},
 url = {http://dl.acm.org/citation.cfm?id=2821404.2821411},
 acmid = {2821411},
 publisher = {IEEE Press},
 address = {Piscataway, NJ, USA},
}

@inproceedings{Hosseini:2019:YG:3287324.3287411,
 author = {Hosseini, Hadi and Perweiler, Laurel},
 title = {Are You Game?},
 booktitle = {Proceedings of the 50th ACM Technical Symposium on Computer Science Education},
 series = {SIGCSE '19},
 year = {2019},
 isbn = {978-1-4503-5890-3},
 location = {Minneapolis, MN, USA},
 pages = {866--872},
 numpages = {7},
 url = {http://doi.acm.org/10.1145/3287324.3287411},
 doi = {10.1145/3287324.3287411},
 acmid = {3287411},
 publisher = {ACM},
 address = {New York, NY, USA},
 keywords = {game-based learning, introductory computer science, learning styles, scaffolding},
}

@inproceedings{ElliottTew:2012:TVC:2361276.2361303,
 author = {Elliott Tew, Allison and Dorn, Brian and Schneider, Oliver},
 title = {Toward a Validated Computing Attitudes Survey},
 booktitle = {Proceedings of the Ninth Annual International Conference on International Computing Education Research},
 series = {ICER '12},
 year = {2012},
 isbn = {978-1-4503-1604-0},
 location = {Auckland, New Zealand},
 pages = {135--142},
 numpages = {8},
 url = {http://doi.acm.org/10.1145/2361276.2361303},
 doi = {10.1145/2361276.2361303},
 acmid = {2361303},
 publisher = {ACM},
 address = {New York, NY, USA},
 keywords = {assessment, attitudes, surveys},
}

@inproceedings{Cope:1998:TUT:289393.289420,
 author = {Cope, Chris and Horan, Pat},
 title = {Toward an Understanding of Teaching and Learning About Information Systems},
 booktitle = {Proceedings of the 3rd Australasian Conference on Computer Science Education},
 series = {ACSE '98},
 year = {1998},
 isbn = {1-58113-018-X},
 location = {The University of Queensland, Australia},
 pages = {188--197},
 numpages = {10},
 url = {http://doi.acm.org/10.1145/289393.289420},
 doi = {10.1145/289393.289420},
 acmid = {289420},
 publisher = {ACM},
 address = {New York, NY, USA},
}

@inproceedings{Sheard:2013:APP:2462476.2465586,
 author = {Sheard, Judy and Simon and Carbone, Angela and D'Souza, Daryl and Hamilton, Margaret},
 title = {Assessment of Programming: Pedagogical Foundations of Exams},
 booktitle = {Proceedings of the 18th ACM Conference on Innovation and Technology in Computer Science Education},
 series = {ITiCSE '13},
 year = {2013},
 isbn = {978-1-4503-2078-8},
 location = {Canterbury, England, UK},
 pages = {141--146},
 numpages = {6},
 url = {http://doi.acm.org/10.1145/2462476.2465586},
 doi = {10.1145/2462476.2465586},
 acmid = {2465586},
 publisher = {ACM},
 address = {New York, NY, USA},
 keywords = {CS1, assessment, examination papers, programming pedagogy},
}

@article{Pears:2007:SLT:1345375.1345441,
 author = {Pears, Arnold and Seidman, Stephen and Malmi, Lauri and Mannila, Linda and Adams, Elizabeth and Bennedsen, Jens and Devlin, Marie and Paterson, James},
 title = {A Survey of Literature on the Teaching of Introductory Programming},
 journal = {SIGCSE Bull.},
 issue_date = {December 2007},
 volume = {39},
 number = {4},
 month = dec,
 year = {2007},
 issn = {0097-8418},
 pages = {204--223},
 numpages = {20},
 url = {http://doi.acm.org/10.1145/1345375.1345441},
 doi = {10.1145/1345375.1345441},
 acmid = {1345441},
 publisher = {ACM},
 address = {New York, NY, USA},
 keywords = {bibliography, computing education research, introductory programming, literature survey, teaching},
}

@inproceedings{Pears:2007:SLT:1345443.1345441,
 author = {Pears, Arnold and Seidman, Stephen and Malmi, Lauri and Mannila, Linda and Adams, Elizabeth and Bennedsen, Jens and Devlin, Marie and Paterson, James},
 title = {A Survey of Literature on the Teaching of Introductory Programming},
 booktitle = {Working Group Reports on ITiCSE on Innovation and Technology in Computer Science Education},
 series = {ITiCSE-WGR '07},
 year = {2007},
 location = {Dundee, Scotland},
 pages = {204--223},
 numpages = {20},
 url = {http://doi.acm.org/10.1145/1345443.1345441},
 doi = {10.1145/1345443.1345441},
 acmid = {1345441},
 publisher = {ACM},
 address = {New York, NY, USA},
 keywords = {bibliography, computing education research, introductory programming, literature survey, teaching},
}

@inproceedings{Buchholz:2013:PRC:2532748.2532752,
 author = {Buchholz, Malte and Saeli, Mara and Schulte, Carsten},
 title = {PCK and Reflection in Computer Science Teacher Education},
 booktitle = {Proceedings of the 8th Workshop in Primary and Secondary Computing Education},
 series = {WiPSE '13},
 year = {2013},
 isbn = {978-1-4503-2455-7},
 location = {Aarhus, Denmark},
 pages = {8--16},
 numpages = {9},
 url = {http://doi.acm.org/10.1145/2532748.2532752},
 doi = {10.1145/2532748.2532752},
 acmid = {2532752},
 publisher = {ACM},
 address = {New York, NY, USA},
 keywords = {CoRe, PCK, competence model, content representation, pedagogical content knowledge, reflection, teacher education},
}

@inproceedings{Beheshitha:2016:RAG:2883851.2883904,
 author = {Beheshitha, Sanam Shirazi and Hatala, Marek and Ga\v{s}evi\'{c}, Dragan and Joksimovi\'{c}, Sre\'{c}ko},
 title = {The Role of Achievement Goal Orientations when Studying Effect of Learning Analytics Visualizations},
 booktitle = {Proceedings of the Sixth International Conference on Learning Analytics \& Knowledge},
 series = {LAK '16},
 year = {2016},
 isbn = {978-1-4503-4190-5},
 location = {Edinburgh, United Kingdom},
 pages = {54--63},
 numpages = {10},
 url = {http://doi.acm.org/10.1145/2883851.2883904},
 doi = {10.1145/2883851.2883904},
 acmid = {2883904},
 publisher = {ACM},
 address = {New York, NY, USA},
 keywords = {achievement goal orientation, dashboards, learning analytics, online discussions, visualizations},
}

@inproceedings{Guo:2014:DDS:2556325.2566247,
 author = {Guo, Philip J. and Reinecke, Katharina},
 title = {Demographic Differences in How Students Navigate Through MOOCs},
 booktitle = {Proceedings of the First ACM Conference on Learning @ Scale Conference},
 series = {L@S '14},
 year = {2014},
 isbn = {978-1-4503-2669-8},
 location = {Atlanta, Georgia, USA},
 pages = {21--30},
 numpages = {10},
 url = {http://doi.acm.org/10.1145/2556325.2566247},
 doi = {10.1145/2556325.2566247},
 acmid = {2566247},
 publisher = {ACM},
 address = {New York, NY, USA},
 keywords = {massive open online course, mooc, navigation strategy, non-linear learning},
}

@inproceedings{Fan:2017:MLS:3025453.3025544,
 author = {Fan, Xiangmin and Luo, Wencan and Wang, Jingtao},
 title = {Mastery Learning of Second Language Through Asynchronous Modeling of Native Speakers in a Collaborative Mobile Game},
 booktitle = {Proceedings of the 2017 CHI Conference on Human Factors in Computing Systems},
 series = {CHI '17},
 year = {2017},
 isbn = {978-1-4503-4655-9},
 location = {Denver, Colorado, USA},
 pages = {4887--4898},
 numpages = {12},
 url = {http://doi.acm.org/10.1145/3025453.3025544},
 doi = {10.1145/3025453.3025544},
 acmid = {3025544},
 publisher = {ACM},
 address = {New York, NY, USA},
 keywords = {collaborative learning, evaluation, mandarin tones, mobile learning, serious games},
}

@inproceedings{Cain:2016:RAC:2889160.2889185,
 author = {Cain, Andrew and Babar, Muhammad Ali},
 title = {Reflections on Applying Constructive Alignment with Formative Feedback for Teaching Introductory Programming and Software Architecture},
 booktitle = {Proceedings of the 38th International Conference on Software Engineering Companion},
 series = {ICSE '16},
 year = {2016},
 isbn = {978-1-4503-4205-6},
 location = {Austin, Texas},
 pages = {336--345},
 numpages = {10},
 url = {http://doi.acm.org/10.1145/2889160.2889185},
 doi = {10.1145/2889160.2889185},
 acmid = {2889185},
 publisher = {ACM},
 address = {New York, NY, USA},
 keywords = {assessment, case study, constructive alignment},
}

@inproceedings{Alhadad:2018:ATD:3170358.3170390,
 author = {Alhadad, Sakinah S. J. and Thompson, Kate and Knight, Simon and Lewis, Melinda and Lodge, Jason M.},
 title = {Analytics-enabled Teaching As Design: Reconceptualisation and Call for Research},
 booktitle = {Proceedings of the 8th International Conference on Learning Analytics and Knowledge},
 series = {LAK '18},
 year = {2018},
 isbn = {978-1-4503-6400-3},
 location = {Sydney, New South Wales, Australia},
 pages = {427--435},
 numpages = {9},
 url = {http://doi.acm.org/10.1145/3170358.3170390},
 doi = {10.1145/3170358.3170390},
 acmid = {3170390},
 publisher = {ACM},
 address = {New York, NY, USA},
 keywords = {analytics, design cognition, ethics, institutional culture, professional learning, teacher identity, teaching as design, team teaching},
}

@article{Isomottonen:2019:SGE:3303943.3277568,
 author = {Isom\"{o}tt\"{o}nen, Ville and Daniels, Mats and Cajander, \AAsa and Pears, Arnold and Mcdermott, Roger},
 title = {Searching for Global Employability: Can Students Capitalize on Enabling Learning Environments?},
 journal = {ACM Trans. Comput. Educ.},
 issue_date = {February 2019},
 volume = {19},
 number = {2},
 month = jan,
 year = {2019},
 issn = {1946-6226},
 pages = {11:1--11:29},
 articleno = {11},
 numpages = {29},
 url = {http://doi.acm.org/10.1145/3277568},
 doi = {10.1145/3277568},
 acmid = {3277568},
 publisher = {ACM},
 address = {New York, NY, USA},
 keywords = {Project-based learning, employability, global software engineering education},
}

@article{Theodoropoulos:2016:DCS:3003827.2940330,
 author = {Theodoropoulos, Anastasios and Antoniou, Angeliki and Lepouras, George},
 title = {How Do Different Cognitive Styles Affect Learning Programming? Insights from a Game-Based Approach in Greek Schools},
 journal = {Trans. Comput. Educ.},
 issue_date = {January 2017},
 volume = {17},
 number = {1},
 month = sep,
 year = {2016},
 issn = {1946-6226},
 pages = {3:1--3:25},
 articleno = {3},
 numpages = {25},
 url = {http://doi.acm.org/10.1145/2940330},
 doi = {10.1145/2940330},
 acmid = {2940330},
 publisher = {ACM},
 address = {New York, NY, USA},
 keywords = {CS education, cognitive style, digital game-based learning, hour of code, secondary education},
}

@article{Isomottonen:2016:FBA:3003827.2934697,
 author = {Isom\"{o}tt\"{o}nen, Ville and Tirronen, Ville},
 title = {Flipping and Blending\&Mdash;An Action Research Project on Improving a Functional Programming Course},
 journal = {Trans. Comput. Educ.},
 issue_date = {January 2017},
 volume = {17},
 number = {1},
 month = sep,
 year = {2016},
 issn = {1946-6226},
 pages = {1:1--1:35},
 articleno = {1},
 numpages = {35},
 url = {http://doi.acm.org/10.1145/2934697},
 doi = {10.1145/2934697},
 acmid = {2934697},
 publisher = {ACM},
 address = {New York, NY, USA},
 keywords = {Action research, blended learning, flipped classroom, functional programming, independent study},
}

