@inproceedings{Fernando:2007:HLS:1276958.1277046,
 author = {Fernando, Chrisantha Thomas and Rowe, Jon},
 title = {Hebbian Learning in a Simple Gene Circuit},
 booktitle = {Proceedings of the 9th Annual Conference on Genetic and Evolutionary Computation},
 series = {GECCO '07},
 year = {2007},
 isbn = {978-1-59593-697-4},
 location = {London, England},
 pages = {426--426},
 numpages = {1},
 url = {http://doi.acm.org/10.1145/1276958.1277046},
 doi = {10.1145/1276958.1277046},
 acmid = {1277046},
 publisher = {ACM},
 address = {New York, NY, USA},
 keywords = {hebbian learning},
}

@inproceedings{Austermann:2009:BIA:1520340.1520533,
 author = {Austermann, Anja and Yamada, Seiji},
 title = {A Biologically Inspired Approach to Learning Multimodal Commands and Feedback for Human-robot Interaction},
 booktitle = {CHI '09 Extended Abstracts on Human Factors in Computing Systems},
 series = {CHI EA '09},
 year = {2009},
 isbn = {978-1-60558-247-4},
 location = {Boston, MA, USA},
 pages = {3553--3558},
 numpages = {6},
 url = {http://doi.acm.org/10.1145/1520340.1520533},
 doi = {10.1145/1520340.1520533},
 acmid = {1520533},
 publisher = {ACM},
 address = {New York, NY, USA},
 keywords = {human-robot-interaction, machine learning, multimodality, speech perception, user feedback},
}

@inproceedings{Hill:1998:ERB:280953.282425,
 author = {Hill, Bill},
 title = {Electronic Remapping: Body Augmentation in the Electronic Age},
 booktitle = {ACM SIGGRAPH 98 Conference Abstracts and Applications},
 series = {SIGGRAPH '98},
 year = {1998},
 isbn = {1-58113-046-5},
 location = {Orlando, Florida, USA},
 pages = {299--},
 url = {http://doi.acm.org/10.1145/280953.282425},
 doi = {10.1145/280953.282425},
 acmid = {282425},
 publisher = {ACM},
 address = {New York, NY, USA},
}

@inproceedings{Antonietti:2016:MCN:2851613.2852017,
 author = {Antonietti, Alberto},
 title = {Modeling the Cerebellum, from Neurons to Healthy and Pathological Behaviors: Student Research Abstract},
 booktitle = {Proceedings of the 31st Annual ACM Symposium on Applied Computing},
 series = {SAC '16},
 year = {2016},
 isbn = {978-1-4503-3739-7},
 location = {Pisa, Italy},
 pages = {313--314},
 numpages = {2},
 url = {http://doi.acm.org/10.1145/2851613.2852017},
 doi = {10.1145/2851613.2852017},
 acmid = {2852017},
 publisher = {ACM},
 address = {New York, NY, USA},
}

@inproceedings{Windham:1976:CML:503561.503614,
 author = {Windham, James T.},
 title = {Computer Modeling of Learning Processes},
 booktitle = {Proceedings of the 14th Annual Southeast Regional Conference},
 series = {ACM-SE 14},
 year = {1976},
 location = {Birmingham, Alabama},
 pages = {251--256},
 numpages = {6},
 url = {http://doi.acm.org/10.1145/503561.503614},
 doi = {10.1145/503561.503614},
 acmid = {503614},
 publisher = {ACM},
 address = {New York, NY, USA},
}

@article{Coates:2004:BPH:971564.971589,
 author = {Coates, Josh},
 title = {When Bad People Happen to Good Games},
 journal = {Queue},
 issue_date = {February 2004},
 volume = {1},
 number = {10},
 month = feb,
 year = {2004},
 issn = {1542-7730},
 pages = {92--91},
 numpages = {0},
 url = {http://doi.acm.org/10.1145/971564.971589},
 doi = {10.1145/971564.971589},
 acmid = {971589},
 publisher = {ACM},
 address = {New York, NY, USA},
}

@article{Hassan:2017:FEF:3075646.3053332,
 author = {Hassan, Mahmoud and Daiber, Florian and Wiehr, Frederik and Kosmalla, Felix and Kr\"{u}ger, Antonio},
 title = {FootStriker: An EMS-based Foot Strike Assistant for Running},
 journal = {Proc. ACM Interact. Mob. Wearable Ubiquitous Technol.},
 issue_date = {March 2017},
 volume = {1},
 number = {1},
 month = mar,
 year = {2017},
 issn = {2474-9567},
 pages = {2:1--2:18},
 articleno = {2},
 numpages = {18},
 url = {http://doi.acm.org/10.1145/3053332},
 doi = {10.1145/3053332},
 acmid = {3053332},
 publisher = {ACM},
 address = {New York, NY, USA},
 keywords = {Electrical muscle stimulation, in-situ feedback, motor learning, motor skills, online feedback, real-time assistance, real-time feedback, running, sports training, wearable devices, wearables},
}

@inproceedings{Khalilbeigi:2013:OOA:2512349.2512806,
 author = {Khalilbeigi, Mohammadreza and Steimle, J\"{u}rgen and Riemann, Jan and Dezfuli, Niloofar and M\"{u}hlh\"{a}user, Max and Hollan, James D.},
 title = {ObjecTop: Occlusion Awareness of Physical Objects on Interactive Tabletops},
 booktitle = {Proceedings of the 2013 ACM International Conference on Interactive Tabletops and Surfaces},
 series = {ITS '13},
 year = {2013},
 isbn = {978-1-4503-2271-3},
 location = {St. Andrews, Scotland, United Kingdom},
 pages = {255--264},
 numpages = {10},
 url = {http://doi.acm.org/10.1145/2512349.2512806},
 doi = {10.1145/2512349.2512806},
 acmid = {2512806},
 publisher = {ACM},
 address = {New York, NY, USA},
 keywords = {hybrid physical-digital interaction, interactive tabletop displays, multitouch, occlusion awareness},
}

@article{Johnson:1993:RD:173993.1064723,
 editor = {Johnson, Lewis},
 title = {Recent Dissertations},
 journal = {SIGART Bull.},
 issue_date = {Jan. 1993},
 volume = {4},
 number = {1},
 month = jan,
 year = {1993},
 issn = {0163-5719},
 pages = {39--},
 url = {http://doi.acm.org/10.1145/173993.1064723},
 doi = {10.1145/173993.1064723},
 acmid = {1064723},
 publisher = {ACM},
 address = {New York, NY, USA},
}

@inproceedings{Dequidt:2005:CIP:1101389.1101419,
 author = {Dequidt, J{\'e}r{\'e}mie and Grisoni, Laurent and Chaillou, Christophe},
 title = {Collaborative Interactive Physical Simulation},
 booktitle = {Proceedings of the 3rd International Conference on Computer Graphics and Interactive Techniques in Australasia and South East Asia},
 series = {GRAPHITE '05},
 year = {2005},
 isbn = {1-59593-201-1},
 location = {Dunedin, New Zealand},
 pages = {147--150},
 numpages = {4},
 url = {http://doi.acm.org/10.1145/1101389.1101419},
 doi = {10.1145/1101389.1101419},
 acmid = {1101419},
 publisher = {ACM},
 address = {New York, NY, USA},
 keywords = {collaborative work, physical simulation},
}

@inproceedings{Sejnowski:1995:PHL:225298.225300,
 author = {Sejnowski, Terrence J. and Dayan, Peter and Montague, P. Read},
 title = {Predictive Hebbian Learning},
 booktitle = {Proceedings of the Eighth Annual Conference on Computational Learning Theory},
 series = {COLT '95},
 year = {1995},
 isbn = {0-89791-723-5},
 location = {Santa Cruz, California, USA},
 pages = {15--18},
 numpages = {4},
 url = {http://doi.acm.org/10.1145/225298.225300},
 doi = {10.1145/225298.225300},
 acmid = {225300},
 publisher = {ACM},
 address = {New York, NY, USA},
}

@inproceedings{Sung:2017:QPC:3080631.3080634,
 author = {Sung, Ching-Ying and Wang, Hao-Chuan and Huang, Chen-Wei and Lin, Wen-Chieh},
 title = {Questionization of Peer-Generated Comments for Supporting Online Video-based Learning},
 booktitle = {Proceedings of the Fifth International Symposium of Chinese CHI},
 series = {Chinese CHI 2017},
 year = {2017},
 isbn = {978-1-4503-5308-3},
 location = {Guangzhou, China},
 pages = {11--15},
 numpages = {5},
 url = {http://doi.acm.org/10.1145/3080631.3080634},
 doi = {10.1145/3080631.3080634},
 acmid = {3080634},
 publisher = {ACM},
 address = {New York, NY, USA},
 keywords = {MOOCs, Qustionization, Time-ahchored comments},
}

@inproceedings{Rand-Hendriksen:2016:CSC:3042094.3042282,
 author = {Rand-Hendriksen, Kim and Viana, Joe and Barra, Mathias and Dahl, Fredrik},
 title = {Conflicts or Synergy when Combining Modeling Approaches: Perspectives from Psychology},
 booktitle = {Proceedings of the 2016 Winter Simulation Conference},
 series = {WSC '16},
 year = {2016},
 isbn = {978-1-5090-4484-9},
 location = {Arlington, Virginia},
 pages = {1463--1474},
 numpages = {12},
 url = {http://dl.acm.org/citation.cfm?id=3042094.3042282},
 acmid = {3042282},
 publisher = {IEEE Press},
 address = {Piscataway, NJ, USA},
}

@inproceedings{Rand-Hendriksen:2016:CSC:3042250.3042282,
 author = {Rand-Hendriksen, Kim and Viana, Joe and Barra, Mathias and Dahl, Fredrik},
 title = {Conflicts or Synergy when Combining Modeling Approaches: Perspectives from Psychology},
 booktitle = {Proceedings of the 2016 Winter Simulation Conference},
 series = {WSC '16},
 year = {2016},
 location = {Arlington, Virginia},
 pages = {1463--1474},
 numpages = {12},
 url = {http://dl.acm.org/citation.cfm?id=3042250.3042282},
 acmid = {3042282},
 publisher = {IEEE Press},
 address = {Piscataway, NJ, USA},
}

@inproceedings{Halliwell:2003:LBN:1047788.1047795,
 author = {Halliwell, Joe and Keppens, Jeroen and Shen, Qiang},
 title = {Linguistic Bayesian Networks for Reasoning with Subjective Probabilities in Forensic Statistics},
 booktitle = {Proceedings of the 9th International Conference on Artificial Intelligence and Law},
 series = {ICAIL '03},
 year = {2003},
 isbn = {1-58113-747-8},
 location = {Scotland, United Kingdom},
 pages = {42--50},
 numpages = {9},
 url = {http://doi.acm.org/10.1145/1047788.1047795},
 doi = {10.1145/1047788.1047795},
 acmid = {1047795},
 publisher = {ACM},
 address = {New York, NY, USA},
 keywords = {bayesian networks, decision support systems, forensic statistics, fuzzy numbers, linguistic probabilities},
}

@article{Price:1980:NB:1056768.1056774,
 author = {Price, Keith},
 title = {New Books},
 journal = {SIGART Bull.},
 issue_date = {October 1980},
 number = {73},
 month = oct,
 year = {1980},
 issn = {0163-5719},
 pages = {28--29},
 numpages = {2},
 url = {http://doi.acm.org/10.1145/1056768.1056774},
 doi = {10.1145/1056768.1056774},
 acmid = {1056774},
 publisher = {ACM},
 address = {New York, NY, USA},
}

@inproceedings{Pozzani:2012:SSQ:2245276.2245282,
 author = {Pozzani, Gabriele and Combi, Carlo},
 title = {ST4SQL: A Spatio-temporal Query Language Dealing with Granularities},
 booktitle = {Proceedings of the 27th Annual ACM Symposium on Applied Computing},
 series = {SAC '12},
 year = {2012},
 isbn = {978-1-4503-0857-1},
 location = {Trento, Italy},
 pages = {23--25},
 numpages = {3},
 url = {http://doi.acm.org/10.1145/2245276.2245282},
 doi = {10.1145/2245276.2245282},
 acmid = {2245282},
 publisher = {ACM},
 address = {New York, NY, USA},
 keywords = {SQL, spatial granularities, spatio-temporal query language},
}

@inproceedings{Kaushik:2016:IER:2987386.2987401,
 author = {Kaushik, Kapil and Dey, Shubhamoy},
 title = {Impact of Event Reputation on the Sponsor's Sentiment},
 booktitle = {Proceedings of the International Conference on Research in Adaptive and Convergent Systems},
 series = {RACS '16},
 year = {2016},
 isbn = {978-1-4503-4455-5},
 location = {Odense, Denmark},
 pages = {18--21},
 numpages = {4},
 url = {http://doi.acm.org/10.1145/2987386.2987401},
 doi = {10.1145/2987386.2987401},
 acmid = {2987401},
 publisher = {ACM},
 address = {New York, NY, USA},
 keywords = {Sentiment Analysis, Social media, Sponsorship, Sport Events},
}

@inproceedings{Chen:2017:LCQ:3329995.3330020,
 author = {Chen, Hubie and Mengel, Stefan},
 title = {The Logic of Counting Query Answers},
 booktitle = {Proceedings of the 32Nd Annual ACM/IEEE Symposium on Logic in Computer Science},
 series = {LICS '17},
 year = {2017},
 isbn = {978-1-5090-3018-7},
 location = {Reykjav\&iacute;k, Iceland},
 pages = {25:1--25:12},
 articleno = {25},
 numpages = {12},
 url = {http://dl.acm.org/citation.cfm?id=3329995.3330020},
 acmid = {3330020},
 publisher = {IEEE Press},
 address = {Piscataway, NJ, USA},
}

@inproceedings{Zhao:2010:KTA:1868914.1868979,
 author = {Zhao, Tingting and McDonald, Sharon},
 title = {Keep Talking: An Analysis of Participant Utterances Gathered Using Two Concurrent Think-aloud Methods},
 booktitle = {Proceedings of the 6th Nordic Conference on Human-Computer Interaction: Extending Boundaries},
 series = {NordiCHI '10},
 year = {2010},
 isbn = {978-1-60558-934-3},
 location = {Reykjavik, Iceland},
 pages = {581--590},
 numpages = {10},
 url = {http://doi.acm.org/10.1145/1868914.1868979},
 doi = {10.1145/1868914.1868979},
 acmid = {1868979},
 publisher = {ACM},
 address = {New York, NY, USA},
 keywords = {think aloud studies, usability testing, verbal protocols},
}

@inproceedings{Silva:2013:AVM:2568493.2569321,
 author = {Silva, Paulo Salem da and Melo, Ana C. V.  de},
 title = {An Approach for the Verification of Multi-agent Systems by Formally Guided Simulations},
 booktitle = {Proceedings of the 2013 IEEE/WIC/ACM International Joint Conferences on Web Intelligence (WI) and Intelligent Agent Technologies (IAT) - Volume 02},
 series = {WI-IAT '13},
 year = {2013},
 isbn = {978-0-7695-5145-6},
 pages = {266--273},
 numpages = {8},
 url = {https://doi.org/10.1109/WI-IAT.2013.119},
 doi = {10.1109/WI-IAT.2013.119},
 acmid = {2569321},
 publisher = {IEEE Computer Society},
 address = {Washington, DC, USA},
 keywords = {multi-agent systems, social simulation, on-the-fly verification, model-based testing, behaviorism, environments, social networks},
}

@inproceedings{Mustafa:2016:QPA:3023924.3023925,
 author = {Mustafa, Hassan M. H. and Ben Tourkia, Fadhel},
 title = {On Quantified Performance Analysis of Highly Specialized Neurons for Development of Reading Brain Function Using Neural Networks' Modeling (Generalized Hebbian Algorithm Approach)},
 booktitle = {Proceedings of the 2016 International Conference on Communication and Information Systems},
 series = {ICCIS '16},
 year = {2016},
 isbn = {978-1-4503-4791-4},
 location = {Bangkok, Thailand},
 pages = {36--46},
 numpages = {11},
 url = {http://doi.acm.org/10.1145/3023924.3023925},
 doi = {10.1145/3023924.3023925},
 acmid = {3023925},
 publisher = {ACM},
 address = {New York, NY, USA},
 keywords = {Artificial neural network modeling, Associative memory, Reading brain Performance, Self-organized learning},
}

@inproceedings{Valderrabanos:2002:TMT:1289189.1289237,
 author = {Valderr\'{a}banos, Antonio S. and Belskis, Alexander and Iraola, Luis},
 title = {TExtractor: A Multilingual Terminology Extraction Tool},
 booktitle = {Proceedings of the Second International Conference on Human Language Technology Research},
 series = {HLT '02},
 year = {2002},
 location = {San Diego, California},
 pages = {393--398},
 numpages = {6},
 url = {http://dl.acm.org/citation.cfm?id=1289189.1289237},
 acmid = {1289237},
 publisher = {Morgan Kaufmann Publishers Inc.},
 address = {San Francisco, CA, USA},
 keywords = {content-based indexing and retrieval, cross-language information retrieval, gastroenterology, medical texts, natural language processing, terminology extraction},
}

@inproceedings{Hu:2013:FMD:2536146.2536165,
 author = {Hu, S. and Gulliver, S. R. and Kyritsis, M. and Stevens, R.},
 title = {Fashion Magazines: Design Implications of Focus and Perception Variance Between Chinese and UK Females},
 booktitle = {Proceedings of the Fifth International Conference on Management of Emergent Digital EcoSystems},
 series = {MEDES '13},
 year = {2013},
 isbn = {978-1-4503-2004-7},
 location = {Luxembourg, Luxembourg},
 pages = {140--144},
 numpages = {5},
 url = {http://doi.acm.org/10.1145/2536146.2536165},
 doi = {10.1145/2536146.2536165},
 acmid = {2536165},
 publisher = {ACM},
 address = {New York, NY, USA},
 keywords = {culture, eye-tracking, personality, visual attention},
}

@inproceedings{Kuechler:2010:CRC:1880071.1880107,
 author = {Kuechler, Martin and Kunz, Andreas M.},
 title = {Collaboard: A Remote Collaboration Groupware Device Featuring an Embodiment-enriched Shared Workspace},
 booktitle = {Proceedings of the 16th ACM International Conference on Supporting Group Work},
 series = {GROUP '10},
 year = {2010},
 isbn = {978-1-4503-0387-3},
 location = {Sanibel Island, Florida, USA},
 pages = {211--214},
 numpages = {4},
 url = {http://doi.acm.org/10.1145/1880071.1880107},
 doi = {10.1145/1880071.1880107},
 acmid = {1880107},
 publisher = {ACM},
 address = {New York, NY, USA},
 keywords = {awareness, collaboard, collaboration, conferencing, cscw, data conferencing, eth, groupware, icvr, mixed presence groupware, remote collaboration, remote gesturing, shared workspace, video conferencing, workspace awareness},
}

@inproceedings{Jacobs:2013:NMU:2498328.2500065,
 author = {Jacobs, Samantha and Rios-Gutierrez, Fernando},
 title = {Novel Method for Using Q-learning in Small Microcontrollers},
 booktitle = {Proceedings of the 51st ACM Southeast Conference},
 series = {ACMSE '13},
 year = {2013},
 isbn = {978-1-4503-1901-0},
 location = {Savannah, Georgia},
 pages = {20:1--20:4},
 articleno = {20},
 numpages = {4},
 url = {http://doi.acm.org/10.1145/2498328.2500065},
 doi = {10.1145/2498328.2500065},
 acmid = {2500065},
 publisher = {ACM},
 address = {New York, NY, USA},
 keywords = {Q-learning, algorithms, memory optimization, microprocessor applications},
}

@article{Schwartz:1990:LPE:84234.84254,
 author = {Schwartz, Edward N.},
 title = {The \&Ldquo;Worm\&Rdquo; Programs\&Mdash;Early Experience with a Distributed Intelligence},
 journal = {SIGART Bull.},
 issue_date = {Jul. 1990},
 volume = {1},
 number = {2},
 month = jun,
 year = {1990},
 issn = {0163-5719},
 pages = {14--17},
 numpages = {4},
 url = {http://doi.acm.org/10.1145/84234.84254},
 doi = {10.1145/84234.84254},
 acmid = {84254},
 publisher = {ACM},
 address = {New York, NY, USA},
}

@inproceedings{Wahl:2011:IIC:2095536.2095622,
 author = {Wahl, Harald and Winiwarter, Werner},
 title = {The Intelligent Integrated Computer-assisted Language Learning (iiCALL) Environment: Work in Progress},
 booktitle = {Proceedings of the 13th International Conference on Information Integration and Web-based Applications and Services},
 series = {iiWAS '11},
 year = {2011},
 isbn = {978-1-4503-0784-0},
 location = {Ho Chi Minh City, Vietnam},
 pages = {426--429},
 numpages = {4},
 url = {http://doi.acm.org/10.1145/2095536.2095622},
 doi = {10.1145/2095536.2095622},
 acmid = {2095622},
 publisher = {ACM},
 address = {New York, NY, USA},
 keywords = {computer-assisted language learning, integrated e-learning, learning of foreign languages, learning types, natural language processing, semantic web technologies},
}

@inproceedings{Elkins:2012:VEG:2388616.2388624,
 author = {Elkins, Aaron C. and Derrick, Douglas C. and Gariup, Monica},
 title = {The Voice and Eye Gaze Behavior of an Imposter: Automated Interviewing and Detection for Rapid Screening at the Border},
 booktitle = {Proceedings of the Workshop on Computational Approaches to Deception Detection},
 series = {EACL 2012},
 year = {2012},
 location = {Avignon, France},
 pages = {49--54},
 numpages = {6},
 url = {http://dl.acm.org/citation.cfm?id=2388616.2388624},
 acmid = {2388624},
 publisher = {Association for Computational Linguistics},
 address = {Stroudsburg, PA, USA},
}

@inproceedings{Zeagler:2016:CCI:2995257.2995384,
 author = {Zeagler, Clint and Zuerndorfer, Jay and Lau, Andrea and Freil, Larry and Gilliland, Scott and Starner, Thad and Jackson, Melody Moore},
 title = {Canine Computer Interaction: Towards Designing a Touchscreen Interface for Working Dogs},
 booktitle = {Proceedings of the Third International Conference on Animal-Computer Interaction},
 series = {ACI '16},
 year = {2016},
 isbn = {978-1-4503-4758-7},
 location = {Milton Keynes, United Kingdom},
 pages = {2:1--2:5},
 articleno = {2},
 numpages = {5},
 url = {http://doi.acm.org/10.1145/2995257.2995384},
 doi = {10.1145/2995257.2995384},
 acmid = {2995384},
 publisher = {ACM},
 address = {New York, NY, USA},
 keywords = {animal computer interaction, assistance dog interface design, touchscreen interactions},
}

@inproceedings{Graillat:2006:ICH:1141277.1141585,
 author = {Graillat, Stef and Langlois, Philippe and Louvet, Nicolas},
 title = {Improving the Compensated Horner Scheme with a Fused Multiply and Add},
 booktitle = {Proceedings of the 2006 ACM Symposium on Applied Computing},
 series = {SAC '06},
 year = {2006},
 isbn = {1-59593-108-2},
 location = {Dijon, France},
 pages = {1323--1327},
 numpages = {5},
 url = {http://doi.acm.org/10.1145/1141277.1141585},
 doi = {10.1145/1141277.1141585},
 acmid = {1141585},
 publisher = {ACM},
 address = {New York, NY, USA},
 keywords = {IEEE-754 floating point arithmetic, error-free transformations, fused multiply and add, horner scheme, polynomial evaluation},
}

@inproceedings{Sokolowski:2015:AAM:2872538.2872543,
 author = {Sokolowski, John A. and Banks, Catherine M.},
 title = {An Agent-based Approach to Modeling Insider Threat},
 booktitle = {Proceedings of the Symposium on Agent-Directed Simulation},
 series = {ADS '15},
 year = {2015},
 isbn = {978-1-5108-0098-4},
 location = {Alexandria, Virginia},
 pages = {36--41},
 numpages = {6},
 url = {http://dl.acm.org/citation.cfm?id=2872538.2872543},
 acmid = {2872543},
 publisher = {Society for Computer Simulation International},
 address = {San Diego, CA, USA},
 keywords = {CERT, agent_zero, insider threat, pre-disposition},
}

@inproceedings{Gire:2010:EPV:1854360.1854480,
 author = {Gire, Elizabeth and Carmichael, Adrian and Chini, Jacquelyn J. and Rouinfar, Amy and Rebello, Sanjay and Smith, Garrett and Puntambekar, Sadhana},
 title = {The Effects of Physical and Virtual Manipulatives on Students' Conceptual Learning About Pulleys},
 booktitle = {Proceedings of the 9th International Conference of the Learning Sciences - Volume 1},
 series = {ICLS '10},
 year = {2010},
 location = {Chicago, Illinois},
 pages = {937--943},
 numpages = {7},
 url = {http://dl.acm.org/citation.cfm?id=1854360.1854480},
 acmid = {1854480},
 publisher = {International Society of the Learning Sciences},
}

@inproceedings{Verschure:2011:CRH:2037296.2037298,
 author = {Verschure, Paul F. M. J.},
 title = {The Complexity of Reality and Human Computer Confluence: Stemming the Data Deluge by Empowering Human Creativity},
 booktitle = {Proceedings of the 9th ACM SIGCHI Italian Chapter International Conference on Computer-Human Interaction: Facing Complexity},
 series = {CHItaly},
 year = {2011},
 isbn = {978-1-4503-0876-2},
 location = {Alghero, Italy},
 pages = {3--6},
 numpages = {4},
 url = {http://doi.acm.org/10.1145/2037296.2037298},
 doi = {10.1145/2037296.2037298},
 acmid = {2037298},
 publisher = {ACM},
 address = {New York, NY, USA},
}

@article{VanDyke:1988:BJM:51594.51601,
 author = {Van Dyke, Carolynn},
 title = {Binary Jargon: The Metaphoric Language of Computing},
 journal = {SIGCSE Bull.},
 issue_date = {Sept. 1988},
 volume = {20},
 number = {3},
 month = sep,
 year = {1988},
 issn = {0097-8418},
 pages = {34--41},
 numpages = {8},
 url = {http://doi.acm.org/10.1145/51594.51601},
 doi = {10.1145/51594.51601},
 acmid = {51601},
 publisher = {ACM},
 address = {New York, NY, USA},
}

@inproceedings{Lopes:2017:WPU:3121113.3121220,
 author = {Lopes, Milena Ribeiro and Vogel, Carl},
 title = {Women's Perspective on Using Tinder: A User Study of Gender Dynamics in a Mobile Device Application},
 booktitle = {Proceedings of the 35th ACM International Conference on the Design of Communication},
 series = {SIGDOC '17},
 year = {2017},
 isbn = {978-1-4503-5160-7},
 location = {Halifax, Nova Scotia, Canada},
 pages = {12:1--12:10},
 articleno = {12},
 numpages = {10},
 url = {http://doi.acm.org/10.1145/3121113.3121220},
 doi = {10.1145/3121113.3121220},
 acmid = {3121220},
 publisher = {ACM},
 address = {New York, NY, USA},
 keywords = {gender dynamics, online dating application, user-mobile device interaction},
}

@inproceedings{Sharpanskykh:2008:RCP:1487103.1487171,
 author = {Sharpanskykh, Alexei and Treur, Jan},
 title = {Relating Cognitive Process Models to Behavioural Models of Agents},
 booktitle = {Proceedings of the 2008 IEEE/WIC/ACM International Conference on Web Intelligence and Intelligent Agent Technology - Volume 02},
 series = {WI-IAT '08},
 year = {2008},
 isbn = {978-0-7695-3496-1},
 pages = {330--335},
 numpages = {6},
 url = {http://dx.doi.org/10.1109/WIIAT.2008.246},
 doi = {10.1109/WIIAT.2008.246},
 acmid = {1487171},
 publisher = {IEEE Computer Society},
 address = {Washington, DC, USA},
 keywords = {cognitive modelling, representation relation, automated translation},
}

@inproceedings{Gustafsson:2009:PEC:1690388.1690419,
 author = {Gustafsson, Anton and B{\aa}ng, Magnus and Svahn, Mattias},
 title = {Power Explorer: A Casual Game Style for Encouraging Long Term Behavior Change Among Teenagers},
 booktitle = {Proceedings of the International Conference on Advances in Computer Enterntainment Technology},
 series = {ACE '09},
 year = {2009},
 isbn = {978-1-60558-864-3},
 location = {Athens, Greece},
 pages = {182--189},
 numpages = {8},
 url = {http://doi.acm.org/10.1145/1690388.1690419},
 doi = {10.1145/1690388.1690419},
 acmid = {1690419},
 publisher = {ACM},
 address = {New York, NY, USA},
 keywords = {advergames, behavior change, energy conservation, persuasive games, pervasive games, serious games},
}

@inproceedings{Iturrate:2013:SCR:2493525.2493533,
 author = {Iturrate, I\~{n}aki and Omedes, Jason and Montesano, Luis},
 title = {Shared Control of a Robot Using EEG-based Feedback Signals},
 booktitle = {Proceedings of the 2Nd Workshop on Machine Learning for Interactive Systems: Bridging the Gap Between Perception, Action and Communication},
 series = {MLIS '13},
 year = {2013},
 isbn = {978-1-4503-2019-1},
 location = {Beijing, China},
 pages = {45--50},
 numpages = {6},
 url = {http://doi.acm.org/10.1145/2493525.2493533},
 doi = {10.1145/2493525.2493533},
 acmid = {2493533},
 publisher = {ACM},
 address = {New York, NY, USA},
}

@inproceedings{Zagermann:2017:SBC:3152832.3152855,
 author = {Zagermann, Johannes and Pfeil, Ulrike and Acevedo, Carmela and Reiterer, Harald},
 title = {Studying the Benefits and Challenges of Spatial Distribution and Physical Affordances in a Multi-device Workspace},
 booktitle = {Proceedings of the 16th International Conference on Mobile and Ubiquitous Multimedia},
 series = {MUM '17},
 year = {2017},
 isbn = {978-1-4503-5378-6},
 location = {Stuttgart, Germany},
 pages = {249--259},
 numpages = {11},
 url = {http://doi.acm.org/10.1145/3152832.3152855},
 doi = {10.1145/3152832.3152855},
 acmid = {3152855},
 publisher = {ACM},
 address = {New York, NY, USA},
 keywords = {cross-device interaction, smartphones},
}

@inproceedings{Jackson:2013:FFI:2493988.2494334,
 author = {Jackson, Melody Moore and Zeagler, Clint and Valentin, Giancarlo and Martin, Alex and Martin, Vincent and Delawalla, Adil and Blount, Wendy and Eiring, Sarah and Hollis, Ryan and Kshirsagar, Yash and Starner, Thad},
 title = {FIDO - Facilitating Interactions for Dogs with Occupations: Wearable Dog-activated Interfaces},
 booktitle = {Proceedings of the 2013 International Symposium on Wearable Computers},
 series = {ISWC '13},
 year = {2013},
 isbn = {978-1-4503-2127-3},
 location = {Zurich, Switzerland},
 pages = {81--88},
 numpages = {8},
 url = {http://doi.acm.org/10.1145/2493988.2494334},
 doi = {10.1145/2493988.2494334},
 acmid = {2494334},
 publisher = {ACM},
 address = {New York, NY, USA},
 keywords = {animal-computer interaction, wearable technology},
}

@inproceedings{Buchholtz:2018:CCH:3209108.3209188,
 author = {Buchholtz, Ulrik and Hou Favonia, Kuen-Bang},
 title = {Cellular Cohomology in Homotopy Type Theory},
 booktitle = {Proceedings of the 33rd Annual ACM/IEEE Symposium on Logic in Computer Science},
 series = {LICS '18},
 year = {2018},
 isbn = {978-1-4503-5583-4},
 location = {Oxford, United Kingdom},
 pages = {521--529},
 numpages = {9},
 url = {http://doi.acm.org/10.1145/3209108.3209188},
 doi = {10.1145/3209108.3209188},
 acmid = {3209188},
 publisher = {ACM},
 address = {New York, NY, USA},
 keywords = {cellular cohomology, homotopy type theory, mechanized reasoning},
}

@inproceedings{Chiaramella:1989:RMB:96749.98007,
 author = {Chiaramella, Y. and Nie, J.},
 title = {A Retrieval Model Based on an Extended Modal Logic and Its Application to the RIME Experimental Approach},
 booktitle = {Proceedings of the 13th Annual International ACM SIGIR Conference on Research and Development in Information Retrieval},
 series = {SIGIR '90},
 year = {1990},
 isbn = {0-89791-408-2},
 location = {Brussels, Belgium},
 pages = {25--43},
 numpages = {19},
 url = {http://doi.acm.org/10.1145/96749.98007},
 doi = {10.1145/96749.98007},
 acmid = {98007},
 publisher = {ACM},
 address = {New York, NY, USA},
}

@inproceedings{Sherman:2017:GPU:3039686.3039735,
 author = {Sherman, Jonah},
 title = {Generalized Preconditioning and Undirected Minimum-cost Flow},
 booktitle = {Proceedings of the Twenty-Eighth Annual ACM-SIAM Symposium on Discrete Algorithms},
 series = {SODA '17},
 year = {2017},
 location = {Barcelona, Spain},
 pages = {772--780},
 numpages = {9},
 url = {http://dl.acm.org/citation.cfm?id=3039686.3039735},
 acmid = {3039735},
 publisher = {Society for Industrial and Applied Mathematics},
 address = {Philadelphia, PA, USA},
}

@article{Lecerf:2016:SSK:2930964.2930965,
 author = {Lecerf, Gr{\'e}goire and Saad{\'e}, Joelle},
 title = {A Short Survey on Kantorovich: Like Theorems for Newton's Method},
 journal = {ACM Commun. Comput. Algebra},
 issue_date = {March 2016},
 volume = {50},
 number = {1},
 month = apr,
 year = {2016},
 issn = {1932-2240},
 pages = {1--11},
 numpages = {11},
 url = {http://doi.acm.org/10.1145/2930964.2930965},
 doi = {10.1145/2930964.2930965},
 acmid = {2930965},
 publisher = {ACM},
 address = {New York, NY, USA},
}

@inproceedings{Eardley:2018:ISM:3173574.3173776,
 author = {Eardley, Rachel and Roudaut, Anne and Gill, Steve and Thompson, Stephen J.},
 title = {Investigating How Smartphone Movement is Affected by Body Posture},
 booktitle = {Proceedings of the 2018 CHI Conference on Human Factors in Computing Systems},
 series = {CHI '18},
 year = {2018},
 isbn = {978-1-4503-5620-6},
 location = {Montreal QC, Canada},
 pages = {202:1--202:8},
 articleno = {202},
 numpages = {8},
 url = {http://doi.acm.org/10.1145/3173574.3173776},
 doi = {10.1145/3173574.3173776},
 acmid = {3173776},
 publisher = {ACM},
 address = {New York, NY, USA},
 keywords = {body posture, design, grasp, handgrip, interaction, lying down, mobile device, smartphone, standing},
}

@inproceedings{Silva:2013:BAA:2568493.2569310,
 author = {Silva, Paulo Salem da and Melo, Ana C. V.  de},
 title = {Behaviorist Agent Architecture},
 booktitle = {Proceedings of the 2013 IEEE/WIC/ACM International Joint Conferences on Web Intelligence (WI) and Intelligent Agent Technologies (IAT) - Volume 02},
 series = {WI-IAT '13},
 year = {2013},
 isbn = {978-0-7695-5145-6},
 pages = {187--194},
 numpages = {8},
 url = {https://doi.org/10.1109/WI-IAT.2013.108},
 doi = {10.1109/WI-IAT.2013.108},
 acmid = {2569310},
 publisher = {IEEE Computer Society},
 address = {Washington, DC, USA},
 keywords = {multi-agent systems, agent architecture, behaviorism, formalization, simulation},
}

@inproceedings{Herman:2010:ERC:1854360.1854470,
 author = {Herman, Phillip and Perkins, Kristen and Hansen, Martha and Gomez, Louis M. and Gomez, Kimberley},
 title = {The Effectiveness of Reading Comprehension Strategies in High School Science Classrooms},
 booktitle = {Proceedings of the 9th International Conference of the Learning Sciences - Volume 1},
 series = {ICLS '10},
 year = {2010},
 location = {Chicago, Illinois},
 pages = {857--864},
 numpages = {8},
 url = {http://dl.acm.org/citation.cfm?id=1854360.1854470},
 acmid = {1854470},
 publisher = {International Society of the Learning Sciences},
}

@inproceedings{Crestani:1995:PKI:215206.215373,
 author = {Crestani, F. and van Rijsbergen, C. J.},
 title = {Probability Kinematics in Information Retrieval},
 booktitle = {Proceedings of the 18th Annual International ACM SIGIR Conference on Research and Development in Information Retrieval},
 series = {SIGIR '95},
 year = {1995},
 isbn = {0-89791-714-6},
 location = {Seattle, Washington, USA},
 pages = {291--299},
 numpages = {9},
 url = {http://doi.acm.org/10.1145/215206.215373},
 doi = {10.1145/215206.215373},
 acmid = {215373},
 publisher = {ACM},
 address = {New York, NY, USA},
}

@inproceedings{Futami:2016:SIM:2875194.2875217,
 author = {Futami, Kyosuke and Terada, Tsutomu and Tsukamoto, Masahiko},
 title = {Success Imprinter: A Method for Controlling Mental Preparedness Using Psychological Conditioned Information},
 booktitle = {Proceedings of the 7th Augmented Human International Conference 2016},
 series = {AH '16},
 year = {2016},
 isbn = {978-1-4503-3680-2},
 location = {Geneva, Switzerland},
 pages = {11:1--11:8},
 articleno = {11},
 numpages = {8},
 url = {http://doi.acm.org/10.1145/2875194.2875217},
 doi = {10.1145/2875194.2875217},
 acmid = {2875217},
 publisher = {ACM},
 address = {New York, NY, USA},
 keywords = {Classical conditioning, Information presentation, Mental, Wearable},
}

@inproceedings{D'Elia:2019:SAR:3301417.3312494,
 author = {D'Elia, Daniele Cono and Coppa, Emilio and Salvati, Andrea and Demetrescu, Camil},
 title = {Static Analysis of ROP Code},
 booktitle = {Proceedings of the 12th European Workshop on Systems Security},
 series = {EuroSec '19},
 year = {2019},
 isbn = {978-1-4503-6274-0},
 location = {Dresden, Germany},
 pages = {2:1--2:6},
 articleno = {2},
 numpages = {6},
 url = {http://doi.acm.org/10.1145/3301417.3312494},
 doi = {10.1145/3301417.3312494},
 acmid = {3312494},
 publisher = {ACM},
 address = {New York, NY, USA},
 keywords = {Return oriented programming, code reuse, exploits, static analysis},
}

@inproceedings{Doman:2010:LFQ:1774088.1774246,
 author = {Doman, Marguerite and Payton, Jamie and Dahlberg, Teresa},
 title = {Leveraging Fuzzy Query Processing to Support Applications in Wireless Sensor Networks},
 booktitle = {Proceedings of the 2010 ACM Symposium on Applied Computing},
 series = {SAC '10},
 year = {2010},
 isbn = {978-1-60558-639-7},
 location = {Sierre, Switzerland},
 pages = {764--771},
 numpages = {8},
 url = {http://doi.acm.org/10.1145/1774088.1774246},
 doi = {10.1145/1774088.1774246},
 acmid = {1774246},
 publisher = {ACM},
 address = {New York, NY, USA},
 keywords = {data management, fuzzy query processing, wireless sensor networks},
}

@inproceedings{Shimizu:2017:IMI:3152832.3152873,
 author = {Shimizu, Tomoyuki and Futami, Kyosuke and Terada, Tsutomu and Tsukamoto, Masahiko},
 title = {In-clock Manipulator: Information-presentation Method for Manipulating Subjective Time Using Wearable Devices},
 booktitle = {Proceedings of the 16th International Conference on Mobile and Ubiquitous Multimedia},
 series = {MUM '17},
 year = {2017},
 isbn = {978-1-4503-5378-6},
 location = {Stuttgart, Germany},
 pages = {223--230},
 numpages = {8},
 url = {http://doi.acm.org/10.1145/3152832.3152873},
 doi = {10.1145/3152832.3152873},
 acmid = {3152873},
 publisher = {ACM},
 address = {New York, NY, USA},
 keywords = {HMD, earphones, filled-duration illusion, information presentation, psychology, smart watch, time perception, wearable computer},
}

@inproceedings{Lehman:2014:ODE:2576768.2598300,
 author = {Lehman, Joel and Miikkulainen, Risto},
 title = {Overcoming Deception in Evolution of Cognitive Behaviors},
 booktitle = {Proceedings of the 2014 Annual Conference on Genetic and Evolutionary Computation},
 series = {GECCO '14},
 year = {2014},
 isbn = {978-1-4503-2662-9},
 location = {Vancouver, BC, Canada},
 pages = {185--192},
 numpages = {8},
 url = {http://doi.acm.org/10.1145/2576768.2598300},
 doi = {10.1145/2576768.2598300},
 acmid = {2598300},
 publisher = {ACM},
 address = {New York, NY, USA},
 keywords = {cognition, deception, diversity maintenance, evolutionary robotics},
}

@inproceedings{Sherfey:2015:IMB:2872538.2872539,
 author = {Sherfey, Solomon and Collins, Andrew J. and Moses, Paul and Marsillac, Sylvain},
 title = {Impacts of Market Behavior on Distributed Energy: A Multi-disciplinary, Hybridized Modeling and Simulation Approach},
 booktitle = {Proceedings of the Symposium on Agent-Directed Simulation},
 series = {ADS '15},
 year = {2015},
 isbn = {978-1-5108-0098-4},
 location = {Alexandria, Virginia},
 pages = {1--8},
 numpages = {8},
 url = {http://dl.acm.org/citation.cfm?id=2872538.2872539},
 acmid = {2872539},
 publisher = {Society for Computer Simulation International},
 address = {San Diego, CA, USA},
 keywords = {agent based modeling and simulation, distributed energy, electrical distribution, social behavior},
}

@inproceedings{Mairal:2009:ODL:1553374.1553463,
 author = {Mairal, Julien and Bach, Francis and Ponce, Jean and Sapiro, Guillermo},
 title = {Online Dictionary Learning for Sparse Coding},
 booktitle = {Proceedings of the 26th Annual International Conference on Machine Learning},
 series = {ICML '09},
 year = {2009},
 isbn = {978-1-60558-516-1},
 location = {Montreal, Quebec, Canada},
 pages = {689--696},
 numpages = {8},
 url = {http://doi.acm.org/10.1145/1553374.1553463},
 doi = {10.1145/1553374.1553463},
 acmid = {1553463},
 publisher = {ACM},
 address = {New York, NY, USA},
}

@article{Castan:1982:MHP:1067649.801732,
 author = {Castan, M. and Organick, E. I.},
 title = {\&Micro;3L: An HLL-RISC Processor for Parallel Execution of FP-language Programs},
 journal = {SIGARCH Comput. Archit. News},
 issue_date = {April 1982},
 volume = {10},
 number = {3},
 month = apr,
 year = {1982},
 issn = {0163-5964},
 pages = {239--247},
 numpages = {9},
 url = {http://dl.acm.org/citation.cfm?id=1067649.801732},
 acmid = {801732},
 publisher = {ACM},
 address = {New York, NY, USA},
}

@inproceedings{Castan:1982:MHP:800048.801732,
 author = {Castan, M. and Organick, E. I.},
 title = {\&Micro;3L: An HLL-RISC Processor for Parallel Execution of FP-language Programs},
 booktitle = {Proceedings of the 9th Annual Symposium on Computer Architecture},
 series = {ISCA '82},
 year = {1982},
 location = {Austin, Texas, USA},
 pages = {239--247},
 numpages = {9},
 url = {http://dl.acm.org/citation.cfm?id=800048.801732},
 acmid = {801732},
 publisher = {IEEE Computer Society Press},
 address = {Los Alamitos, CA, USA},
}

@inproceedings{Rummel:2007:NIC:1599600.1599717,
 author = {Rummel, Nikol and Hauser, Sabine and Spada, Hans},
 title = {How Does Net-based Interdisciplinary Collaboration Change with Growing Domain Expertise?},
 booktitle = {Proceedings of the 8th Iternational Conference on Computer Supported Collaborative Learning},
 series = {CSCL'07},
 year = {2007},
 isbn = {978-0-6151-5436-7},
 location = {New Brunswick, New Jersey, USA},
 pages = {615--624},
 numpages = {10},
 url = {http://dl.acm.org/citation.cfm?id=1599600.1599717},
 acmid = {1599717},
 publisher = {International Society of the Learning Sciences},
}

@inproceedings{Kim:2013:USS:2676128.2676138,
 author = {Kim, Song-Hee and Whitt, Ward},
 title = {Using Simulation to Study Statistical Tests for Arrival Process and Service Time Models for Service Systems},
 booktitle = {Proceedings of the 2013 Winter Simulation Conference: Simulation: Making Decisions in a Complex World},
 series = {WSC '13},
 year = {2013},
 location = {Washington, D.C.},
 pages = {1223--1232},
 numpages = {10},
 url = {http://dl.acm.org/citation.cfm?id=2676128.2676138},
 acmid = {2676138},
 publisher = {IEEE Press},
 address = {Piscataway, NJ, USA},
}

@inproceedings{Kim:2013:USS:2675983.2676138,
 author = {Kim, Song-Hee and Whitt, Ward},
 title = {Using Simulation to Study Statistical Tests for Arrival Process and Service Time Models for Service Systems},
 booktitle = {Proceedings of the 2013 Winter Simulation Conference: Simulation: Making Decisions in a Complex World},
 series = {WSC '13},
 year = {2013},
 isbn = {978-1-4799-2077-8},
 location = {Washington, D.C.},
 pages = {1223--1232},
 numpages = {10},
 url = {http://dl.acm.org/citation.cfm?id=2675983.2676138},
 acmid = {2676138},
 publisher = {IEEE Press},
 address = {Piscataway, NJ, USA},
}

@inproceedings{Weimer:2016:AMI:3042094.3042112,
 author = {Weimer, Christopher W. and Miller, J. O. and Hill, Raymond R.},
 title = {Agent-based Modeling: An Introduction and Primer},
 booktitle = {Proceedings of the 2016 Winter Simulation Conference},
 series = {WSC '16},
 year = {2016},
 isbn = {978-1-5090-4484-9},
 location = {Arlington, Virginia},
 pages = {65--79},
 numpages = {15},
 url = {http://dl.acm.org/citation.cfm?id=3042094.3042112},
 acmid = {3042112},
 publisher = {IEEE Press},
 address = {Piscataway, NJ, USA},
}

@inproceedings{Isla:2002:OPS:545056.545132,
 author = {Isla, Damian A. and Blumberg, Bruce M.},
 title = {Object Persistence for Synthetic Creatures},
 booktitle = {Proceedings of the First International Joint Conference on Autonomous Agents and Multiagent Systems: Part 3},
 series = {AAMAS '02},
 year = {2002},
 isbn = {1-58113-480-0},
 location = {Bologna, Italy},
 pages = {1356--1363},
 numpages = {8},
 url = {http://doi.acm.org/10.1145/545056.545132},
 doi = {10.1145/545056.545132},
 acmid = {545132},
 publisher = {ACM},
 address = {New York, NY, USA},
 keywords = {autonomous agents, common sense, graphical agents, object persistence, spatial common sense},
}

@inproceedings{Sokolowski:2014:MPD:2693848.2693891,
 author = {Sokolowski, John A. and Banks, Catherine M. and Hayes, Reginald L.},
 title = {Modeling Population Displacement in the Syrian City of Aleppo},
 booktitle = {Proceedings of the 2014 Winter Simulation Conference},
 series = {WSC '14},
 year = {2014},
 location = {Savannah, Georgia},
 pages = {252--263},
 numpages = {12},
 url = {http://dl.acm.org/citation.cfm?id=2693848.2693891},
 acmid = {2693891},
 publisher = {IEEE Press},
 address = {Piscataway, NJ, USA},
}

@inproceedings{Laux:2018:LIL:3203217.3203227,
 author = {Laux, Hendrik and Bytyn, Andreas and Ascheid, Gerd and Schmeink, Anke and Kurt, Gunes Karabulut and Dartmann, Guido},
 title = {Learning-based Indoor Localization for Industrial Applications},
 booktitle = {Proceedings of the 15th ACM International Conference on Computing Frontiers},
 series = {CF '18},
 year = {2018},
 isbn = {978-1-4503-5761-6},
 location = {Ischia, Italy},
 pages = {355--362},
 numpages = {8},
 url = {http://doi.acm.org/10.1145/3203217.3203227},
 doi = {10.1145/3203217.3203227},
 acmid = {3203227},
 publisher = {ACM},
 address = {New York, NY, USA},
 keywords = {machine learning for IoT, room acoustics, sound localization, support vector machines},
}

@inproceedings{Becker:1992:PDG:159754.161778,
 author = {Becker, B. and Molitor, P.},
 title = {A Performance Driven Generator for Efficient Testable Conditional-sum-adders},
 booktitle = {Proceedings of the Conference on European Design Automation},
 series = {EURO-DAC '92},
 year = {1992},
 isbn = {0-8186-2780-8},
 location = {Congress Centrum Hamburg, Hamburg, Germany},
 pages = {370--375},
 numpages = {6},
 url = {http://dl.acm.org/citation.cfm?id=159754.161778},
 acmid = {161778},
 publisher = {IEEE Computer Society Press},
 address = {Los Alamitos, CA, USA},
}

@inproceedings{Koutras:2017:RDC:3019612.3019714,
 author = {Koutras, Costas D. and Moyzes, Christos and Rantsoudis, Christos},
 title = {A Reconstruction of Default Conditionals Within Epistemic Logic},
 booktitle = {Proceedings of the Symposium on Applied Computing},
 series = {SAC '17},
 year = {2017},
 isbn = {978-1-4503-4486-9},
 location = {Marrakech, Morocco},
 pages = {977--982},
 numpages = {6},
 url = {http://doi.acm.org/10.1145/3019612.3019714},
 doi = {10.1145/3019612.3019714},
 acmid = {3019714},
 publisher = {ACM},
 address = {New York, NY, USA},
 keywords = {conditional logic, default conditionals, epistemic logic},
}

@article{Walicki:1995:CCM:201059.201070,
 author = {Walicki, Michal and Meldal, Sigurd},
 title = {A Complete Calculus for the Multialgebraic and Functional Semantics of Nondeterminism},
 journal = {ACM Trans. Program. Lang. Syst.},
 issue_date = {March 1995},
 volume = {17},
 number = {2},
 month = mar,
 year = {1995},
 issn = {0164-0925},
 pages = {366--393},
 numpages = {28},
 url = {http://doi.acm.org/10.1145/201059.201070},
 doi = {10.1145/201059.201070},
 acmid = {201070},
 publisher = {ACM},
 address = {New York, NY, USA},
 keywords = {algebraic specifications, reasoning with nondeterminism},
}

@article{Kim:2015:PAK:2774955.2699716,
 author = {Kim, Song-Hee and Whitt, Ward},
 title = {The Power of Alternative Kolmogorov-Smirnov Tests Based on Transformations of the Data},
 journal = {ACM Trans. Model. Comput. Simul.},
 issue_date = {November 2015},
 volume = {25},
 number = {4},
 month = may,
 year = {2015},
 issn = {1049-3301},
 pages = {24:1--24:22},
 articleno = {24},
 numpages = {22},
 url = {http://doi.acm.org/10.1145/2699716},
 doi = {10.1145/2699716},
 acmid = {2699716},
 publisher = {ACM},
 address = {New York, NY, USA},
 keywords = {Hypothesis tests, Kolmogorov-Smirnov statistical test, data transformations, power},
}

@article{Lukasiewicz:2001:PLP:377978.377983,
 author = {Lukasiewicz, Thomas},
 title = {Probabilistic Logic Programming with Conditional Constraints},
 journal = {ACM Trans. Comput. Logic},
 issue_date = {July 2001},
 volume = {2},
 number = {3},
 month = jul,
 year = {2001},
 issn = {1529-3785},
 pages = {289--339},
 numpages = {51},
 url = {http://doi.acm.org/10.1145/377978.377983},
 doi = {10.1145/377978.377983},
 acmid = {377983},
 publisher = {ACM},
 address = {New York, NY, USA},
 keywords = {computational complexity, conditional constraint, logic programming, many-valued logic, probabilistic logic, probabilistic logic programming, probabilistic reasoning, probability, quantitative deduction, uncertainty},
}

@inproceedings{Linckels:2006:BRM:1181216.1181261,
 author = {Linckels, Serge and Dording, Carole and Meinel, Christoph},
 title = {Better Results in Mathematics Lessons with a Virtual Personal Teacher},
 booktitle = {Proceedings of the 34th  Annual ACM SIGUCCS Fall Conference: Expanding the Boundaries},
 series = {SIGUCCS '06},
 year = {2006},
 isbn = {1-59593-438-3},
 location = {Edmonton, Alberta, Canada},
 pages = {201--209},
 numpages = {9},
 url = {http://doi.acm.org/10.1145/1181216.1181261},
 doi = {10.1145/1181216.1181261},
 acmid = {1181261},
 publisher = {ACM},
 address = {New York, NY, USA},
 keywords = {autonomous and exploratory learning, multimedia knowledge base, school results},
}

@inproceedings{Chang:2017:ASU:2998181.2998258,
 author = {Chang, Yuan-Chia and Wang, Hao-Chuan and Chu, Hung-kuo and Lin, Shung-Ying and Wang, Shuo-Ping},
 title = {AlphaRead: Support Unambiguous Referencing in Remote Collaboration with Readable Object Annotation},
 booktitle = {Proceedings of the 2017 ACM Conference on Computer Supported Cooperative Work and Social Computing},
 series = {CSCW '17},
 year = {2017},
 isbn = {978-1-4503-4335-0},
 location = {Portland, Oregon, USA},
 pages = {2246--2259},
 numpages = {14},
 url = {http://doi.acm.org/10.1145/2998181.2998258},
 doi = {10.1145/2998181.2998258},
 acmid = {2998258},
 publisher = {ACM},
 address = {New York, NY, USA},
 keywords = {object annotation, object tracking, readability, video-mediated collaboration},
}

@inproceedings{Shillair:2016:TOS:2987592.2987605,
 author = {Shillair, Ruth},
 title = {Talking About Online Safety: A Qualitative Study Exploring the Cybersecurity Learning Process of Online Labor Market Workers},
 booktitle = {Proceedings of the 34th ACM International Conference on the Design of Communication},
 series = {SIGDOC '16},
 year = {2016},
 isbn = {978-1-4503-4495-1},
 location = {Silver Spring, MD, USA},
 pages = {21:1--21:9},
 articleno = {21},
 numpages = {9},
 url = {http://doi.acm.org/10.1145/2987592.2987605},
 doi = {10.1145/2987592.2987605},
 acmid = {2987605},
 publisher = {ACM},
 address = {New York, NY, USA},
 keywords = {Security, learning about online security, learning theories for online security},
}

@inproceedings{Shen:2011:SHC:1963405.1963411,
 author = {Shen, Yelong and Yan, Jun and Yan, Shuicheng and Ji, Lei and Liu, Ning and Chen, Zheng},
 title = {Sparse Hidden-dynamics Conditional Random Fields for User Intent Understanding},
 booktitle = {Proceedings of the 20th International Conference on World Wide Web},
 series = {WWW '11},
 year = {2011},
 isbn = {978-1-4503-0632-4},
 location = {Hyderabad, India},
 pages = {7--16},
 numpages = {10},
 url = {http://doi.acm.org/10.1145/1963405.1963411},
 doi = {10.1145/1963405.1963411},
 acmid = {1963411},
 publisher = {ACM},
 address = {New York, NY, USA},
 keywords = {conditional random field, hidden variable, sparse hidden-dynamic, user intent, user search session},
}

@inproceedings{Zhang:2017:QAR:3132361.3132365,
 author = {Zhang, Chenyan and Hoel, Aud Sissel and Perkis, Andrew},
 title = {Quality of Alternate Reality Experience and Its QoE Influencing Factors},
 booktitle = {Proceedings of the 2Nd International Workshop on Multimedia Alternate Realities},
 series = {AltMM '17},
 year = {2017},
 isbn = {978-1-4503-5507-0},
 location = {Mountain View, California, USA},
 pages = {3--8},
 numpages = {6},
 url = {http://doi.acm.org/10.1145/3132361.3132365},
 doi = {10.1145/3132361.3132365},
 acmid = {3132365},
 publisher = {ACM},
 address = {New York, NY, USA},
 keywords = {alternate reality, emotional immersion, immersive experience, qoe influencing factors, social immersion, spatial immersion},
}

@inproceedings{Chatterjee:2017:DDA:3132190.3132205,
 author = {Chatterjee, Arghya and Milakovi\'{c}, Sr\&dstrok;an and Xue, Bing and Budimli\'{c}, Zoran and Sarkar, Vivek},
 title = {DAMMP: A Distributed Actor Model for Mobile Platforms},
 booktitle = {Proceedings of the 14th International Conference on Managed Languages and Runtimes},
 series = {ManLang 2017},
 year = {2017},
 isbn = {978-1-4503-5340-3},
 location = {Prague, Czech Republic},
 pages = {48--59},
 numpages = {12},
 url = {http://doi.acm.org/10.1145/3132190.3132205},
 doi = {10.1145/3132190.3132205},
 acmid = {3132205},
 publisher = {ACM},
 address = {New York, NY, USA},
 keywords = {Actor Model, Android Platform, Distributed Selectors, Mobile Computing, Remote Messaging, Remote Synchronization, Selector Model},
}

@inproceedings{Palomo-Lozano:2018:TSM:3205455.3205533,
 author = {Palomo-Lozano, Francisco and Estero-Botaro, Antonia and Medina-Bulo, Inmaculada and N\'{u}\~{n}ez, Manuel},
 title = {Test Suite Minimization for Mutation Testing of WS-BPEL Compositions},
 booktitle = {Proceedings of the Genetic and Evolutionary Computation Conference},
 series = {GECCO '18},
 year = {2018},
 isbn = {978-1-4503-5618-3},
 location = {Kyoto, Japan},
 pages = {1427--1434},
 numpages = {8},
 url = {http://doi.acm.org/10.1145/3205455.3205533},
 doi = {10.1145/3205455.3205533},
 acmid = {3205533},
 publisher = {ACM},
 address = {New York, NY, USA},
 keywords = {ILP, SBSE, WS-BPEL, exact techniques, mutation testing, test suite minimization, web service compositions},
}

@article{Boyd:2017:SSF:3122009.3242054,
 author = {Boyd, Nicholas and Hastie, Trevor and Boyd, Stephen and Recht, Benjamin and Jordan, Michael I.},
 title = {Saturating Splines and Feature Selection},
 journal = {J. Mach. Learn. Res.},
 issue_date = {January 2017},
 volume = {18},
 number = {1},
 month = jan,
 year = {2017},
 issn = {1532-4435},
 pages = {7172--7203},
 numpages = {32},
 url = {http://dl.acm.org/citation.cfm?id=3122009.3242054},
 acmid = {3242054},
 publisher = {JMLR.org},
 keywords = {convex optimization, feature selection, lasso, regression, splines},
}

@inproceedings{Zeng:2016:DBC:2968478.2968484,
 author = {Zeng, Xia and Lin, Wang and Yang, Zhengfeng and Chen, Xin and Wang, Lilei},
 title = {Darboux-type Barrier Certificates for Safety Verification of Nonlinear Hybrid Systems},
 booktitle = {Proceedings of the 13th International Conference on Embedded Software},
 series = {EMSOFT '16},
 year = {2016},
 isbn = {978-1-4503-4485-2},
 location = {Pittsburgh, Pennsylvania},
 pages = {11:1--11:10},
 articleno = {11},
 numpages = {10},
 url = {http://doi.acm.org/10.1145/2968478.2968484},
 doi = {10.1145/2968478.2968484},
 acmid = {2968484},
 publisher = {ACM},
 address = {New York, NY, USA},
 keywords = {barrier certificate, darboux polynomial, hybrid systems, polynomial optimization, safety verification},
}

@inproceedings{Bortolussi:2013:DAI:2631846.2631853,
 author = {Bortolussi, Luca and Tribastone, Mirco},
 title = {Differential Analysis of Interacting Automata with Immediate Actions},
 booktitle = {Proceedings of the 7th International Conference on Performance Evaluation Methodologies and Tools},
 series = {ValueTools '13},
 year = {2013},
 isbn = {978-1-936968-48-0},
 location = {Torino, Italy},
 pages = {49--58},
 numpages = {10},
 url = {http://dx.doi.org/10.4108/icst.valuetools.2013.254364},
 doi = {10.4108/icst.valuetools.2013.254364},
 acmid = {2631853},
 publisher = {ICST (Institute for Computer Sciences, Social-Informatics and Telecommunications Engineering)},
 address = {ICST, Brussels, Belgium, Belgium},
 keywords = {differential equations, immediate actions, time-scale separation},
}

@inproceedings{Klauck:2001:IQC:380752.380786,
 author = {Klauck, Hartmut and Nayak, Ashwin and Ta-Shma, Amnon and Zuckerman, David},
 title = {Interaction in Quantum Communication and the Complexity of Set Disjointness},
 booktitle = {Proceedings of the Thirty-third Annual ACM Symposium on Theory of Computing},
 series = {STOC '01},
 year = {2001},
 isbn = {1-58113-349-9},
 location = {Hersonissos, Greece},
 pages = {124--133},
 numpages = {10},
 url = {http://doi.acm.org/10.1145/380752.380786},
 doi = {10.1145/380752.380786},
 acmid = {380786},
 publisher = {ACM},
 address = {New York, NY, USA},
}

@inproceedings{Risi:2009:NSE:1569901.1569923,
 author = {Risi, Sebastian and Vanderbleek, Sandy D. and Hughes, Charles E. and Stanley, Kenneth O.},
 title = {How Novelty Search Escapes the Deceptive Trap of Learning to Learn},
 booktitle = {Proceedings of the 11th Annual Conference on Genetic and Evolutionary Computation},
 series = {GECCO '09},
 year = {2009},
 isbn = {978-1-60558-325-9},
 location = {Montreal, Qu\&\#233;bec, Canada},
 pages = {153--160},
 numpages = {8},
 url = {http://doi.acm.org/10.1145/1569901.1569923},
 doi = {10.1145/1569901.1569923},
 acmid = {1569923},
 publisher = {ACM},
 address = {New York, NY, USA},
 keywords = {adaptation, learning, neat, neural networks, neuroevolution, neuromodulation, novelty search},
}

@inproceedings{Zeagler:2014:GDT:2642918.2647364,
 author = {Zeagler, Clint and Gilliland, Scott and Freil, Larry and Starner, Thad and Jackson, Melody},
 title = {Going to the Dogs: Towards an Interactive Touchscreen Interface for Working Dogs},
 booktitle = {Proceedings of the 27th Annual ACM Symposium on User Interface Software and Technology},
 series = {UIST '14},
 year = {2014},
 isbn = {978-1-4503-3069-5},
 location = {Honolulu, Hawaii, USA},
 pages = {497--507},
 numpages = {11},
 url = {http://doi.acm.org/10.1145/2642918.2647364},
 doi = {10.1145/2642918.2647364},
 acmid = {2647364},
 publisher = {ACM},
 address = {New York, NY, USA},
 keywords = {Fitts' law, animal computer interaction, assistance dog interface design, touchscreen interactions},
}

@Article{1984:1056648,
 journal = {SIGART Bull.},
 year = {1984},
 issn = {0163-5719},
 number = {87},
 issue_date = {January 1984},
 publisher = {ACM},
 address = {New York, NY, USA},
key = {{$\!\!$}} ,
}

@inproceedings{Fortnow:2003:BBF:779928.779946,
 author = {Fortnow, Lance and Kilian, Joe and Pennock, David M. and Wellman, Michael P.},
 title = {Betting Boolean-style: A Framework for Trading in Securities Based on Logical Formulas},
 booktitle = {Proceedings of the 4th ACM Conference on Electronic Commerce},
 series = {EC '03},
 year = {2003},
 isbn = {1-58113-679-X},
 location = {San Diego, CA, USA},
 pages = {144--155},
 numpages = {12},
 url = {http://doi.acm.org/10.1145/779928.779946},
 doi = {10.1145/779928.779946},
 acmid = {779946},
 publisher = {ACM},
 address = {New York, NY, USA},
 keywords = {betting, combinatorial betting, compound securities markets, computational complexity of matching, gambling, hedging, information aggregation, risk allocation, speculating, trading in financial instruments based on logical formulas},
}

@inproceedings{Mancini:2018:ENP:3196709.3196785,
 author = {Mancini, Clara and Lehtonen, Jussi},
 title = {The Emerging Nature of Participation in Multispecies Interaction Design},
 booktitle = {Proceedings of the 2018 Designing Interactive Systems Conference},
 series = {DIS '18},
 year = {2018},
 isbn = {978-1-4503-5198-0},
 location = {Hong Kong, China},
 pages = {907--918},
 numpages = {12},
 url = {http://doi.acm.org/10.1145/3196709.3196785},
 doi = {10.1145/3196709.3196785},
 acmid = {3196785},
 publisher = {ACM},
 address = {New York, NY, USA},
 keywords = {animal-computer interaction, multispecies interaction design, multispecies participatory design, training, volitional, semiotic and choice-full engagement},
}

@inproceedings{Boy:2017:SPB:3025453.3025512,
 author = {Boy, Jeremy and Pandey, Anshul Vikram and Emerson, John and Satterthwaite, Margaret and Nov, Oded and Bertini, Enrico},
 title = {Showing People Behind Data: Does Anthropomorphizing Visualizations Elicit More Empathy for Human Rights Data?},
 booktitle = {Proceedings of the 2017 CHI Conference on Human Factors in Computing Systems},
 series = {CHI '17},
 year = {2017},
 isbn = {978-1-4503-4655-9},
 location = {Denver, Colorado, USA},
 pages = {5462--5474},
 numpages = {13},
 url = {http://doi.acm.org/10.1145/3025453.3025512},
 doi = {10.1145/3025453.3025512},
 acmid = {3025512},
 publisher = {ACM},
 address = {New York, NY, USA},
 keywords = {anthropographics, empathy, human rights, information visualization for the people, prosocial behavior},
}

@article{Babuska:2018:REG:3175005.3134444,
 author = {Babu\v{s}ka, Ivo and S\"{o}derlind, Gustaf},
 title = {On Roundoff Error Growth in Elliptic Problems},
 journal = {ACM Trans. Math. Softw.},
 issue_date = {April 2018},
 volume = {44},
 number = {3},
 month = mar,
 year = {2018},
 issn = {0098-3500},
 pages = {33:1--33:22},
 articleno = {33},
 numpages = {22},
 url = {http://doi.acm.org/10.1145/3134444},
 doi = {10.1145/3134444},
 acmid = {3134444},
 publisher = {ACM},
 address = {New York, NY, USA},
 keywords = {Roundoff error analysis},
}

@article{Jackson:2015:FID:2716508.2716527,
 author = {Jackson, Melody M. and Valentin, Giancarlo and Freil, Larry and Burkeen, Lily and Zeagler, Clint and Gilliland, Scott and Currier, Barbara and Starner, Thad},
 title = {FIDO--Facilitating Interactions for Dogs with Occupations: Wearable Communication Interfaces for Working Dogs},
 journal = {Personal Ubiquitous Comput.},
 issue_date = {January   2015},
 volume = {19},
 number = {1},
 month = jan,
 year = {2015},
 issn = {1617-4909},
 pages = {155--173},
 numpages = {19},
 url = {http://dx.doi.org/10.1007/s00779-014-0817-9},
 doi = {10.1007/s00779-014-0817-9},
 acmid = {2716527},
 publisher = {Springer-Verlag},
 address = {London, UK, UK},
 keywords = {Animal---computer interaction, Assistance dogs, Wearable technology},
}

@inproceedings{Morrison:2016:ITA:2995257.2995391,
 author = {Morrison, Ann and M{\o}ller, Rune Heide and Manresa-Yee, Cristina and Eshraghi, Neda},
 title = {The Impact of Training Approaches on Experimental Setup and Design of Wearable Vibrotactiles for Hunting Dogs},
 booktitle = {Proceedings of the Third International Conference on Animal-Computer Interaction},
 series = {ACI '16},
 year = {2016},
 isbn = {978-1-4503-4758-7},
 location = {Milton Keynes, United Kingdom},
 pages = {4:1--4:10},
 articleno = {4},
 numpages = {10},
 url = {http://doi.acm.org/10.1145/2995257.2995391},
 doi = {10.1145/2995257.2995391},
 acmid = {2995391},
 publisher = {ACM},
 address = {New York, NY, USA},
 keywords = {animal-computer interaction, dogs vibrotactile interface, mobile navigation, training styles for dogs, vibrotactile instruction, vibrotactile navigation, wearable interface},
}

@article{Diguet:2011:CSH:1952522.1952531,
 author = {Diguet, Jean-Philippe and Eustache, Yvan and Gogniat, Guy},
 title = {Closed-loop--based Self-adaptive Hardware/Software-Embedded Systems: Design Methodology and Smart Cam Case Study},
 journal = {ACM Trans. Embed. Comput. Syst.},
 issue_date = {April 2011},
 volume = {10},
 number = {3},
 month = may,
 year = {2011},
 issn = {1539-9087},
 pages = {38:1--38:28},
 articleno = {38},
 numpages = {28},
 url = {http://doi.acm.org/10.1145/1952522.1952531},
 doi = {10.1145/1952522.1952531},
 acmid = {1952531},
 publisher = {ACM},
 address = {New York, NY, USA},
 keywords = {HW/SW codesign, QoS, RTOS, Self-adaptive embedded systems, control-theory, image processing},
}

@article{Geist:2014:OLE:2627435.2627445,
 author = {Geist, Matthieu and Scherrer, Bruno},
 title = {Off-policy Learning with Eligibility Traces: A Survey},
 journal = {J. Mach. Learn. Res.},
 issue_date = {January 2014},
 volume = {15},
 number = {1},
 month = jan,
 year = {2014},
 issn = {1532-4435},
 pages = {289--333},
 numpages = {45},
 url = {http://dl.acm.org/citation.cfm?id=2627435.2627445},
 acmid = {2627445},
 publisher = {JMLR.org},
 keywords = {eligibility traces, off-policy learning, reinforcement learning, value function estimation},
}

@article{Schnass:2015:LIO:2789272.2886788,
 author = {Schnass, Karin},
 title = {Local Identification of Overcomplete Dictionaries},
 journal = {J. Mach. Learn. Res.},
 issue_date = {January 2015},
 volume = {16},
 number = {1},
 month = jan,
 year = {2015},
 issn = {1532-4435},
 pages = {1211--1242},
 numpages = {32},
 url = {http://dl.acm.org/citation.cfm?id=2789272.2886788},
 acmid = {2886788},
 publisher = {JMLR.org},
 keywords = {K-means, dictionary identification, dictionary learning, finite sample size, maximization criterion, sample complexity, sparse coding, sparse component analysis, sparse representation, vector quantization},
}

@article{Schreck:2015:NDG:2870647.2829948,
 author = {Schreck, Camille and Rohmer, Damien and Hahmann, Stefanie and Cani, Marie-Paule and Jin, Shuo and Wang, Charlie C. L. and Bloch, Jean-Francis},
 title = {Nonsmooth Developable Geometry for Interactively Animating Paper Crumpling},
 journal = {ACM Trans. Graph.},
 issue_date = {December 2015},
 volume = {35},
 number = {1},
 month = dec,
 year = {2015},
 issn = {0730-0301},
 pages = {10:1--10:18},
 articleno = {10},
 numpages = {18},
 url = {http://doi.acm.org/10.1145/2829948},
 doi = {10.1145/2829948},
 acmid = {2829948},
 publisher = {ACM},
 address = {New York, NY, USA},
 keywords = {Paper animation, developable surface, isometric deformation, paper crumpling, plastic deformation, sharp creases, simulation},
}

@article{Shankar:2013:OFT:2567709.2627678,
 author = {Shankar, Karthik H. and Howard, Marc W.},
 title = {Optimally Fuzzy Temporal Memory},
 journal = {J. Mach. Learn. Res.},
 issue_date = {January 2013},
 volume = {14},
 number = {1},
 month = dec,
 year = {2013},
 issn = {1532-4435},
 pages = {3785--3812},
 numpages = {28},
 url = {http://dl.acm.org/citation.cfm?id=2567709.2627678},
 acmid = {2627678},
 publisher = {JMLR.org},
 keywords = {forecasting long range correlated time series, temporal information compression},
}

@article{Shan:2017:EBI:3093333.3009852,
 author = {Shan, Chung-chieh and Ramsey, Norman},
 title = {Exact Bayesian Inference by Symbolic Disintegration},
 journal = {SIGPLAN Not.},
 issue_date = {January 2017},
 volume = {52},
 number = {1},
 month = jan,
 year = {2017},
 issn = {0362-1340},
 pages = {130--144},
 numpages = {15},
 url = {http://doi.acm.org/10.1145/3093333.3009852},
 doi = {10.1145/3093333.3009852},
 acmid = {3009852},
 publisher = {ACM},
 address = {New York, NY, USA},
 keywords = {conditional measures, continuous distributions, probabilistic programs},
}

@inproceedings{Shan:2017:EBI:3009837.3009852,
 author = {Shan, Chung-chieh and Ramsey, Norman},
 title = {Exact Bayesian Inference by Symbolic Disintegration},
 booktitle = {Proceedings of the 44th ACM SIGPLAN Symposium on Principles of Programming Languages},
 series = {POPL 2017},
 year = {2017},
 isbn = {978-1-4503-4660-3},
 location = {Paris, France},
 pages = {130--144},
 numpages = {15},
 url = {http://doi.acm.org/10.1145/3009837.3009852},
 doi = {10.1145/3009837.3009852},
 acmid = {3009852},
 publisher = {ACM},
 address = {New York, NY, USA},
 keywords = {conditional measures, continuous distributions, probabilistic programs},
}

@article{Sun:2017:SST:3122009.3208016,
 author = {Sun, Will Wei and Li, Lexin},
 title = {STORE: Sparse Tensor Response Regression and Neuroimaging Analysis},
 journal = {J. Mach. Learn. Res.},
 issue_date = {January 2017},
 volume = {18},
 number = {1},
 month = jan,
 year = {2017},
 issn = {1532-4435},
 pages = {4908--4944},
 numpages = {37},
 url = {http://dl.acm.org/citation.cfm?id=3122009.3208016},
 acmid = {3208016},
 publisher = {JMLR.org},
 keywords = {functional connectivity analysis, high-dimensional statistical learning, magnetic resonance imaging, non-asymptotic error bound, tensor decomposition},
}

@inproceedings{Bondhugula:2008:PAP:1375581.1375595,
 author = {Bondhugula, Uday and Hartono, Albert and Ramanujam, J. and Sadayappan, P.},
 title = {A Practical Automatic Polyhedral Parallelizer and Locality Optimizer},
 booktitle = {Proceedings of the 29th ACM SIGPLAN Conference on Programming Language Design and Implementation},
 series = {PLDI '08},
 year = {2008},
 isbn = {978-1-59593-860-2},
 location = {Tucson, AZ, USA},
 pages = {101--113},
 numpages = {13},
 url = {http://doi.acm.org/10.1145/1375581.1375595},
 doi = {10.1145/1375581.1375595},
 acmid = {1375595},
 publisher = {ACM},
 address = {New York, NY, USA},
 keywords = {affine transformations, automatic parallelization, locality optimization, loop transformations, polyhedral model, tiling},
}

@article{Bondhugula:2008:PAP:1379022.1375595,
 author = {Bondhugula, Uday and Hartono, Albert and Ramanujam, J. and Sadayappan, P.},
 title = {A Practical Automatic Polyhedral Parallelizer and Locality Optimizer},
 journal = {SIGPLAN Not.},
 issue_date = {June 2008},
 volume = {43},
 number = {6},
 month = jun,
 year = {2008},
 issn = {0362-1340},
 pages = {101--113},
 numpages = {13},
 url = {http://doi.acm.org/10.1145/1379022.1375595},
 doi = {10.1145/1379022.1375595},
 acmid = {1375595},
 publisher = {ACM},
 address = {New York, NY, USA},
 keywords = {affine transformations, automatic parallelization, locality optimization, loop transformations, polyhedral model, tiling},
}

@article{Mathieson:2001:ETA:506724.506730,
 author = {Mathieson, Kieran and Peacock, Eileen and Chin, Wynne W.},
 title = {Extending the Technology Acceptance Model: The Influence of Perceived User Resources},
 journal = {SIGMIS Database},
 issue_date = {Summer 2001},
 volume = {32},
 number = {3},
 month = jul,
 year = {2001},
 issn = {0095-0033},
 pages = {86--112},
 numpages = {27},
 url = {http://doi.acm.org/10.1145/506724.506730},
 doi = {10.1145/506724.506730},
 acmid = {506730},
 publisher = {ACM},
 address = {New York, NY, USA},
 keywords = {technology adoption, technology diffusion},
}

@article{Tikka:2017:CRR:3128784.3128821,
 author = {Tikka, Piiastiina and Oinas-Kukkonen, Harri},
 title = {Contributing or Receiving-the Role of Social Interaction Styles in Persuasion over a Social Networking Platform},
 journal = {Personal Ubiquitous Comput.},
 issue_date = {August    2017},
 volume = {21},
 number = {4},
 month = aug,
 year = {2017},
 issn = {1617-4909},
 pages = {705--721},
 numpages = {17},
 url = {https://doi.org/10.1007/s00779-017-1027-z},
 doi = {10.1007/s00779-017-1027-z},
 acmid = {3128821},
 publisher = {Springer-Verlag},
 address = {Berlin, Heidelberg},
 keywords = {Behavior change, E-coaching, Need for cognition, Persuasive technology, Social network, Structural equation modeling},
}

@article{Gintis:2013:MMS:2483669.2483686,
 author = {Gintis, Herbert},
 title = {Markov Models of Social Dynamics: Theory and Applications},
 journal = {ACM Trans. Intell. Syst. Technol.},
 issue_date = {June 2013},
 volume = {4},
 number = {3},
 month = jul,
 year = {2013},
 issn = {2157-6904},
 pages = {53:1--53:19},
 articleno = {53},
 numpages = {19},
 url = {http://doi.acm.org/10.1145/2483669.2483686},
 doi = {10.1145/2483669.2483686},
 acmid = {2483686},
 publisher = {ACM},
 address = {New York, NY, USA},
}

@inproceedings{Canonne:2018:TCI:3188745.3188756,
 author = {Canonne, Cl{\'e}ment L. and Diakonikolas, Ilias and Kane, Daniel M. and Stewart, Alistair},
 title = {Testing Conditional Independence of Discrete Distributions},
 booktitle = {Proceedings of the 50th Annual ACM SIGACT Symposium on Theory of Computing},
 series = {STOC 2018},
 year = {2018},
 isbn = {978-1-4503-5559-9},
 location = {Los Angeles, CA, USA},
 pages = {735--748},
 numpages = {14},
 url = {http://doi.acm.org/10.1145/3188745.3188756},
 doi = {10.1145/3188745.3188756},
 acmid = {3188756},
 publisher = {ACM},
 address = {New York, NY, USA},
 keywords = {Distribution testing, con- ditional independence, discrete distributions, hypothesis testing, probability distributions, property testing, sublinear algorithms},
}

@inproceedings{Du:2012:ACP:2389176.2389201,
 author = {Du, Honglu and Rosson, Mary Beth and Carroll, John M.},
 title = {Augmenting Classroom Participation Through Public Digital Backchannels},
 booktitle = {Proceedings of the 17th ACM International Conference on Supporting Group Work},
 series = {GROUP '12},
 year = {2012},
 isbn = {978-1-4503-1486-2},
 location = {Sanibel Island, Florida, USA},
 pages = {155--164},
 numpages = {10},
 url = {http://doi.acm.org/10.1145/2389176.2389201},
 doi = {10.1145/2389176.2389201},
 acmid = {2389201},
 publisher = {ACM},
 address = {New York, NY, USA},
 keywords = {backchannel, public display, sense of community},
}

@article{Dodson:2013:EAI:2533670.2513564,
 author = {Dodson, Thomas and Mattei, Nicholas and Guerin, Joshua T. and Goldsmith, Judy},
 title = {An English-Language Argumentation Interface for Explanation Generation with Markov Decision Processes in the Domain of Academic Advising},
 journal = {ACM Trans. Interact. Intell. Syst.},
 issue_date = {October 2013},
 volume = {3},
 number = {3},
 month = oct,
 year = {2013},
 issn = {2160-6455},
 pages = {18:1--18:30},
 articleno = {18},
 numpages = {30},
 url = {http://doi.acm.org/10.1145/2513564},
 doi = {10.1145/2513564},
 acmid = {2513564},
 publisher = {ACM},
 address = {New York, NY, USA},
 keywords = {Argumentation and explanation in decision support, Markov decision processes},
}

@article{Sutton:2016:EAP:2946645.3007026,
 author = {Sutton, Richard S. and Mahmood, A. Rupam and White, Martha},
 title = {An Emphatic Approach to the Problem of Off-policy Temporal-difference Learning},
 journal = {J. Mach. Learn. Res.},
 issue_date = {January 2016},
 volume = {17},
 number = {1},
 month = jan,
 year = {2016},
 issn = {1532-4435},
 pages = {2603--2631},
 numpages = {29},
 url = {http://dl.acm.org/citation.cfm?id=2946645.3007026},
 acmid = {3007026},
 publisher = {JMLR.org},
 keywords = {convergence, function approximation, off-policy learning, stability, temporal-difference learning},
}

@article{Chatterjee:2015:MSS:2742144.2699430,
 author = {Chatterjee, Krishnendu and Henzinger, Thomas A. and Jobstmann, Barbara and Singh, Rohit},
 title = {Measuring and Synthesizing Systems in Probabilistic Environments},
 journal = {J. ACM},
 issue_date = {February 2015},
 volume = {62},
 number = {1},
 month = mar,
 year = {2015},
 issn = {0004-5411},
 pages = {9:1--9:34},
 articleno = {9},
 numpages = {34},
 url = {http://doi.acm.org/10.1145/2699430},
 doi = {10.1145/2699430},
 acmid = {2699430},
 publisher = {ACM},
 address = {New York, NY, USA},
 keywords = {Synthesis, quantitative verification},
}

@article{Ying:2012:FLQ:2049706.2049708,
 author = {Ying, Mingsheng},
 title = {Floyd--hoare Logic for Quantum Programs},
 journal = {ACM Trans. Program. Lang. Syst.},
 issue_date = {December 2011},
 volume = {33},
 number = {6},
 month = jan,
 year = {2012},
 issn = {0164-0925},
 pages = {19:1--19:49},
 articleno = {19},
 numpages = {49},
 url = {http://doi.acm.org/10.1145/2049706.2049708},
 doi = {10.1145/2049706.2049708},
 acmid = {2049708},
 publisher = {ACM},
 address = {New York, NY, USA},
 keywords = {Floyd--Hoare logic, Quantum computation, axiomatic semantics, completeness, programming language},
}

@article{Platzer:2017:DHG:3130378.3091123,
 author = {Platzer, Andr{\'e}},
 title = {Differential Hybrid Games},
 journal = {ACM Trans. Comput. Logic},
 issue_date = {August 2017},
 volume = {18},
 number = {3},
 month = aug,
 year = {2017},
 issn = {1529-3785},
 pages = {19:1--19:44},
 articleno = {19},
 numpages = {44},
 url = {http://doi.acm.org/10.1145/3091123},
 doi = {10.1145/3091123},
 acmid = {3091123},
 publisher = {ACM},
 address = {New York, NY, USA},
 keywords = {Differential games, differential game invariants, game logic, hybrid games, partial differential equations, real algebraic geometry, viscosity solutions},
}

@article{Heintz:2018:DEG:3200181.3177881,
 author = {Heintz, Stephanie and Law, Effie L.-C.},
 title = {Digital Educational Games: Methodologies for Evaluating the Impact of Game Type},
 journal = {ACM Trans. Comput.-Hum. Interact.},
 issue_date = {April 2018},
 volume = {25},
 number = {2},
 month = apr,
 year = {2018},
 issn = {1073-0516},
 pages = {8:1--8:47},
 articleno = {8},
 numpages = {47},
 url = {http://doi.acm.org/10.1145/3177881},
 doi = {10.1145/3177881},
 acmid = {3177881},
 publisher = {ACM},
 address = {New York, NY, USA},
 keywords = {Digital educational games, comparison, computer programming, game attributes, game elements, game model, game types, learning outcome, methodology, player experience},
}

@article{Leblond:2018:IAP:3291125.3309643,
 author = {Leblond, R{\'e}mi and Pedregosa, Fabian and Lacoste-Julien, Simon},
 title = {Improved Asynchronous Parallel Optimization Analysis for Stochastic Incremental Methods},
 journal = {J. Mach. Learn. Res.},
 issue_date = {January 2018},
 volume = {19},
 number = {1},
 month = jan,
 year = {2018},
 issn = {1532-4435},
 pages = {3140--3207},
 numpages = {68},
 url = {http://dl.acm.org/citation.cfm?id=3291125.3309643},
 acmid = {3309643},
 publisher = {JMLR.org},
 keywords = {asynchronous parallel, large scale, machine learning, optimization, sparsity},
}

@article{Pinder:2018:DBC:3231919.3196830,
 author = {Pinder, Charlie and Vermeulen, Jo and Cowan, Benjamin R. and Beale, Russell},
 title = {Digital Behaviour Change Interventions to Break and Form Habits},
 journal = {ACM Trans. Comput.-Hum. Interact.},
 issue_date = {June 2018},
 volume = {25},
 number = {3},
 month = jun,
 year = {2018},
 issn = {1073-0516},
 pages = {15:1--15:66},
 articleno = {15},
 numpages = {66},
 url = {http://doi.acm.org/10.1145/3196830},
 doi = {10.1145/3196830},
 acmid = {3196830},
 publisher = {ACM},
 address = {New York, NY, USA},
 keywords = {Digital behaviour change interventions, behaviour change technology, habit breaking technology, habit forming technology, persuasive technology},
}

