@inproceedings{Gillan:1995:HNM:223355.223481,
 author = {Gillan, Douglas J.},
 title = {HCI at New Mexico State University},
 booktitle = {Conference Companion on Human Factors in Computing Systems},
 series = {CHI '95},
 year = {1995},
 isbn = {0-89791-755-3},
 location = {Denver, Colorado, USA},
 pages = {162--163},
 numpages = {2},
 url = {http://doi.acm.org/10.1145/223355.223481},
 doi = {10.1145/223355.223481},
 acmid = {223481},
 publisher = {ACM},
 address = {New York, NY, USA},
}

@article{Reed:2014:FIU:2602695.2601022,
 author = {Reed, Daniel and Stephenson, Chris},
 title = {First Impressions, Unexpected Benefits},
 journal = {Commun. ACM},
 issue_date = {June 2014},
 volume = {57},
 number = {6},
 month = jun,
 year = {2014},
 issn = {0001-0782},
 pages = {10--11},
 numpages = {2},
 url = {http://doi.acm.org/10.1145/2601022},
 doi = {10.1145/2601022},
 acmid = {2601022},
 publisher = {ACM},
 address = {New York, NY, USA},
}

@inproceedings{El-Nasr:1999:PPE:301136.301150,
 author = {El-Nasr, Magy Seif and Ioerger, Thomas R. and Yen, John},
 title = {PETEEI: A PET with Evolving Emotional Intelligence},
 booktitle = {Proceedings of the Third Annual Conference on Autonomous Agents},
 series = {AGENTS '99},
 year = {1999},
 isbn = {1-58113-066-X},
 location = {Seattle, Washington, USA},
 pages = {9--15},
 numpages = {7},
 url = {http://doi.acm.org/10.1145/301136.301150},
 doi = {10.1145/301136.301150},
 acmid = {301150},
 publisher = {ACM},
 address = {New York, NY, USA},
}

@article{Gajendar:2019:TPU:3314846.3305354,
 author = {Gajendar, Uday},
 title = {Toward a Playbook for UX Leaders},
 journal = {Interactions},
 issue_date = {March - April 2019},
 volume = {26},
 number = {2},
 month = feb,
 year = {2019},
 issn = {1072-5520},
 pages = {24--25},
 numpages = {2},
 url = {http://doi.acm.org/10.1145/3305354},
 doi = {10.1145/3305354},
 acmid = {3305354},
 publisher = {ACM},
 address = {New York, NY, USA},
}

@inproceedings{Sherfey:2015:IMB:2872538.2872539,
 author = {Sherfey, Solomon and Collins, Andrew J. and Moses, Paul and Marsillac, Sylvain},
 title = {Impacts of Market Behavior on Distributed Energy: A Multi-disciplinary, Hybridized Modeling and Simulation Approach},
 booktitle = {Proceedings of the Symposium on Agent-Directed Simulation},
 series = {ADS '15},
 year = {2015},
 isbn = {978-1-5108-0098-4},
 location = {Alexandria, Virginia},
 pages = {1--8},
 numpages = {8},
 url = {http://dl.acm.org/citation.cfm?id=2872538.2872539},
 acmid = {2872539},
 publisher = {Society for Computer Simulation International},
 address = {San Diego, CA, USA},
 keywords = {agent based modeling and simulation, distributed energy, electrical distribution, social behavior},
}

@inproceedings{Mustafa:2016:QPA:3023924.3023925,
 author = {Mustafa, Hassan M. H. and Ben Tourkia, Fadhel},
 title = {On Quantified Performance Analysis of Highly Specialized Neurons for Development of Reading Brain Function Using Neural Networks' Modeling (Generalized Hebbian Algorithm Approach)},
 booktitle = {Proceedings of the 2016 International Conference on Communication and Information Systems},
 series = {ICCIS '16},
 year = {2016},
 isbn = {978-1-4503-4791-4},
 location = {Bangkok, Thailand},
 pages = {36--46},
 numpages = {11},
 url = {http://doi.acm.org/10.1145/3023924.3023925},
 doi = {10.1145/3023924.3023925},
 acmid = {3023925},
 publisher = {ACM},
 address = {New York, NY, USA},
 keywords = {Artificial neural network modeling, Associative memory, Reading brain Performance, Self-organized learning},
}

@inproceedings{Sokolowski:2015:AAM:2872538.2872543,
 author = {Sokolowski, John A. and Banks, Catherine M.},
 title = {An Agent-based Approach to Modeling Insider Threat},
 booktitle = {Proceedings of the Symposium on Agent-Directed Simulation},
 series = {ADS '15},
 year = {2015},
 isbn = {978-1-5108-0098-4},
 location = {Alexandria, Virginia},
 pages = {36--41},
 numpages = {6},
 url = {http://dl.acm.org/citation.cfm?id=2872538.2872543},
 acmid = {2872543},
 publisher = {Society for Computer Simulation International},
 address = {San Diego, CA, USA},
 keywords = {CERT, agent_zero, insider threat, pre-disposition},
}

@inproceedings{Sutro:1969:ACC:1476793.1476820,
 author = {Sutro, Louis L. and Kilmer, William L.},
 title = {Assembly of Computers to Command and Control a Robot},
 booktitle = {Proceedings of the May 14-16, 1969, Spring Joint Computer Conference},
 series = {AFIPS '69 (Spring)},
 year = {1969},
 location = {Boston, Massachusetts},
 pages = {113--137},
 numpages = {25},
 url = {http://doi.acm.org/10.1145/1476793.1476820},
 doi = {10.1145/1476793.1476820},
 acmid = {1476820},
 publisher = {ACM},
 address = {New York, NY, USA},
}

@inproceedings{Austermann:2009:BIA:1520340.1520533,
 author = {Austermann, Anja and Yamada, Seiji},
 title = {A Biologically Inspired Approach to Learning Multimodal Commands and Feedback for Human-robot Interaction},
 booktitle = {CHI '09 Extended Abstracts on Human Factors in Computing Systems},
 series = {CHI EA '09},
 year = {2009},
 isbn = {978-1-60558-247-4},
 location = {Boston, MA, USA},
 pages = {3553--3558},
 numpages = {6},
 url = {http://doi.acm.org/10.1145/1520340.1520533},
 doi = {10.1145/1520340.1520533},
 acmid = {1520533},
 publisher = {ACM},
 address = {New York, NY, USA},
 keywords = {human-robot-interaction, machine learning, multimodality, speech perception, user feedback},
}

@inproceedings{Stienen:2010:RAB:1931344.1931366,
 author = {Stienen, Bernard M. C. and de Gelder, Beatrice},
 title = {Relative Affective Blindsight for Fearful Bodily Expressions},
 booktitle = {Proceedings of the 7th International Conference on Methods and Techniques in Behavioral Research},
 series = {MB '10},
 year = {2010},
 isbn = {978-1-60558-926-8},
 location = {Eindhoven, The Netherlands},
 pages = {22:1--22:4},
 articleno = {22},
 numpages = {4},
 url = {http://doi.acm.org/10.1145/1931344.1931366},
 doi = {10.1145/1931344.1931366},
 acmid = {1931366},
 publisher = {ACM},
 address = {New York, NY, USA},
 keywords = {blindsight, emotion, masking},
}

@inproceedings{Burke:2002:UEM:544741.544820,
 author = {Burke, Robert and Blumberg, Bruce},
 title = {Using an Ethologically-inspired Model to Learn Apparent Temporal Causality for Planning in Synthetic Creatures},
 booktitle = {Proceedings of the First International Joint Conference on Autonomous Agents and Multiagent Systems: Part 1},
 series = {AAMAS '02},
 year = {2002},
 isbn = {1-58113-480-0},
 location = {Bologna, Italy},
 pages = {326--333},
 numpages = {8},
 url = {http://doi.acm.org/10.1145/544741.544820},
 doi = {10.1145/544741.544820},
 acmid = {544820},
 publisher = {ACM},
 address = {New York, NY, USA},
 keywords = {apparent temporal causality, autonomous agents, ethology, planning, reactive systems, synthetic characters, virtual creatures},
}

@inproceedings{Mekni:2019:AMI:3305160.3305182,
 author = {Mekni, Mehdi and Jayan, Ashish},
 title = {Automated Modular Invertebrate Research Environment Using Software Embedded Systems},
 booktitle = {Proceedings of the 2Nd International Conference on Software Engineering and Information Management},
 series = {ICSIM 2019},
 year = {2019},
 isbn = {978-1-4503-6642-7},
 location = {Bali, Indonesia},
 pages = {85--90},
 numpages = {6},
 url = {http://doi.acm.org/10.1145/3305160.3305182},
 doi = {10.1145/3305160.3305182},
 acmid = {3305182},
 publisher = {ACM},
 address = {New York, NY, USA},
 keywords = {Applied Behavior Analysis, Embedded Systems, Software Engineering},
}

@inproceedings{Weimer:2016:AMI:3042094.3042112,
 author = {Weimer, Christopher W. and Miller, J. O. and Hill, Raymond R.},
 title = {Agent-based Modeling: An Introduction and Primer},
 booktitle = {Proceedings of the 2016 Winter Simulation Conference},
 series = {WSC '16},
 year = {2016},
 isbn = {978-1-5090-4484-9},
 location = {Arlington, Virginia},
 pages = {65--79},
 numpages = {15},
 url = {http://dl.acm.org/citation.cfm?id=3042094.3042112},
 acmid = {3042112},
 publisher = {IEEE Press},
 address = {Piscataway, NJ, USA},
}

@inproceedings{Garvey:2007:DLS:1274940.1274952,
 author = {Garvey, Gregory P.},
 title = {Drawing a Line in the Sand: Border/Boundary Theories and Games},
 booktitle = {Proceedings of the 2007 ACM SIGGRAPH Symposium on Video Games},
 series = {Sandbox '07},
 year = {2007},
 isbn = {978-1-59593-749-0},
 location = {San Diego, California},
 pages = {47--54},
 numpages = {8},
 url = {http://doi.acm.org/10.1145/1274940.1274952},
 doi = {10.1145/1274940.1274952},
 acmid = {1274952},
 publisher = {ACM},
 address = {New York, NY, USA},
 keywords = {border theory, boundary theory, family, games, gaming, home, info cloud, lusory, play, role identity, role playing, role transitions, social domains, work},
}

@inproceedings{Sokolowski:2014:MPD:2693848.2693891,
 author = {Sokolowski, John A. and Banks, Catherine M. and Hayes, Reginald L.},
 title = {Modeling Population Displacement in the Syrian City of Aleppo},
 booktitle = {Proceedings of the 2014 Winter Simulation Conference},
 series = {WSC '14},
 year = {2014},
 location = {Savannah, Georgia},
 pages = {252--263},
 numpages = {12},
 url = {http://dl.acm.org/citation.cfm?id=2693848.2693891},
 acmid = {2693891},
 publisher = {IEEE Press},
 address = {Piscataway, NJ, USA},
}

@inproceedings{Futami:2016:SIM:2875194.2875217,
 author = {Futami, Kyosuke and Terada, Tsutomu and Tsukamoto, Masahiko},
 title = {Success Imprinter: A Method for Controlling Mental Preparedness Using Psychological Conditioned Information},
 booktitle = {Proceedings of the 7th Augmented Human International Conference 2016},
 series = {AH '16},
 year = {2016},
 isbn = {978-1-4503-3680-2},
 location = {Geneva, Switzerland},
 pages = {11:1--11:8},
 articleno = {11},
 numpages = {8},
 url = {http://doi.acm.org/10.1145/2875194.2875217},
 doi = {10.1145/2875194.2875217},
 acmid = {2875217},
 publisher = {ACM},
 address = {New York, NY, USA},
 keywords = {Classical conditioning, Information presentation, Mental, Wearable},
}

@inproceedings{Vance:2017:WRK:3025453.3025896,
 author = {Vance, Anthony and Kirwan, Brock and Bjornn, Daniel and Jenkins, Jeffrey and Anderson, Bonnie Brinton},
 title = {What Do We Really Know About How Habituation to Warnings Occurs Over Time?: A Longitudinal fMRI Study of Habituation and Polymorphic Warnings},
 booktitle = {Proceedings of the 2017 CHI Conference on Human Factors in Computing Systems},
 series = {CHI '17},
 year = {2017},
 isbn = {978-1-4503-4655-9},
 location = {Denver, Colorado, USA},
 pages = {2215--2227},
 numpages = {13},
 url = {http://doi.acm.org/10.1145/3025453.3025896},
 doi = {10.1145/3025453.3025896},
 acmid = {3025896},
 publisher = {ACM},
 address = {New York, NY, USA},
 keywords = {eye tracking, habituation, longitudinal experiment, polymorphic warnings, functional magnetic resonance imaging (fmri), security warnings},
}

@inproceedings{Jokinen:2017:MLN:3025453.3025580,
 author = {Jokinen, Jussi P. P. and Sarcar, Sayan and Oulasvirta, Antti and Silpasuwanchai, Chaklam and Wang, Zhenxin and Ren, Xiangshi},
 title = {Modelling Learning of New Keyboard Layouts},
 booktitle = {Proceedings of the 2017 CHI Conference on Human Factors in Computing Systems},
 series = {CHI '17},
 year = {2017},
 isbn = {978-1-4503-4655-9},
 location = {Denver, Colorado, USA},
 pages = {4203--4215},
 numpages = {13},
 url = {http://doi.acm.org/10.1145/3025453.3025580},
 doi = {10.1145/3025453.3025580},
 acmid = {3025580},
 publisher = {ACM},
 address = {New York, NY, USA},
 keywords = {keyboard layouts, models of learning, visual search},
}

@article{Covaci:2018:MMR:3271482.3233774,
 author = {Covaci, Alexandra and Zou, Longhao and Tal, Irina and Muntean, Gabriel-Miro and Ghinea, Gheorghita},
 title = {Is Multimedia Multisensorial? - A Review of Mulsemedia Systems},
 journal = {ACM Comput. Surv.},
 issue_date = {January 2019},
 volume = {51},
 number = {5},
 month = sep,
 year = {2018},
 issn = {0360-0300},
 pages = {91:1--91:35},
 articleno = {91},
 numpages = {35},
 url = {http://doi.acm.org/10.1145/3233774},
 doi = {10.1145/3233774},
 acmid = {3233774},
 publisher = {ACM},
 address = {New York, NY, USA},
 keywords = {Mulsemedia, cross-modal, multimedia, multisensory, quality of experience},
}

