@inproceedings{McDowell:2006:CTA:1143997.1144028,
 author = {McDowell, J. J and Soto, Paul L. and Dallery, Jesse and Kulubekova, Saule},
 title = {A Computational Theory of Adaptive Behavior Based on an Evolutionary Reinforcement Mechanism},
 booktitle = {Proceedings of the 8th Annual Conference on Genetic and Evolutionary Computation},
 series = {GECCO '06},
 year = {2006},
 isbn = {1-59593-186-4},
 location = {Seattle, Washington, USA},
 pages = {175--182},
 numpages = {8},
 url = {http://doi.acm.org/10.1145/1143997.1144028},
 doi = {10.1145/1143997.1144028},
 acmid = {1144028},
 publisher = {ACM},
 address = {New York, NY, USA},
 keywords = {Rescorla-Wagner rule, adaptive agents, adaptive behavior, conditioned reinforcement, credit assignment, delay-reduction theory, evolutionary algorithms, matching theory, reinforcement learning, stimulus control},
}

@inproceedings{Sejnowski:1995:PHL:225298.225300,
 author = {Sejnowski, Terrence J. and Dayan, Peter and Montague, P. Read},
 title = {Predictive Hebbian Learning},
 booktitle = {Proceedings of the Eighth Annual Conference on Computational Learning Theory},
 series = {COLT '95},
 year = {1995},
 isbn = {0-89791-723-5},
 location = {Santa Cruz, California, USA},
 pages = {15--18},
 numpages = {4},
 url = {http://doi.acm.org/10.1145/225298.225300},
 doi = {10.1145/225298.225300},
 acmid = {225300},
 publisher = {ACM},
 address = {New York, NY, USA},
}

@inproceedings{Burke:2002:UEM:544741.544820,
 author = {Burke, Robert and Blumberg, Bruce},
 title = {Using an Ethologically-inspired Model to Learn Apparent Temporal Causality for Planning in Synthetic Creatures},
 booktitle = {Proceedings of the First International Joint Conference on Autonomous Agents and Multiagent Systems: Part 1},
 series = {AAMAS '02},
 year = {2002},
 isbn = {1-58113-480-0},
 location = {Bologna, Italy},
 pages = {326--333},
 numpages = {8},
 url = {http://doi.acm.org/10.1145/544741.544820},
 doi = {10.1145/544741.544820},
 acmid = {544820},
 publisher = {ACM},
 address = {New York, NY, USA},
 keywords = {apparent temporal causality, autonomous agents, ethology, planning, reactive systems, synthetic characters, virtual creatures},
}

@inproceedings{Austermann:2009:BIA:1520340.1520533,
 author = {Austermann, Anja and Yamada, Seiji},
 title = {A Biologically Inspired Approach to Learning Multimodal Commands and Feedback for Human-robot Interaction},
 booktitle = {CHI '09 Extended Abstracts on Human Factors in Computing Systems},
 series = {CHI EA '09},
 year = {2009},
 isbn = {978-1-60558-247-4},
 location = {Boston, MA, USA},
 pages = {3553--3558},
 numpages = {6},
 url = {http://doi.acm.org/10.1145/1520340.1520533},
 doi = {10.1145/1520340.1520533},
 acmid = {1520533},
 publisher = {ACM},
 address = {New York, NY, USA},
 keywords = {human-robot-interaction, machine learning, multimodality, speech perception, user feedback},
}

@inproceedings{Sokolowski:2015:AAM:2872538.2872543,
 author = {Sokolowski, John A. and Banks, Catherine M.},
 title = {An Agent-based Approach to Modeling Insider Threat},
 booktitle = {Proceedings of the Symposium on Agent-Directed Simulation},
 series = {ADS '15},
 year = {2015},
 isbn = {978-1-5108-0098-4},
 location = {Alexandria, Virginia},
 pages = {36--41},
 numpages = {6},
 url = {http://dl.acm.org/citation.cfm?id=2872538.2872543},
 acmid = {2872543},
 publisher = {Society for Computer Simulation International},
 address = {San Diego, CA, USA},
 keywords = {CERT, agent_zero, insider threat, pre-disposition},
}

@inproceedings{Sokolowski:2014:MPD:2693848.2693891,
 author = {Sokolowski, John A. and Banks, Catherine M. and Hayes, Reginald L.},
 title = {Modeling Population Displacement in the Syrian City of Aleppo},
 booktitle = {Proceedings of the 2014 Winter Simulation Conference},
 series = {WSC '14},
 year = {2014},
 location = {Savannah, Georgia},
 pages = {252--263},
 numpages = {12},
 url = {http://dl.acm.org/citation.cfm?id=2693848.2693891},
 acmid = {2693891},
 publisher = {IEEE Press},
 address = {Piscataway, NJ, USA},
}

@proceedings{Cattolico:2006:1143997,
 title = {GECCO '06: Proceedings of the 8th Annual Conference on Genetic and Evolutionary Computation},
 year = {2006},
 isbn = {1-59593-186-4},
 location = {Seattle, Washington, USA},
 note = {910060},
 publisher = {ACM},
 address = {New York, NY, USA},
}

@inproceedings{Sherfey:2015:IMB:2872538.2872539,
 author = {Sherfey, Solomon and Collins, Andrew J. and Moses, Paul and Marsillac, Sylvain},
 title = {Impacts of Market Behavior on Distributed Energy: A Multi-disciplinary, Hybridized Modeling and Simulation Approach},
 booktitle = {Proceedings of the Symposium on Agent-Directed Simulation},
 series = {ADS '15},
 year = {2015},
 isbn = {978-1-5108-0098-4},
 location = {Alexandria, Virginia},
 pages = {1--8},
 numpages = {8},
 url = {http://dl.acm.org/citation.cfm?id=2872538.2872539},
 acmid = {2872539},
 publisher = {Society for Computer Simulation International},
 address = {San Diego, CA, USA},
 keywords = {agent based modeling and simulation, distributed energy, electrical distribution, social behavior},
}

