@inproceedings{Heo:2008:ESL:1379092.1379137,
 author = {Heo, Misook and Yi, Myongho},
 title = {An Empirical Study of the Learning Effect of an Ontology-driven Information System},
 booktitle = {Proceedings of the Nineteenth ACM Conference on Hypertext and Hypermedia},
 series = {HT '08},
 year = {2008},
 isbn = {978-1-59593-985-2},
 location = {Pittsburgh, PA, USA},
 pages = {225--226},
 numpages = {2},
 url = {http://doi.acm.org/10.1145/1379092.1379137},
 doi = {10.1145/1379092.1379137},
 acmid = {1379137},
 publisher = {ACM},
 address = {New York, NY, USA},
 keywords = {browsing, information systems, learning, ontology},
}

@article{Mendes:2001:CFT:507758.377457,
 author = {Mendes, Emilia and Mosley, Nile and Counsell, Steve},
 title = {The Cognitive Flexibility Theory0: An Approach for Teaching Hypermedia Engineering},
 journal = {SIGCSE Bull.},
 issue_date = {Sept. 2001},
 volume = {33},
 number = {3},
 month = jun,
 year = {2001},
 issn = {0097-8418},
 pages = {21--24},
 numpages = {4},
 url = {http://doi.acm.org/10.1145/507758.377457},
 doi = {10.1145/507758.377457},
 acmid = {377457},
 publisher = {ACM},
 address = {New York, NY, USA},
 keywords = {cognitive flexibility theory, hypermedia teaching, teaching methods},
}

@inproceedings{Mendes:2001:CFT:377435.377457,
 author = {Mendes, Emilia and Mosley, Nile and Counsell, Steve},
 title = {The Cognitive Flexibility Theory0: An Approach for Teaching Hypermedia Engineering},
 booktitle = {Proceedings of the 6th Annual Conference on Innovation and Technology in Computer Science Education},
 series = {ITiCSE '01},
 year = {2001},
 isbn = {1-58113-330-8},
 location = {Canterbury, United Kingdom},
 pages = {21--24},
 numpages = {4},
 url = {http://doi.acm.org/10.1145/377435.377457},
 doi = {10.1145/377435.377457},
 acmid = {377457},
 publisher = {ACM},
 address = {New York, NY, USA},
 keywords = {cognitive flexibility theory, hypermedia teaching, teaching methods},
}

@inproceedings{Mendes:2003:ACF:858403.858417,
 author = {Mendes, Emilia},
 title = {Applying the Cognitive Flexibility Theory to Teaching Web Engineering},
 booktitle = {Proceedings of the Fifth Australasian Conference on Computing Education - Volume 20},
 series = {ACE '03},
 year = {2003},
 isbn = {0-909925-98-4},
 location = {Adelaide, Australia},
 pages = {113--117},
 numpages = {5},
 url = {http://dl.acm.org/citation.cfm?id=858403.858417},
 acmid = {858417},
 publisher = {Australian Computer Society, Inc.},
 address = {Darlinghurst, Australia, Australia},
 keywords = {cognitive flexibility theory, teaching methods, web engineering teaching},
}

@inproceedings{Doucet:2010:DEE:1836135.1836136,
 author = {Doucet, Lars and Srinivasan, Vinod},
 title = {Designing Entertaining Educational Games Using Procedural Rhetoric: A Case Study},
 booktitle = {Proceedings of the 5th ACM SIGGRAPH Symposium on Video Games},
 series = {Sandbox '10},
 year = {2010},
 isbn = {978-1-4503-0097-1},
 location = {Los Angeles, California},
 pages = {5--10},
 numpages = {6},
 url = {http://doi.acm.org/10.1145/1836135.1836136},
 doi = {10.1145/1836135.1836136},
 acmid = {1836136},
 publisher = {ACM},
 address = {New York, NY, USA},
 keywords = {educational games, energy, environment, game design, procedural rhetoric, serious games, simulation games},
}

@article{Guzdial:1996:CSL:227210.227600,
 author = {Guzdial, M. and Kolodner, J. and Hmelo, C. and Narayanan, H. and Carlson, D. and Rappin, N. and H\"{u}bscher, R. and Turns, J. and Newstetter, W.},
 title = {Computer Support for Learning Through Complex Problem Solving},
 journal = {Commun. ACM},
 issue_date = {April 1996},
 volume = {39},
 number = {4},
 month = apr,
 year = {1996},
 issn = {0001-0782},
 pages = {43--45},
 numpages = {3},
 url = {http://doi.acm.org/10.1145/227210.227600},
 doi = {10.1145/227210.227600},
 acmid = {227600},
 publisher = {ACM},
 address = {New York, NY, USA},
}

@inproceedings{Jones:1993:ICR:168466.168512,
 author = {Jones, Robert Alun and Spiro, Rand},
 title = {Imagined Conversations: The Relevance of Hypertext, Pragmatism, and Cognitive Flexibility Theory to the Interpretation of \&Ldquo;Classic Texts\&Rdquo; in Intellectual History},
 booktitle = {Proceedings of the ACM Conference on Hypertext},
 series = {ECHT '92},
 year = {1992},
 isbn = {0-89791-547-X},
 location = {Milan, Italy},
 pages = {141--148},
 numpages = {8},
 url = {http://doi.acm.org/10.1145/168466.168512},
 doi = {10.1145/168466.168512},
 acmid = {168512},
 publisher = {ACM},
 address = {New York, NY, USA},
}

@inproceedings{Derry:2005:MMS:1149293.1149308,
 author = {Derry, Sharon J. and Hmelo-Silver, Cindy E. and Nagarajan, Anandi and Chernobilsky, Ellina and Feltovich, Joan and Halfpap, Brad},
 title = {Making a Mesh of It: A STELLAR Approach to Teacher Professional Development},
 booktitle = {Proceedings of th 2005 Conference on Computer Support for Collaborative Learning: Learning 2005: The Next 10 Years!},
 series = {CSCL '05},
 year = {2005},
 isbn = {0-8058-5782-6},
 location = {Taipei, Taiwan},
 pages = {105--114},
 numpages = {10},
 url = {http://dl.acm.org/citation.cfm?id=1149293.1149308},
 acmid = {1149308},
 publisher = {International Society of the Learning Sciences},
 keywords = {design-based learning, instructional design, online learning, problem-based learning, teacher education, transfer, video cases},
}

@inproceedings{Mendes:2002:CCR:511446.511482,
 author = {Mendes, Emilia and Mosley, Nile and Watson, Ian},
 title = {A Comparison of Case-based Reasoning Approaches},
 booktitle = {Proceedings of the 11th International Conference on World Wide Web},
 series = {WWW '02},
 year = {2002},
 isbn = {1-58113-449-5},
 location = {Honolulu, Hawaii, USA},
 pages = {272--280},
 numpages = {9},
 url = {http://doi.acm.org/10.1145/511446.511482},
 doi = {10.1145/511446.511482},
 acmid = {511482},
 publisher = {ACM},
 address = {New York, NY, USA},
 keywords = {case-based reasoning, prediction models, web effort prediction, web hypermedia, web hypermedia metrics},
}

@inproceedings{Shillair:2016:TOS:2987592.2987605,
 author = {Shillair, Ruth},
 title = {Talking About Online Safety: A Qualitative Study Exploring the Cybersecurity Learning Process of Online Labor Market Workers},
 booktitle = {Proceedings of the 34th ACM International Conference on the Design of Communication},
 series = {SIGDOC '16},
 year = {2016},
 isbn = {978-1-4503-4495-1},
 location = {Silver Spring, MD, USA},
 pages = {21:1--21:9},
 articleno = {21},
 numpages = {9},
 url = {http://doi.acm.org/10.1145/2987592.2987605},
 doi = {10.1145/2987592.2987605},
 acmid = {2987605},
 publisher = {ACM},
 address = {New York, NY, USA},
 keywords = {Security, learning about online security, learning theories for online security},
}

@inproceedings{Vainio:2005:VCM:1056808.1057040,
 author = {Vainio, Teija and Hakkarainen, Kati and Levonen, Jarmo},
 title = {Visualizing Complex Medical Phenomena for Medical Students},
 booktitle = {CHI '05 Extended Abstracts on Human Factors in Computing Systems},
 series = {CHI EA '05},
 year = {2005},
 isbn = {1-59593-002-7},
 location = {Portland, OR, USA},
 pages = {1857--1860},
 numpages = {4},
 url = {http://doi.acm.org/10.1145/1056808.1057040},
 doi = {10.1145/1056808.1057040},
 acmid = {1057040},
 publisher = {ACM},
 address = {New York, NY, USA},
 keywords = {learning with cognitive tools, multimodal representations, simulations, user interface design, visualization of complex phenomenon},
}

@inproceedings{Fisher:1996:TBP:1161135.1161190,
 author = {Fisher, Kathleen and Gomes, Stacy},
 title = {Teaching Biology to Prospective Elementary School Teachers So As to Promote Transition from Receiver to Giver of Information},
 booktitle = {Proceedings of the 1996 International Conference on Learning Sciences},
 series = {ICLS '96},
 year = {1996},
 isbn = {1-880094-23-1},
 location = {Evanston, Illinois},
 pages = {386--391},
 numpages = {6},
 url = {http://dl.acm.org/citation.cfm?id=1161135.1161190},
 acmid = {1161190},
 publisher = {International Society of the Learning Sciences},
}

@inproceedings{Kolodner:1996:PLM:1161135.1161161,
 author = {Kolodner, Janet L. and Hmelo, Cindy E. and Narayanan, N. Hari},
 title = {Problem-based Learning Meets Case-based Reasoning},
 booktitle = {Proceedings of the 1996 International Conference on Learning Sciences},
 series = {ICLS '96},
 year = {1996},
 isbn = {1-880094-23-1},
 location = {Evanston, Illinois},
 pages = {188--195},
 numpages = {8},
 url = {http://dl.acm.org/citation.cfm?id=1161135.1161161},
 acmid = {1161161},
 publisher = {International Society of the Learning Sciences},
}

@inproceedings{McEneaney:1999:VAN:294469.294487,
 author = {McEneaney, John E.},
 title = {Visualizing and Assessing Navigation in Hypertext},
 booktitle = {Proceedings of the Tenth ACM Conference on Hypertext and Hypermedia : Returning to Our Diverse Roots: Returning to Our Diverse Roots},
 series = {HYPERTEXT '99},
 year = {1999},
 isbn = {1-58113-064-3},
 location = {Darmstadt, Germany},
 pages = {61--70},
 numpages = {10},
 url = {http://doi.acm.org/10.1145/294469.294487},
 doi = {10.1145/294469.294487},
 acmid = {294487},
 publisher = {ACM},
 address = {New York, NY, USA},
 keywords = {empirical validation, navigation metrics, navigation patterns, path analysis, user paths, visualization},
}

@inproceedings{Hmelo-Silver:2005:PPM:1149293.1149318,
 author = {Hmelo-Silver, Cindy E. and Derry, Sharon J. and Woods, David and DelMarcelle, Matt and Chernobilsky, Ellina},
 title = {From Parallel Play to Meshed Interaction: The Evolution of the eSTEP System},
 booktitle = {Proceedings of th 2005 Conference on Computer Support for Collaborative Learning: Learning 2005: The Next 10 Years!},
 series = {CSCL '05},
 year = {2005},
 isbn = {0-8058-5782-6},
 location = {Taipei, Taiwan},
 pages = {195--204},
 numpages = {10},
 url = {http://dl.acm.org/citation.cfm?id=1149293.1149318},
 acmid = {1149318},
 publisher = {International Society of the Learning Sciences},
 keywords = {design principles, problem-based learning, scaffolding},
}

@inproceedings{Franco:2009:TDE:1666611.1666626,
 author = {Franco, Jorge Ferreira and de Deus Lopes, Roseli},
 title = {Three-dimensional Digital Enviroments and Computer Graphics Influencing K-12 Individuals' Digital Literacy Development and Interdisciplinary Lifelong Learning},
 booktitle = {ACM SIGGRAPH ASIA 2009 Educators Program},
 series = {SIGGRAPH ASIA '09},
 year = {2009},
 location = {Yokohama, Japan},
 pages = {15:1--15:8},
 articleno = {15},
 numpages = {8},
 url = {http://doi.acm.org/10.1145/1666611.1666626},
 doi = {10.1145/1666611.1666626},
 acmid = {1666626},
 publisher = {ACM},
 address = {New York, NY, USA},
 keywords = {cognitive development, culture, digital art, information visualization, lifelong learning, virtual reality},
}

@inproceedings{Derry:2002:SSC:1658616.1658646,
 author = {Derry, Sharon J. and Siegel, Marcelle and Stampen, John},
 title = {The STEP System for Collaborative Case-based Teacher Education: Design, Evaluation \& Future Directions},
 booktitle = {Proceedings of the Conference on Computer Support for Collaborative Learning: Foundations for a CSCL Community},
 series = {CSCL '02},
 year = {2002},
 location = {Boulder, Colorado},
 pages = {209--216},
 numpages = {8},
 url = {http://dl.acm.org/citation.cfm?id=1658616.1658646},
 acmid = {1658646},
 publisher = {International Society of the Learning Sciences},
 keywords = {case-based learning, instructional web sites, problem-based learning, teacher education, video cases},
}

@inproceedings{Finkelstein:2011:ITC:2047594.2047658,
 author = {Finkelstein, Joseph and Wood, Jeffrey},
 title = {Information Technology for Continuous Patient Health Education},
 booktitle = {Proceedings of the 2011 Conference on Information Technology Education},
 series = {SIGITE '11},
 year = {2011},
 isbn = {978-1-4503-1017-8},
 location = {West Point, New York, USA},
 pages = {245--250},
 numpages = {6},
 url = {http://doi.acm.org/10.1145/2047594.2047658},
 doi = {10.1145/2047594.2047658},
 acmid = {2047658},
 publisher = {ACM},
 address = {New York, NY, USA},
}

@article{Christensen:1993:STD:169073.169465,
 author = {Christensen, Margaret and Giamo, Michael and Jones, Trevor},
 title = {Support for Teaching the Design and Implementation of Multimedia/Hypermedia Systems},
 journal = {SIGCSE Bull.},
 issue_date = {March 1993},
 volume = {25},
 number = {1},
 month = mar,
 year = {1993},
 issn = {0097-8418},
 pages = {242--245},
 numpages = {4},
 url = {http://doi.acm.org/10.1145/169073.169465},
 doi = {10.1145/169073.169465},
 acmid = {169465},
 publisher = {ACM},
 address = {New York, NY, USA},
}

@inproceedings{Christensen:1993:STD:169070.169465,
 author = {Christensen, Margaret and Giamo, Michael and Jones, Trevor},
 title = {Support for Teaching the Design and Implementation of Multimedia/Hypermedia Systems},
 booktitle = {Proceedings of the Twenty-fourth SIGCSE Technical Symposium on Computer Science Education},
 series = {SIGCSE '93},
 year = {1993},
 isbn = {0-89791-565-8},
 location = {Indianapolis, Indiana, USA},
 pages = {242--245},
 numpages = {4},
 url = {http://doi.acm.org/10.1145/169070.169465},
 doi = {10.1145/169070.169465},
 acmid = {169465},
 publisher = {ACM},
 address = {New York, NY, USA},
}

@inproceedings{Wang:2006:EMT:1150034.1150152,
 author = {Wang, Yan and Dogan, Enis and Lin, Xiaodong},
 title = {The Effect of Multiple-perspective Thinking on Problem Solving},
 booktitle = {Proceedings of the 7th International Conference on Learning Sciences},
 series = {ICLS '06},
 year = {2006},
 isbn = {0-8058-6174-2},
 location = {Bloomington, Indiana},
 pages = {812--817},
 numpages = {6},
 url = {http://dl.acm.org/citation.cfm?id=1150034.1150152},
 acmid = {1150152},
 publisher = {International Society of the Learning Sciences},
}

@inproceedings{Jonassen:1996:SCD:1161135.1161199,
 author = {Jonassen, David},
 title = {Scaffolding Causal, Diagnostic Reasoning in a Case-based Learning Environment in Medicine},
 booktitle = {Proceedings of the 1996 International Conference on Learning Sciences},
 series = {ICLS '96},
 year = {1996},
 isbn = {1-880094-23-1},
 location = {Evanston, Illinois},
 pages = {439--444},
 numpages = {6},
 url = {http://dl.acm.org/citation.cfm?id=1161135.1161199},
 acmid = {1161199},
 publisher = {International Society of the Learning Sciences},
}

@article{DeSchryver:2016:WCT:3022733.3013526,
 author = {DeSchryver, Michael},
 title = {The Web As a Creative Thinking Partner},
 journal = {eLearn},
 issue_date = {12-01-2016},
 volume = {2016},
 number = {12},
 month = dec,
 year = {2016},
 issn = {1535-394X},
 articleno = {1},
 url = {http://doi.acm.org/10.1145/3022733.3013526},
 doi = {10.1145/3022733.3013526},
 acmid = {3013526},
 publisher = {ACM},
 address = {New York, NY, USA},
}

@inproceedings{Saay:2016:RAN:2996890.3007894,
 author = {Saay, Salim and Norta, Alex},
 title = {A Reference Architecture for a National e-Learning Infrastructure},
 booktitle = {Proceedings of the 9th International Conference on Utility and Cloud Computing},
 series = {UCC '16},
 year = {2016},
 isbn = {978-1-4503-4616-0},
 location = {Shanghai, China},
 pages = {404--409},
 numpages = {6},
 url = {http://doi.acm.org/10.1145/2996890.3007894},
 doi = {10.1145/2996890.3007894},
 acmid = {3007894},
 publisher = {ACM},
 address = {New York, NY, USA},
 keywords = {ATAM, MDE, NREN, afgREN, e-Learning, reference architecture},
}

@inproceedings{Stahl:2005:WUH:1149293.1149377,
 author = {Stahl, Elmar and Zahn, Carmen and Finke, Matthias},
 title = {How Can We Use Hypervideo Design Projects to Construct Knowledge in University Courses?},
 booktitle = {Proceedings of th 2005 Conference on Computer Support for Collaborative Learning: Learning 2005: The Next 10 Years!},
 series = {CSCL '05},
 year = {2005},
 isbn = {0-8058-5782-6},
 location = {Taipei, Taiwan},
 pages = {641--646},
 numpages = {6},
 url = {http://dl.acm.org/citation.cfm?id=1149293.1149377},
 acmid = {1149377},
 publisher = {International Society of the Learning Sciences},
 keywords = {collaborative hypervideo design, hypervideo, knowledge transforming},
}

@inproceedings{Mendes:2001:TPD:504216.504278,
 author = {Mendes, Emilia and Counsell, Steve and Mosley, Nile},
 title = {Towards the Prediction of Development Effort for Hypermedia Applications},
 booktitle = {Proceedings of the 12th ACM Conference on Hypertext and Hypermedia},
 series = {HYPERTEXT '01},
 year = {2001},
 isbn = {1-58113-420-7},
 location = {\&\#197;rhus, none, Denmark},
 pages = {249--258},
 numpages = {10},
 url = {http://doi.acm.org/10.1145/504216.504278},
 doi = {10.1145/504216.504278},
 acmid = {504278},
 publisher = {ACM},
 address = {New York, NY, USA},
 keywords = {case-based reasoning, development, effort prediction, hypermedia},
}

@inproceedings{Mendes:2003:ARI:900051.900091,
 author = {Mendes, Emilia and Mosley, Nile and Counsell, Steve},
 title = {Do Adaptation Rules Improve Web Cost Estimation?},
 booktitle = {Proceedings of the Fourteenth ACM Conference on Hypertext and Hypermedia},
 series = {HYPERTEXT '03},
 year = {2003},
 isbn = {1-58113-704-4},
 location = {Nottingham, UK},
 pages = {173--183},
 numpages = {11},
 url = {http://doi.acm.org/10.1145/900051.900091},
 doi = {10.1145/900051.900091},
 acmid = {900091},
 publisher = {ACM},
 address = {New York, NY, USA},
 keywords = {case-based reasoning, prediction models, web effort prediction, web hypermedia, web hypermedia metrics},
}

@inproceedings{Papadopoulos:2007:CIW:1268784.1268826,
 author = {Papadopoulos, Pantelis M. and Demetriadis, Stavros N. and Stamelos, Ioannis G.},
 title = {Case-based Instruction on the Web for Teaching Software Project Management},
 booktitle = {Proceedings of the 12th Annual SIGCSE Conference on Innovation and Technology in Computer Science Education},
 series = {ITiCSE '07},
 year = {2007},
 isbn = {978-1-59593-610-3},
 location = {Dundee, Scotland},
 pages = {136--140},
 numpages = {5},
 url = {http://doi.acm.org/10.1145/1268784.1268826},
 doi = {10.1145/1268784.1268826},
 acmid = {1268826},
 publisher = {ACM},
 address = {New York, NY, USA},
 keywords = {case-based learning, software project management education, student scaffolding},
}

@article{Papadopoulos:2007:CIW:1269900.1268826,
 author = {Papadopoulos, Pantelis M. and Demetriadis, Stavros N. and Stamelos, Ioannis G.},
 title = {Case-based Instruction on the Web for Teaching Software Project Management},
 journal = {SIGCSE Bull.},
 issue_date = {September 2007},
 volume = {39},
 number = {3},
 month = jun,
 year = {2007},
 issn = {0097-8418},
 pages = {136--140},
 numpages = {5},
 url = {http://doi.acm.org/10.1145/1269900.1268826},
 doi = {10.1145/1269900.1268826},
 acmid = {1268826},
 publisher = {ACM},
 address = {New York, NY, USA},
 keywords = {case-based learning, software project management education, student scaffolding},
}

@inproceedings{Hmelo-Silver:2004:UCA:1149126.1149156,
 author = {Hmelo-Silver, Cindy E. and Chernobilsky, Ellina},
 title = {Understanding Collaborative Activity Systems: The Relation of Tools and Discourse in Mediating Learning},
 booktitle = {Proceedings of the 6th International Conference on Learning Sciences},
 series = {ICLS '04},
 year = {2004},
 location = {Santa Monica, California},
 pages = {254--261},
 numpages = {8},
 url = {http://dl.acm.org/citation.cfm?id=1149126.1149156},
 acmid = {1149156},
 publisher = {International Society of the Learning Sciences},
}

@article{Bower:2008:TTT:1597849.1384346,
 author = {Bower, Matt},
 title = {A Taxonomy of Task Types in Computing},
 journal = {SIGCSE Bull.},
 issue_date = {September 2008},
 volume = {40},
 number = {3},
 month = jun,
 year = {2008},
 issn = {0097-8418},
 pages = {281--285},
 numpages = {5},
 url = {http://doi.acm.org/10.1145/1597849.1384346},
 doi = {10.1145/1597849.1384346},
 acmid = {1384346},
 publisher = {ACM},
 address = {New York, NY, USA},
 keywords = {computer science education, pedagogy, task types, taxonomy},
}

@inproceedings{Bower:2008:TTT:1384271.1384346,
 author = {Bower, Matt},
 title = {A Taxonomy of Task Types in Computing},
 booktitle = {Proceedings of the 13th Annual Conference on Innovation and Technology in Computer Science Education},
 series = {ITiCSE '08},
 year = {2008},
 isbn = {978-1-60558-078-4},
 location = {Madrid, Spain},
 pages = {281--285},
 numpages = {5},
 url = {http://doi.acm.org/10.1145/1384271.1384346},
 doi = {10.1145/1384271.1384346},
 acmid = {1384346},
 publisher = {ACM},
 address = {New York, NY, USA},
 keywords = {computer science education, pedagogy, task types, taxonomy},
}

@inproceedings{Spyropoulou:2013:ECE:2491845.2491882,
 author = {Spyropoulou, Maria and Ntourou, Dimitra and Simaki, Vasiliki and Malagkoniari, Dionysia and Koumpouri, Athanasia and Sorra, Maria},
 title = {Evaluating the Correspondence of Educational Software to Learning Theories},
 booktitle = {Proceedings of the 17th Panhellenic Conference on Informatics},
 series = {PCI '13},
 year = {2013},
 isbn = {978-1-4503-1969-0},
 location = {Thessaloniki, Greece},
 pages = {250--257},
 numpages = {8},
 url = {http://doi.acm.org/10.1145/2491845.2491882},
 doi = {10.1145/2491845.2491882},
 acmid = {2491882},
 publisher = {ACM},
 address = {New York, NY, USA},
 keywords = {behaviorism, cognitivism, constructivism, educational software, educational websites, evaluation, instructional design, learning theories, online learning},
}

@inproceedings{Schellens:2005:IRA:1149293.1149367,
 author = {Schellens, Tammy and Van Keer, Hilde and Valcke, Martin and De Wever, Bram},
 title = {The Impact of Role Assignment As Scripting Tool on Knowledge Construction in Asynchronous Discussion Groups},
 booktitle = {Proceedings of th 2005 Conference on Computer Support for Collaborative Learning: Learning 2005: The Next 10 Years!},
 series = {CSCL '05},
 year = {2005},
 isbn = {0-8058-5782-6},
 location = {Taipei, Taiwan},
 pages = {557--566},
 numpages = {10},
 url = {http://dl.acm.org/citation.cfm?id=1149293.1149367},
 acmid = {1149367},
 publisher = {International Society of the Learning Sciences},
 keywords = {CSCL, asynchronous discussion groups, collaborative learning, roles, scripting},
}

@inproceedings{Fronza:2019:ECS:3300115.3309522,
 author = {Fronza, Ilenia and Hellas, Arto and Ihantola, Petri and Mikkonen, Tommi},
 title = {An Exploration of Cognitive Shifting in Writing Code},
 booktitle = {Proceedings of the ACM Conference on Global Computing Education},
 series = {CompEd '19},
 year = {2019},
 isbn = {978-1-4503-6259-7},
 location = {Chengdu,Sichuan, China},
 pages = {65--71},
 numpages = {7},
 url = {http://doi.acm.org/10.1145/3300115.3309522},
 doi = {10.1145/3300115.3309522},
 acmid = {3309522},
 publisher = {ACM},
 address = {New York, NY, USA},
 keywords = {cognitive shifting, educational data mining, learning analytics, movement in source code, programming process},
}

@inproceedings{Chernobilsky:2005:PLO:1149293.1149301,
 author = {Chernobilsky, Ellina and Nagarajan, Anandi and Hmelo-Silver, Cindy E.},
 title = {Problem-based Learning Online: Multiple Perspectives on Collaborative Knowledge Construction},
 booktitle = {Proceedings of th 2005 Conference on Computer Support for Collaborative Learning: Learning 2005: The Next 10 Years!},
 series = {CSCL '05},
 year = {2005},
 isbn = {0-8058-5782-6},
 location = {Taipei, Taiwan},
 pages = {53--62},
 numpages = {10},
 url = {http://dl.acm.org/citation.cfm?id=1149293.1149301},
 acmid = {1149301},
 publisher = {International Society of the Learning Sciences},
 keywords = {collaboration, online learning, problem-based learning},
}

@inproceedings{Shrader:1999:DRL:1150240.1150305,
 author = {Shrader, Gregory W. and Gomez, Louis M.},
 title = {Design Research for the Living Curriculum},
 booktitle = {Proceedings of the 1999 Conference on Computer Support for Collaborative Learning},
 series = {CSCL '99},
 year = {1999},
 location = {Palo Alto, California},
 articleno = {65},
 url = {http://dl.acm.org/citation.cfm?id=1150240.1150305},
 acmid = {1150305},
 publisher = {International Society of the Learning Sciences},
 keywords = {case-based learning, design, professional development, teacher learning},
}

@inproceedings{Paus:2010:DCF:1854360.1854426,
 author = {Paus, Elisabeth and Gerhards, Gisela M. and Jucks, Regina},
 title = {Delinquent or Criminal?: Fostering Conceptual Understanding of Technical Terms in Computer-mediated Collaborative Learning},
 booktitle = {Proceedings of the 9th International Conference of the Learning Sciences - Volume 1},
 series = {ICLS '10},
 year = {2010},
 location = {Chicago, Illinois},
 pages = {516--523},
 numpages = {8},
 url = {http://dl.acm.org/citation.cfm?id=1854360.1854426},
 acmid = {1854426},
 publisher = {International Society of the Learning Sciences},
}

@inproceedings{Shuyska:2008:TCP:1822258.1822273,
 author = {Shuyska, Jane Alexen and Davies, Chris},
 title = {ThinkSpace: The Collaborative Process of Designing New Technologies for the Classroom},
 booktitle = {Proceedings of the 4th International Symposium on Wikis},
 series = {WikiSym '08},
 year = {2008},
 isbn = {978-1-60558-128-6},
 location = {Porto, Portugal},
 pages = {11:1--11:8},
 articleno = {11},
 numpages = {8},
 url = {http://doi.acm.org/10.1145/1822258.1822273},
 doi = {10.1145/1822258.1822273},
 acmid = {1822273},
 publisher = {ACM},
 address = {New York, NY, USA},
 keywords = {collaborative knowledge building, concept mapping, design-based research, history, wiki},
}

@inproceedings{Paus:2008:WRM:1599871.1599893,
 author = {Paus, Elisabeth and Jucks, Regina},
 title = {Do We Really Mean the Same? The Relationship Between Word Choices and Computer Mediated Cooperative Learning},
 booktitle = {Proceedings of the 8th International Conference on International Conference for the Learning Sciences - Volume 2},
 series = {ICLS'08},
 year = {2008},
 location = {Utrecht, The Netherlands},
 pages = {172--179},
 numpages = {8},
 url = {http://dl.acm.org/citation.cfm?id=1599871.1599893},
 acmid = {1599893},
 publisher = {International Society of the Learning Sciences},
}

@inproceedings{Martinez-Maldonado:2015:LWD:2723576.2723583,
 author = {Martinez-Maldonado, Roberto and Pardo, Abelardo and Mirriahi, Negin and Yacef, Kalina and Kay, Judy and Clayphan, Andrew},
 title = {The LATUX Workflow: Designing and Deploying Awareness Tools in Technology-enabled Learning Settings},
 booktitle = {Proceedings of the Fifth International Conference on Learning Analytics And Knowledge},
 series = {LAK '15},
 year = {2015},
 isbn = {978-1-4503-3417-4},
 location = {Poughkeepsie, New York},
 pages = {1--10},
 numpages = {10},
 url = {http://doi.acm.org/10.1145/2723576.2723583},
 doi = {10.1145/2723576.2723583},
 acmid = {2723583},
 publisher = {ACM},
 address = {New York, NY, USA},
 keywords = {awareness, dashboard, design, groupware, visualisations},
}

