@inproceedings{Bares:2019:AGB:3287324.3287435,
 author = {Bares, William H. and Manaris, Bill and McCauley, Ren{\'e}e and Moore, Christine},
 title = {Achieving Gender Balance Through Creative Expression},
 booktitle = {Proceedings of the 50th ACM Technical Symposium on Computer Science Education},
 series = {SIGCSE '19},
 year = {2019},
 isbn = {978-1-4503-5890-3},
 location = {Minneapolis, MN, USA},
 pages = {293--299},
 numpages = {7},
 url = {http://doi.acm.org/10.1145/3287324.3287435},
 doi = {10.1145/3287324.3287435},
 acmid = {3287435},
 publisher = {ACM},
 address = {New York, NY, USA},
 keywords = {art, broadening participation, contextualized computing, creativity, curriculum},
}

@Article{2010:1869746,
 journal = {ACM Inroads},
 year = {2010},
 issn = {2153-2184},
 volume = {1},
 number = {4},
 issue_date = {December 2010},
 publisher = {ACM},
 address = {New York, NY, USA},
key = {{$\!\!$}} ,
}

@inproceedings{Card:2005:AUI:1040830.1040831,
 author = {Card, Stuart},
 title = {Attention-reactive User Interface for Sensemaking},
 booktitle = {Proceedings of the 10th International Conference on Intelligent User Interfaces},
 series = {IUI '05},
 year = {2005},
 isbn = {1-58113-894-6},
 location = {San Diego, California, USA},
 pages = {2--2},
 numpages = {1},
 url = {http://doi.acm.org/10.1145/1040830.1040831},
 doi = {10.1145/1040830.1040831},
 acmid = {1040831},
 publisher = {ACM},
 address = {New York, NY, USA},
}

@inproceedings{Cassell:2005:OTA:1040830.1040832,
 author = {Cassell, Justine},
 title = {Oral Tradition, Aboral Coordination: Building Rapport with Embodied Conversational Agents},
 booktitle = {Proceedings of the 10th International Conference on Intelligent User Interfaces},
 series = {IUI '05},
 year = {2005},
 isbn = {1-58113-894-6},
 location = {San Diego, California, USA},
 pages = {2--2},
 numpages = {1},
 url = {http://doi.acm.org/10.1145/1040830.1040832},
 doi = {10.1145/1040830.1040832},
 acmid = {1040832},
 publisher = {ACM},
 address = {New York, NY, USA},
}

@proceedings{Hamilton:2009:1862712,
 editor = {Hamilton, Margaret and Clear, Tony},
 title = {ACE '09: Proceedings of the Eleventh Australasian Conference on Computing Education - Volume 95},
 year = {2009},
 isbn = {978-1-920682-76-7},
 issn = {1445-1336},
 location = {Wellington, New Zealand},
 publisher = {Australian Computer Society, Inc.},
 address = {Darlinghurst, Australia, Australia},
}

@inproceedings{Smyth:2005:AIA:1040830.1040833,
 author = {Smyth, Barry},
 title = {Adaptive Information Access and the Quest for the Personalization-privacy Sweetspot},
 booktitle = {Proceedings of the 10th International Conference on Intelligent User Interfaces},
 series = {IUI '05},
 year = {2005},
 isbn = {1-58113-894-6},
 location = {San Diego, California, USA},
 pages = {2--2},
 numpages = {1},
 url = {http://doi.acm.org/10.1145/1040830.1040833},
 doi = {10.1145/1040830.1040833},
 acmid = {1040833},
 publisher = {ACM},
 address = {New York, NY, USA},
}

@article{Guzdial:2009:ETC:1506409.1506420,
 author = {Guzdial, Mark},
 title = {Education: Teaching Computing to Everyone},
 journal = {Commun. ACM},
 issue_date = {May 2009},
 volume = {52},
 number = {5},
 month = may,
 year = {2009},
 issn = {0001-0782},
 pages = {31--33},
 numpages = {3},
 url = {http://doi.acm.org/10.1145/1506409.1506420},
 doi = {10.1145/1506409.1506420},
 acmid = {1506420},
 publisher = {ACM},
 address = {New York, NY, USA},
}

@inproceedings{Wolfer:2011:MMT:1999747.1999839,
 author = {Wolfer, James},
 title = {A Medical Motif for Teaching Computer Graphics in Context},
 booktitle = {Proceedings of the 16th Annual Joint Conference on Innovation and Technology in Computer Science Education},
 series = {ITiCSE '11},
 year = {2011},
 isbn = {978-1-4503-0697-3},
 location = {Darmstadt, Germany},
 pages = {328--328},
 numpages = {1},
 url = {http://doi.acm.org/10.1145/1999747.1999839},
 doi = {10.1145/1999747.1999839},
 acmid = {1999839},
 publisher = {ACM},
 address = {New York, NY, USA},
 keywords = {computer graphics, education, medical},
}

@article{Guzdial:2010:CCE:1869746.1869747,
 author = {Guzdial, Mark},
 title = {Does Contextualized Computing Education Help?},
 journal = {ACM Inroads},
 issue_date = {December 2010},
 volume = {1},
 number = {4},
 month = dec,
 year = {2010},
 issn = {2153-2184},
 pages = {4--6},
 numpages = {3},
 url = {http://doi.acm.org/10.1145/1869746.1869747},
 doi = {10.1145/1869746.1869747},
 acmid = {1869747},
 publisher = {ACM},
 address = {New York, NY, USA},
 keywords = {assessment, context, psychology},
}

@inproceedings{Xu:2018:UIC:3159450.3159539,
 author = {Xu, Dianna and Wolz, Ursula and Kumar, Deepak and Greenburg, Ira},
 title = {Updating Introductory Computer Science with Creative Computation},
 booktitle = {Proceedings of the 49th ACM Technical Symposium on Computer Science Education},
 series = {SIGCSE '18},
 year = {2018},
 isbn = {978-1-4503-5103-4},
 location = {Baltimore, Maryland, USA},
 pages = {167--172},
 numpages = {6},
 url = {http://doi.acm.org/10.1145/3159450.3159539},
 doi = {10.1145/3159450.3159539},
 acmid = {3159539},
 publisher = {ACM},
 address = {New York, NY, USA},
 keywords = {CS AP, CS0, CS1, creative computation, k-12 computing, processing},
}

@proceedings{Berkovsky:2010:1869652,
 title = {CAMRa '10: Proceedings of the Workshop on Context-Aware Movie Recommendation},
 year = {2010},
 isbn = {978-1-4503-0258-6},
 location = {Barcelona, Spain},
 publisher = {ACM},
 address = {New York, NY, USA},
}

@inproceedings{Adams:2013:ECR:2489793.2489796,
 author = {Adams, Sam and Bhattacharya, Suparna and Friedlander, Bob and Gerken, John and Kimelman, Doug and Kraemer, Jim and Ossher, Harold and Richards, John and Ungar, David and Wegman, Mark},
 title = {Enterprise Context: A Rich Source of Requirements for Context-oriented Programming},
 booktitle = {Proceedings of the 5th International Workshop on Context-Oriented Programming},
 series = {COP'13},
 year = {2013},
 isbn = {978-1-4503-2040-5},
 location = {Montpellier, France},
 pages = {3:1--3:7},
 articleno = {3},
 numpages = {7},
 url = {http://doi.acm.org/10.1145/2489793.2489796},
 doi = {10.1145/2489793.2489796},
 acmid = {2489796},
 publisher = {ACM},
 address = {New York, NY, USA},
}

@inproceedings{Saad:2009:ATC:1631728.1631786,
 author = {Saad, Ashraf and Wang, Andy},
 title = {Adopting Threads for Computing Education: Lessons Learned to Date from an Nsf Cpath Project},
 booktitle = {Proceedings of the 10th ACM Conference on SIG-information Technology Education},
 series = {SIGITE '09},
 year = {2009},
 isbn = {978-1-60558-765-3},
 location = {Fairfax, Virginia, USA},
 pages = {203--204},
 numpages = {2},
 url = {http://doi.acm.org/10.1145/1631728.1631786},
 doi = {10.1145/1631728.1631786},
 acmid = {1631786},
 publisher = {ACM},
 address = {New York, NY, USA},
 keywords = {computing education, nsf cpath project},
}

@article{Kumar:2014:WEL:2684721.2684733,
 author = {Kumar, Deepak},
 title = {Welcome},
 journal = {ACM Inroads},
 issue_date = {December 2014},
 volume = {5},
 number = {4},
 month = dec,
 year = {2014},
 issn = {2153-2184},
 pages = {52--53},
 numpages = {2},
 url = {http://doi.acm.org/10.1145/2684721.2684733},
 doi = {10.1145/2684721.2684733},
 acmid = {2684733},
 publisher = {ACM},
 address = {New York, NY, USA},
}

@article{Ni:2009:MCT:1539024.1509051,
 author = {Ni, Lijun},
 title = {What Makes CS Teachers Change?: Factors Influencing CS Teachers' Adoption of Curriculum Innovations},
 journal = {SIGCSE Bull.},
 issue_date = {March 2009},
 volume = {41},
 number = {1},
 month = mar,
 year = {2009},
 issn = {0097-8418},
 pages = {544--548},
 numpages = {5},
 url = {http://doi.acm.org/10.1145/1539024.1509051},
 doi = {10.1145/1539024.1509051},
 acmid = {1509051},
 publisher = {ACM},
 address = {New York, NY, USA},
 keywords = {adoption factors, computer science education, cs teacher},
}

@inproceedings{Ni:2009:MCT:1508865.1509051,
 author = {Ni, Lijun},
 title = {What Makes CS Teachers Change?: Factors Influencing CS Teachers' Adoption of Curriculum Innovations},
 booktitle = {Proceedings of the 40th ACM Technical Symposium on Computer Science Education},
 series = {SIGCSE '09},
 year = {2009},
 isbn = {978-1-60558-183-5},
 location = {Chattanooga, TN, USA},
 pages = {544--548},
 numpages = {5},
 url = {http://doi.acm.org/10.1145/1508865.1509051},
 doi = {10.1145/1508865.1509051},
 acmid = {1509051},
 publisher = {ACM},
 address = {New York, NY, USA},
 keywords = {adoption factors, computer science education, cs teacher},
}

@article{2009:IIC:1538788.1538791,
 title = {Inspire with Introductory Computer Science},
 journal = {Commun. ACM},
 issue_date = {July 2009},
 volume = {52},
 number = {7},
 month = jul,
 year = {2009},
 issn = {0001-0782},
 pages = {8--9},
 numpages = {2},
 url = {http://doi.acm.org/10.1145/1538788.1538791},
 doi = {10.1145/1538788.1538791},
 acmid = {1538791},
 publisher = {ACM},
 address = {New York, NY, USA},
key = {{$\!\!$}} ,
}

@inproceedings{Burleson:2002:CCC:506443.506667,
 author = {Burleson, Winslow and Selker, Ted},
 title = {CHI2002: Creative Computing Workshop},
 booktitle = {CHI '02 Extended Abstracts on Human Factors in Computing Systems},
 series = {CHI EA '02},
 year = {2002},
 isbn = {1-58113-454-1},
 location = {Minneapolis, Minnesota, USA},
 pages = {934--935},
 numpages = {2},
 url = {http://doi.acm.org/10.1145/506443.506667},
 doi = {10.1145/506443.506667},
 acmid = {506667},
 publisher = {ACM},
 address = {New York, NY, USA},
 keywords = {captology, context, creativity, peak performance},
}

@article{Tartaro:2014:PSI:2667432.2667455,
 author = {Tartaro, Andrea and Cottingham, Haley},
 title = {A Problem-based, Survey Introduction to Computer Science for Majors and Non-majors},
 journal = {J. Comput. Sci. Coll.},
 issue_date = {December 2014},
 volume = {30},
 number = {2},
 month = dec,
 year = {2014},
 issn = {1937-4771},
 pages = {164--170},
 numpages = {7},
 url = {http://dl.acm.org/citation.cfm?id=2667432.2667455},
 acmid = {2667455},
 publisher = {Consortium for Computing Sciences in Colleges},
 address = {USA},
}

@article{Cunningham:1998:CFI:279389.285088,
 author = {Cunningham, Steve},
 title = {Celebration at the Fraunhofer Institute},
 journal = {SIGGRAPH Comput. Graph.},
 issue_date = {Feb. 1998},
 volume = {32},
 number = {1},
 month = feb,
 year = {1998},
 issn = {0097-8930},
 pages = {40--},
 url = {http://doi.acm.org/10.1145/279389.285088},
 doi = {10.1145/279389.285088},
 acmid = {285088},
 publisher = {ACM},
 address = {New York, NY, USA},
}

@article{Truckenbrod:1998:IIS:279389.285089,
 author = {Truckenbrod, Joan},
 title = {IEEE International Symposium on Wearable Computers},
 journal = {SIGGRAPH Comput. Graph.},
 issue_date = {Feb. 1998},
 volume = {32},
 number = {1},
 month = feb,
 year = {1998},
 issn = {0097-8930},
 pages = {40--},
 url = {http://doi.acm.org/10.1145/279389.285089},
 doi = {10.1145/279389.285089},
 acmid = {285089},
 publisher = {ACM},
 address = {New York, NY, USA},
}

@inproceedings{Hawthorne:2011:FNS:2047594.2047680,
 author = {Hawthorne, Elizabeth K. and Campbell, Robert D. and Verno, Anita},
 title = {Findings from the NSF-ACM Strategic Summit on Computing Education in Community Colleges},
 booktitle = {Proceedings of the 2011 Conference on Information Technology Education},
 series = {SIGITE '11},
 year = {2011},
 isbn = {978-1-4503-1017-8},
 location = {West Point, New York, USA},
 pages = {315--316},
 numpages = {2},
 url = {http://doi.acm.org/10.1145/2047594.2047680},
 doi = {10.1145/2047594.2047680},
 acmid = {2047680},
 publisher = {ACM},
 address = {New York, NY, USA},
 keywords = {challenges, college, community, education, opportunities, summit, two-year},
}

@inproceedings{Robins:2002:SCP:1658616.1658709,
 author = {Robins, Jenny},
 title = {StoneSoup: A Contextualized Portfolio System},
 booktitle = {Proceedings of the Conference on Computer Support for Collaborative Learning: Foundations for a CSCL Community},
 series = {CSCL '02},
 year = {2002},
 location = {Boulder, Colorado},
 pages = {538--539},
 numpages = {2},
 url = {http://dl.acm.org/citation.cfm?id=1658616.1658709},
 acmid = {1658709},
 publisher = {International Society of the Learning Sciences},
 keywords = {CMC, CSCL, CSCW, collaboratory, context, contextualize, information structures, portfolio, situated},
}

@article{Kumar:2013:CEP:2505990.2505994,
 author = {Kumar, Deepak},
 title = {The Changing, Not Evolving Pedagogy of CS1},
 journal = {ACM Inroads},
 issue_date = {September 2013},
 volume = {4},
 number = {3},
 month = sep,
 year = {2013},
 issn = {2153-2184},
 pages = {36--37},
 numpages = {2},
 url = {http://doi.acm.org/10.1145/2505990.2505994},
 doi = {10.1145/2505990.2505994},
 acmid = {2505994},
 publisher = {ACM},
 address = {New York, NY, USA},
}

@inproceedings{Wang:2008:STT:1414558.1414609,
 author = {Wang, Andy Ju An},
 title = {A Security Thread in a Thread-based Curriculum},
 booktitle = {Proceedings of the 9th ACM SIGITE Conference on Information Technology Education},
 series = {SIGITE '08},
 year = {2008},
 isbn = {978-1-60558-329-7},
 location = {Cincinnati, OH, USA},
 pages = {193--200},
 numpages = {8},
 url = {http://doi.acm.org/10.1145/1414558.1414609},
 doi = {10.1145/1414558.1414609},
 acmid = {1414609},
 publisher = {ACM},
 address = {New York, NY, USA},
 keywords = {information assurance education, information security, it curriculum, threads model},
}

@inproceedings{Tag:2018:ESW:3267305.3274140,
 author = {Tag, Benjamin and Holz, Christian and Lukowicz, Paul and Augereau, Olivier and Uema, Yuji and Kunze, Kai},
 title = {EyeWear 2018: Second Workshop on EyeWear Computing},
 booktitle = {Proceedings of the 2018 ACM International Joint Conference and 2018 International Symposium on Pervasive and Ubiquitous Computing and Wearable Computers},
 series = {UbiComp '18},
 year = {2018},
 isbn = {978-1-4503-5966-5},
 location = {Singapore, Singapore},
 pages = {964--967},
 numpages = {4},
 url = {http://doi.acm.org/10.1145/3267305.3274140},
 doi = {10.1145/3267305.3274140},
 acmid = {3274140},
 publisher = {ACM},
 address = {New York, NY, USA},
 keywords = {Activity Recognition, Augmented Reality, Eyewear, Head-mounted Displays, Human Augmentation, Perception-Aware Computing, Smart Glasses, Virtual Reality},
}

@inproceedings{LaMarche:2013:UIC:2493394.2493423,
 author = {La Marche, Jeffrey Steven},
 title = {User Interface Computation As a Contextualized Approach for Introductory Computing Instruction},
 booktitle = {Proceedings of the Ninth Annual International ACM Conference on International Computing Education Research},
 series = {ICER '13},
 year = {2013},
 isbn = {978-1-4503-2243-0},
 location = {San Diego, San California, USA},
 pages = {179--180},
 numpages = {2},
 url = {http://doi.acm.org/10.1145/2493394.2493423},
 doi = {10.1145/2493394.2493423},
 acmid = {2493423},
 publisher = {ACM},
 address = {New York, NY, USA},
 keywords = {active learning, contextualized computing, cs1, pair programming, peer instruction, programming, user interface computation},
}

@article{Wright:2009:GS:1435417.1435423,
 author = {Wright, Alex},
 title = {Get Smart},
 journal = {Commun. ACM},
 issue_date = {January 2009},
 volume = {52},
 number = {1},
 month = jan,
 year = {2009},
 issn = {0001-0782},
 pages = {15--16},
 numpages = {2},
 url = {http://doi.acm.org/10.1145/1435417.1435423},
 doi = {10.1145/1435417.1435423},
 acmid = {1435423},
 publisher = {ACM},
 address = {New York, NY, USA},
}

@inproceedings{McCauley:2017:CAC:3017680.3017807,
 author = {McCauley, Ren{\'e}e and Manaris, Bill and Heise, David and Sheller, Cate and Jolley, Jennifer and Zaring, Alan},
 title = {Computing in the Arts: Curricular Innovations and Results},
 booktitle = {Proceedings of the 2017 ACM SIGCSE Technical Symposium on Computer Science Education},
 series = {SIGCSE '17},
 year = {2017},
 isbn = {978-1-4503-4698-6},
 location = {Seattle, Washington, USA},
 pages = {693--694},
 numpages = {2},
 url = {http://doi.acm.org/10.1145/3017680.3017807},
 doi = {10.1145/3017680.3017807},
 acmid = {3017807},
 publisher = {ACM},
 address = {New York, NY, USA},
 keywords = {computational thinking, computing in the arts, education, interdisciplinary education, media computation},
}

@inproceedings{Garcia:2013:RPB:2445196.2445308,
 author = {Garcia, Daniel D. and Barr, Valerie and Guzdial, Mark and Malan, David J.},
 title = {Rediscovering the Passion, Beauty, Joy, and Awe: Making Computing Fun Again, Part 6},
 booktitle = {Proceeding of the 44th ACM Technical Symposium on Computer Science Education},
 series = {SIGCSE '13},
 year = {2013},
 isbn = {978-1-4503-1868-6},
 location = {Denver, Colorado, USA},
 pages = {379--380},
 numpages = {2},
 url = {http://doi.acm.org/10.1145/2445196.2445308},
 doi = {10.1145/2445196.2445308},
 acmid = {2445308},
 publisher = {ACM},
 address = {New York, NY, USA},
 keywords = {alternative entries into the major, computer science education},
}

@article{Poortvliet:2010:FKF:1723009.1723012,
 author = {Poortvliet, Jos},
 title = {The Future of the KDE Free Desktop},
 journal = {Linux J.},
 issue_date = {February 2010},
 volume = {2010},
 number = {190},
 month = feb,
 year = {2010},
 issn = {1075-3583},
 articleno = {3},
 url = {http://dl.acm.org/citation.cfm?id=1723009.1723012},
 acmid = {1723012},
 publisher = {Belltown Media},
 address = {Houston, TX},
}

@article{Tartaro:2016:CSG:3015063.3015091,
 author = {Tartaro, Andrea and Healy, Christopher and Treu, Kevin},
 title = {Computer Science in General Education: Beyond Quantitative Reasoning},
 journal = {J. Comput. Sci. Coll.},
 issue_date = {December 2016},
 volume = {32},
 number = {2},
 month = dec,
 year = {2016},
 issn = {1937-4771},
 pages = {177--184},
 numpages = {8},
 url = {http://dl.acm.org/citation.cfm?id=3015063.3015091},
 acmid = {3015091},
 publisher = {Consortium for Computing Sciences in Colleges},
 address = {USA},
}

@article{Pitkow:2002:PS:567498.567526,
 author = {Pitkow, James and Sch\"{u}tze, Hinrich and Cass, Todd and Cooley, Rob and Turnbull, Don and Edmonds, Andy and Adar, Eytan and Breuel, Thomas},
 title = {Personalized Search},
 journal = {Commun. ACM},
 issue_date = {September 2002},
 volume = {45},
 number = {9},
 month = sep,
 year = {2002},
 issn = {0001-0782},
 pages = {50--55},
 numpages = {6},
 url = {http://doi.acm.org/10.1145/567498.567526},
 doi = {10.1145/567498.567526},
 acmid = {567526},
 publisher = {ACM},
 address = {New York, NY, USA},
}

@inproceedings{Porter:2013:RNO:2445196.2445248,
 author = {Porter, Leo and Simon, Beth},
 title = {Retaining Nearly One-third More Majors with a Trio of Instructional Best Practices in CS1},
 booktitle = {Proceeding of the 44th ACM Technical Symposium on Computer Science Education},
 series = {SIGCSE '13},
 year = {2013},
 isbn = {978-1-4503-1868-6},
 location = {Denver, Colorado, USA},
 pages = {165--170},
 numpages = {6},
 url = {http://doi.acm.org/10.1145/2445196.2445248},
 doi = {10.1145/2445196.2445248},
 acmid = {2445248},
 publisher = {ACM},
 address = {New York, NY, USA},
 keywords = {active learning, contextualized computing, pair programming, peer instruction, student-centric learning},
}

@inproceedings{Xu:2016:CCH:2839509.2844611,
 author = {Xu, Dianna and Cadle, Aaron and Thompson, Darby and Wolz, Ursula and Greenberg, Ira and Kumar, Deepak},
 title = {Creative Computation in High School},
 booktitle = {Proceedings of the 47th ACM Technical Symposium on Computing Science Education},
 series = {SIGCSE '16},
 year = {2016},
 isbn = {978-1-4503-3685-7},
 location = {Memphis, Tennessee, USA},
 pages = {273--278},
 numpages = {6},
 url = {http://doi.acm.org/10.1145/2839509.2844611},
 doi = {10.1145/2839509.2844611},
 acmid = {2844611},
 publisher = {ACM},
 address = {New York, NY, USA},
 keywords = {creative computation, cs0, cs1, education, k-12, pedagogy, processing.},
}

@article{Bryant:2011:UCA:2037151.2037177,
 author = {Bryant, Robert and Weiss, Richard and Orr, Genevieve and Yerion, Kathie},
 title = {Using the Context of Algorithmic Art to Change Attitudes in Introductory Programming},
 journal = {J. Comput. Sci. Coll.},
 issue_date = {October 2011},
 volume = {27},
 number = {1},
 month = oct,
 year = {2011},
 issn = {1937-4771},
 pages = {112--119},
 numpages = {8},
 url = {http://dl.acm.org/citation.cfm?id=2037151.2037177},
 acmid = {2037177},
 publisher = {Consortium for Computing Sciences in Colleges},
 address = {USA},
}

@inproceedings{Ni:2010:CFA:1734263.1734444,
 author = {Ni, Lijun and McKlin, Tom and Guzdial, Mark},
 title = {How Do Computing Faculty Adopt Curriculum Innovations?: The Story from Instructors},
 booktitle = {Proceedings of the 41st ACM Technical Symposium on Computer Science Education},
 series = {SIGCSE '10},
 year = {2010},
 isbn = {978-1-4503-0006-3},
 location = {Milwaukee, Wisconsin, USA},
 pages = {544--548},
 numpages = {5},
 url = {http://doi.acm.org/10.1145/1734263.1734444},
 doi = {10.1145/1734263.1734444},
 acmid = {1734444},
 publisher = {ACM},
 address = {New York, NY, USA},
 keywords = {adoption, change, computing instructors},
}

@inproceedings{Ganesan:2010:GSS:1753846.1754049,
 author = {Ganesan, Manohar and Russell, Neil W. and Rajan, Rahul and Welch, Nathan and Westeyn, Tracy L. and Abowd, Gregory D.},
 title = {Grip Sensing in Smart Toys: A Formative Design Method for User Categorization},
 booktitle = {CHI '10 Extended Abstracts on Human Factors in Computing Systems},
 series = {CHI EA '10},
 year = {2010},
 isbn = {978-1-60558-930-5},
 location = {Atlanta, Georgia, USA},
 pages = {3745--3750},
 numpages = {6},
 url = {http://doi.acm.org/10.1145/1753846.1754049},
 doi = {10.1145/1753846.1754049},
 acmid = {1754049},
 publisher = {ACM},
 address = {New York, NY, USA},
 keywords = {activity recognition, affordances, autism, cognitive conditioning, developmental delay, object-play, play behavior, sensors, toy design, user categorization},
}

@inproceedings{Lakanen:2014:UDC:2591708.2591716,
 author = {Lakanen, Antti-Jussi and Isom\"{o}tt\"{o}nen, Ville and Lappalainen, Vesa},
 title = {Understanding Differences Among Coding Club Students},
 booktitle = {Proceedings of the 2014 Conference on Innovation \&\#38; Technology in Computer Science Education},
 series = {ITiCSE '14},
 year = {2014},
 isbn = {978-1-4503-2833-3},
 location = {Uppsala, Sweden},
 pages = {159--164},
 numpages = {6},
 url = {http://doi.acm.org/10.1145/2591708.2591716},
 doi = {10.1145/2591708.2591716},
 acmid = {2591716},
 publisher = {ACM},
 address = {New York, NY, USA},
 keywords = {game programming, k-12, outreach, recruitment},
}

@inproceedings{Tartaro:2015:CSB:2676723.2677246,
 author = {Tartaro, Andrea and Chosed, Renee J.},
 title = {Computer Scientists at the Biology Lab Bench},
 booktitle = {Proceedings of the 46th ACM Technical Symposium on Computer Science Education},
 series = {SIGCSE '15},
 year = {2015},
 isbn = {978-1-4503-2966-8},
 location = {Kansas City, Missouri, USA},
 pages = {120--125},
 numpages = {6},
 url = {http://doi.acm.org/10.1145/2676723.2677246},
 doi = {10.1145/2676723.2677246},
 acmid = {2677246},
 publisher = {ACM},
 address = {New York, NY, USA},
 keywords = {bioinformatics, genetics},
}

@inproceedings{Buffum:2018:ICS:3159450.3159545,
 author = {Buffum, Philip Sheridan and Ying, Kimberly Michelle and Zheng, Xiaoxi and Boyer, Kristy Elizabeth and Wiebe, Eric N. and Mott, Bradford W. and Blackburn, David C. and Lester, James C.},
 title = {Introducing the Computer Science Concept of Variables in Middle School Science Classrooms},
 booktitle = {Proceedings of the 49th ACM Technical Symposium on Computer Science Education},
 series = {SIGCSE '18},
 year = {2018},
 isbn = {978-1-4503-5103-4},
 location = {Baltimore, Maryland, USA},
 pages = {906--911},
 numpages = {6},
 url = {http://doi.acm.org/10.1145/3159450.3159545},
 doi = {10.1145/3159450.3159545},
 acmid = {3159545},
 publisher = {ACM},
 address = {New York, NY, USA},
 keywords = {computational thinking, middle school, science classrooms},
}

@inproceedings{Simon:2007:KCC:2449323.2449336,
 author = {Simon},
 title = {Koli Calling Comes of Age: An Analysis},
 booktitle = {Proceedings of the Seventh Baltic Sea Conference on Computing Education Research - Volume 88},
 series = {Koli Calling '07},
 year = {2007},
 isbn = {978-1-920682-69-9},
 location = {Koli National Park, Finland},
 pages = {119--126},
 numpages = {8},
 url = {http://dl.acm.org/citation.cfm?id=2449323.2449336},
 acmid = {2449336},
 publisher = {Australian Computer Society, Inc.},
 address = {Darlinghurst, Australia, Australia},
 keywords = {classification, computing education research, literature review},
}

@inproceedings{Todd:2005:WCL:1099435.1099521,
 author = {Todd, Kim and Mardis, Lori and Wyatt, Patricia},
 title = {We'Ve Come a Long Way, Baby!: But Where Women and Technology Are Concerned, Have We Really?},
 booktitle = {Proceedings of the 33rd Annual ACM SIGUCCS Conference on User Services},
 series = {SIGUCCS '05},
 year = {2005},
 isbn = {1-59593-200-3},
 location = {Monterey, CA, USA},
 pages = {380--387},
 numpages = {8},
 url = {http://doi.acm.org/10.1145/1099435.1099521},
 doi = {10.1145/1099435.1099521},
 acmid = {1099521},
 publisher = {ACM},
 address = {New York, NY, USA},
 keywords = {computing history, education reform, gender bias, gender stereotypes, gender studies, technology careers, women},
}

@article{Hanebutte:2013:ACT:2400161.2400178,
 author = {Hanebutte, Nadine},
 title = {Applications of Computing Technology-combining Tangible Skills and Theory in CS0},
 journal = {J. Comput. Sci. Coll.},
 issue_date = {January 2013},
 volume = {28},
 number = {3},
 month = jan,
 year = {2013},
 issn = {1937-4771},
 pages = {86--93},
 numpages = {8},
 url = {http://dl.acm.org/citation.cfm?id=2400161.2400178},
 acmid = {2400178},
 publisher = {Consortium for Computing Sciences in Colleges},
 address = {USA},
}

@inproceedings{Bose:2015:TSI:2757743.2757748,
 author = {Bose, Sunanda and Gupta, Atrayee and Adhikary, Sriyanjana and Mukherjee, Nandini},
 title = {Towards a Sensor-Cloud Infrastructure with Sensor Virtualization},
 booktitle = {Proceedings of the Second Workshop on Mobile Sensing, Computing and Communication},
 series = {MSCC '15},
 year = {2015},
 isbn = {978-1-4503-3518-8},
 location = {Hangzhou, China},
 pages = {25--30},
 numpages = {6},
 url = {http://doi.acm.org/10.1145/2757743.2757748},
 doi = {10.1145/2757743.2757748},
 acmid = {2757748},
 publisher = {ACM},
 address = {New York, NY, USA},
 keywords = {sensor-cloud, virtual sensor, virtualization},
}

@inproceedings{Tanapaisankit:2012:PQE:2232817.2232865,
 author = {Tanapaisankit, Prat and Watrous-deVersterre, Lori and Song, Min},
 title = {Personalized Query Expansion in the QIC System},
 booktitle = {Proceedings of the 12th ACM/IEEE-CS Joint Conference on Digital Libraries},
 series = {JCDL '12},
 year = {2012},
 isbn = {978-1-4503-1154-0},
 location = {Washington, DC, USA},
 pages = {259--262},
 numpages = {4},
 url = {http://doi.acm.org/10.1145/2232817.2232865},
 doi = {10.1145/2232817.2232865},
 acmid = {2232865},
 publisher = {ACM},
 address = {New York, NY, USA},
 keywords = {personalized search, query expansion, semantic query analysis},
}

@article{Amma:2013:ABT:2544049.2540048,
 author = {Amma, Christoph and Schultz, Tanja},
 title = {Airwriting: Bringing Text Entry to Wearable Computers},
 journal = {XRDS},
 issue_date = {Winter 2013},
 volume = {20},
 number = {2},
 month = dec,
 year = {2013},
 issn = {1528-4972},
 pages = {50--55},
 numpages = {6},
 url = {http://doi.acm.org/10.1145/2540048},
 doi = {10.1145/2540048},
 acmid = {2540048},
 publisher = {ACM},
 address = {New York, NY, USA},
}

@inproceedings{Amlacher:2008:GOR:1409240.1409291,
 author = {Amlacher, Katrin and Paletta, Lucas},
 title = {Geo-indexed Object Recognition for Mobile Vision Tasks},
 booktitle = {Proceedings of the 10th International Conference on Human Computer Interaction with Mobile Devices and Services},
 series = {MobileHCI '08},
 year = {2008},
 isbn = {978-1-59593-952-4},
 location = {Amsterdam, The Netherlands},
 pages = {371--374},
 numpages = {4},
 url = {http://doi.acm.org/10.1145/1409240.1409291},
 doi = {10.1145/1409240.1409291},
 acmid = {1409291},
 publisher = {ACM},
 address = {New York, NY, USA},
}

@inproceedings{Munoz:2014:KEW:2559206.2580932,
 author = {Mu\~{n}oz, David and Pruett, Andy and Williams, Graceline},
 title = {Knee: An Everyday Wearable Goniometer for Monitoring Physical Therapy Adherence},
 booktitle = {CHI '14 Extended Abstracts on Human Factors in Computing Systems},
 series = {CHI EA '14},
 year = {2014},
 isbn = {978-1-4503-2474-8},
 location = {Toronto, Ontario, Canada},
 pages = {209--214},
 numpages = {6},
 url = {http://doi.acm.org/10.1145/2559206.2580932},
 doi = {10.1145/2559206.2580932},
 acmid = {2580932},
 publisher = {ACM},
 address = {New York, NY, USA},
 keywords = {activity monitoring, continuous monitoring, health monitoring, wearable computing},
}

@article{Tartaro:2018:SAI:3282588.3282615,
 author = {Tartaro, Andrea},
 title = {Scholarly Articles in the Introductory Computer Science Classroom},
 journal = {J. Comput. Sci. Coll.},
 issue_date = {December 2018},
 volume = {34},
 number = {2},
 month = dec,
 year = {2018},
 issn = {1937-4771},
 pages = {188--198},
 numpages = {11},
 url = {http://dl.acm.org/citation.cfm?id=3282588.3282615},
 acmid = {3282615},
 publisher = {Consortium for Computing Sciences in Colleges},
 address = {USA},
}

@inproceedings{Starner:2000:MTC:325737.325864,
 author = {Starner, Thad and Leibe, Bastian and Singletary, Brad and Pair, Jarrell},
 title = {MIND-WARPING: Towards Creating a Compelling Collaborative Augmented Reality Game},
 booktitle = {Proceedings of the 5th International Conference on Intelligent User Interfaces},
 series = {IUI '00},
 year = {2000},
 isbn = {1-58113-134-8},
 location = {New Orleans, Louisiana, USA},
 pages = {256--259},
 numpages = {4},
 url = {http://doi.acm.org/10.1145/325737.325864},
 doi = {10.1145/325737.325864},
 acmid = {325864},
 publisher = {ACM},
 address = {New York, NY, USA},
 keywords = {augmented reality, computer vision, wearable computing},
}

@article{Isbell:2010:DCC:1709424.1709462,
 author = {Isbell, Charles L. and Stein, Lynn Andrea and Cutler, Robb and Forbes, Jeffrey and Fraser, Linda and Impagliazzo, John and Proulx, Viera and Russ, Steve and Thomas, Richard and Xu, Yan},
 title = {(Re)Defining Computing Curricula by (Re)Defining Computing},
 journal = {SIGCSE Bull.},
 issue_date = {December 2009},
 volume = {41},
 number = {4},
 month = jan,
 year = {2010},
 issn = {0097-8418},
 pages = {195--207},
 numpages = {13},
 url = {http://doi.acm.org/10.1145/1709424.1709462},
 doi = {10.1145/1709424.1709462},
 acmid = {1709462},
 publisher = {ACM},
 address = {New York, NY, USA},
 keywords = {computational thinking, computationalist mindset, computing},
}

@inproceedings{Maleki:2010:PMC:1878537.1878723,
 author = {Maleki, Maryam M. and Woodbury, Robert F.},
 title = {Programming in the Model: Contextualizing Computer Programming in CAD Models},
 booktitle = {Proceedings of the 2010 Spring Simulation Multiconference},
 series = {SpringSim '10},
 year = {2010},
 isbn = {978-1-4503-0069-8},
 location = {Orlando, Florida},
 pages = {178:1--178:7},
 articleno = {178},
 numpages = {7},
 url = {https://doi.org/10.1145/1878537.1878723},
 doi = {10.1145/1878537.1878723},
 acmid = {1878723},
 publisher = {Society for Computer Simulation International},
 address = {San Diego, CA, USA},
 keywords = {direct manipulation, end-user programming, scripting, visual programming},
}

@inproceedings{Dommel:2005:CAC:1095242.1095248,
 author = {Dommel, H. P.},
 title = {The Challenges of Ambient Collaboration},
 booktitle = {Proceedings of the 2005 Conference on Diversity in Computing},
 series = {TAPIA '05},
 year = {2005},
 isbn = {1-59593-257-7},
 location = {Albuquerque, New Mexico, USA},
 pages = {10--13},
 numpages = {4},
 url = {http://doi.acm.org/10.1145/1095242.1095248},
 doi = {10.1145/1095242.1095248},
 acmid = {1095248},
 publisher = {ACM},
 address = {New York, NY, USA},
 keywords = {ambient media, contextual computing, tetherless group workspaces, ubiquitous collaboration},
}

@inproceedings{Saad:2014:MTR:2638404.2675737,
 author = {Saad, Ashraf and Liljenquist, James},
 title = {A Multi-Robot Testbed for Robotics Programming Education and Research},
 booktitle = {Proceedings of the 2014 ACM Southeast Regional Conference},
 series = {ACM SE '14},
 year = {2014},
 isbn = {978-1-4503-2923-1},
 location = {Kennesaw, Georgia},
 pages = {60:1--60:4},
 articleno = {60},
 numpages = {4},
 url = {http://doi.acm.org/10.1145/2638404.2675737},
 doi = {10.1145/2638404.2675737},
 acmid = {2675737},
 publisher = {ACM},
 address = {New York, NY, USA},
 keywords = {Computer Science Education, Computer Science Research, Multi Robot Testbed, Robotics programming},
}

@inproceedings{Jilek:2016:MFD:2968219.2968567,
 author = {Jilek, Christian and Schwarz, Sven and Maus, Heiko and Dengel, Andreas},
 title = {Managed Forgetting, Data Condensation \&\#38; Preservation in Application},
 booktitle = {Proceedings of the 2016 ACM International Joint Conference on Pervasive and Ubiquitous Computing: Adjunct},
 series = {UbiComp '16},
 year = {2016},
 isbn = {978-1-4503-4462-3},
 location = {Heidelberg, Germany},
 pages = {1046--1053},
 numpages = {8},
 url = {http://doi.acm.org/10.1145/2968219.2968567},
 doi = {10.1145/2968219.2968567},
 acmid = {2968567},
 publisher = {ACM},
 address = {New York, NY, USA},
 keywords = {data condensation, diary, managed forgetting, preservation, semantic desktop},
}

@inproceedings{Hsiao:2015:TTS:2677199.2680554,
 author = {Hsiao, Chih-Pin and Li, Richard and Yan, Xinyan and Do, Ellen Yi-Luen},
 title = {Tactile Teacher: Sensing Finger Tapping in Piano Playing},
 booktitle = {Proceedings of the Ninth International Conference on Tangible, Embedded, and Embodied Interaction},
 series = {TEI '15},
 year = {2015},
 isbn = {978-1-4503-3305-4},
 location = {Stanford, California, USA},
 pages = {257--260},
 numpages = {4},
 url = {http://doi.acm.org/10.1145/2677199.2680554},
 doi = {10.1145/2677199.2680554},
 acmid = {2680554},
 publisher = {ACM},
 address = {New York, NY, USA},
 keywords = {piano learning, sensing, tactile sensations, wearable computing},
}

@inproceedings{JamesDiSalvo:2011:AAM:1978942.1979381,
 author = {James DiSalvo, Betsy and Yardi, Sarita and Guzdial, Mark and McKlin, Tom and Meadows, Charles and Perry, Kenneth and Bruckman, Amy},
 title = {African American Men Constructing Computing Identity},
 booktitle = {Proceedings of the SIGCHI Conference on Human Factors in Computing Systems},
 series = {CHI '11},
 year = {2011},
 isbn = {978-1-4503-0228-9},
 location = {Vancouver, BC, Canada},
 pages = {2967--2970},
 numpages = {4},
 url = {http://doi.acm.org/10.1145/1978942.1979381},
 doi = {10.1145/1978942.1979381},
 acmid = {1979381},
 publisher = {ACM},
 address = {New York, NY, USA},
 keywords = {African American culture, broadening participation in computing, group identity, masculinity, video games},
}

@article{Gobetamann:2002:LMA:592600.592606,
 author = {Go{\$\beta\$}mann, Joachim and Specht, Marcus},
 title = {Location Models for Augmented Environments},
 journal = {Personal Ubiquitous Comput.},
 issue_date = {December 2002},
 volume = {6},
 number = {5-6},
 month = jan,
 year = {2002},
 issn = {1617-4909},
 pages = {334--340},
 numpages = {7},
 url = {http://dx.doi.org/10.1007/s007790200038},
 doi = {10.1007/s007790200038},
 acmid = {592606},
 publisher = {Springer-Verlag},
 address = {London, UK, UK},
 keywords = {3D sound, Audio-augmented environments, Augmented reality, Context-aware information, Location models},
}

@inproceedings{Wang:2007:CIG:1233341.1233397,
 author = {Wang, Andy Ju An},
 title = {Camera-projector-based Interactive Game Development},
 booktitle = {Proceedings of the 45th Annual Southeast Regional Conference},
 series = {ACM-SE 45},
 year = {2007},
 isbn = {978-1-59593-629-5},
 location = {Winston-Salem, North Carolina},
 pages = {310--315},
 numpages = {6},
 url = {http://doi.acm.org/10.1145/1233341.1233397},
 doi = {10.1145/1233341.1233397},
 acmid = {1233397},
 publisher = {ACM},
 address = {New York, NY, USA},
 keywords = {computer games, computing and programming, computing education, entertainment computing},
}

@inproceedings{Zingaro:2014:PIC:2538862.2538878,
 author = {Zingaro, Daniel},
 title = {Peer Instruction Contributes to Self-efficacy in CS1},
 booktitle = {Proceedings of the 45th ACM Technical Symposium on Computer Science Education},
 series = {SIGCSE '14},
 year = {2014},
 isbn = {978-1-4503-2605-6},
 location = {Atlanta, Georgia, USA},
 pages = {373--378},
 numpages = {6},
 url = {http://doi.acm.org/10.1145/2538862.2538878},
 doi = {10.1145/2538862.2538878},
 acmid = {2538878},
 publisher = {ACM},
 address = {New York, NY, USA},
 keywords = {CS1, classroom response, clickers, outcomes, peer instruction},
}

@inproceedings{Pasternak:2016:CTL:2839509.2844592,
 author = {Pasternak, Arno},
 title = {Contextualized Teaching in the Lower Secondary EducationLong-term Evaluation of a CS Course from Grade 6 to 10},
 booktitle = {Proceedings of the 47th ACM Technical Symposium on Computing Science Education},
 series = {SIGCSE '16},
 year = {2016},
 isbn = {978-1-4503-3685-7},
 location = {Memphis, Tennessee, USA},
 pages = {657--662},
 numpages = {6},
 url = {http://doi.acm.org/10.1145/2839509.2844592},
 doi = {10.1145/2839509.2844592},
 acmid = {2844592},
 publisher = {ACM},
 address = {New York, NY, USA},
 keywords = {braided teaching, contextualised teaching, lower secondary computer science education},
}

@inproceedings{Wood:2018:MAC:3159450.3159592,
 author = {Wood, Zo\"{e} J. and Clements, John and Peterson, Zachary and Janzen, David and Smith, Hugh and Haungs, Michael and Workman, Julie and Bellardo, John and DeBruhl, Bruce},
 title = {Mixed Approaches to CS0: Exploring Topic and Pedagogy Variance After Six Years of CS0},
 booktitle = {Proceedings of the 49th ACM Technical Symposium on Computer Science Education},
 series = {SIGCSE '18},
 year = {2018},
 isbn = {978-1-4503-5103-4},
 location = {Baltimore, Maryland, USA},
 pages = {20--25},
 numpages = {6},
 url = {http://doi.acm.org/10.1145/3159450.3159592},
 doi = {10.1145/3159450.3159592},
 acmid = {3159592},
 publisher = {ACM},
 address = {New York, NY, USA},
 keywords = {computer science education, cs0, introductory programming, retention},
}

@article{Barr:2016:DTC:2938622.2891414,
 author = {Barr, Valerie},
 title = {Disciplinary Thinking, Computational Doing: Promoting Interdisciplinary Computing While Transforming Computer Science Enrollments},
 journal = {ACM Inroads},
 issue_date = {June 2016},
 volume = {7},
 number = {2},
 month = may,
 year = {2016},
 issn = {2153-2184},
 pages = {48--57},
 numpages = {10},
 url = {http://doi.acm.org/10.1145/2891414},
 doi = {10.1145/2891414},
 acmid = {2891414},
 publisher = {ACM},
 address = {New York, NY, USA},
}

@article{Guzdial:2014:GCI:2642651.2602488,
 author = {Guzdial, Mark and Ericson, Barbara and Mcklin, Tom and Engelman, Shelly},
 title = {Georgia Computes! An Intervention in a US State, with Formal and Informal Education in a Policy Context},
 journal = {Trans. Comput. Educ.},
 issue_date = {June 2014},
 volume = {14},
 number = {2},
 month = jun,
 year = {2014},
 issn = {1946-6226},
 pages = {13:1--13:29},
 articleno = {13},
 numpages = {29},
 url = {http://doi.acm.org/10.1145/2602488},
 doi = {10.1145/2602488},
 acmid = {2602488},
 publisher = {ACM},
 address = {New York, NY, USA},
 keywords = {Assessment, broadening participation, curriculum, education research, motivation, retention, underrepresented minorities, women},
}

@proceedings{Garcia-Pedrajas:2010:1945758,
 editor = {Garc\'{\i}a-Pedrajas, Nicol\'{a}s and Herrera, Francisco and Ben\'{\i}tez, Jos{\'e} Manuel and Fyfe, Colin and Ali, Moonis},
 title = {IEA/AIE'10: Proceedings of the 23rd International Conference on Industrial Engineering and Other Applications of Applied Intelligent Systems - Volume Part I},
 year = {2010},
 isbn = {3-642-13021-6, 978-3-642-13021-2},
 issn = {0302-9743},
 location = {Cordoba, Spain},
 publisher = {Springer-Verlag},
 address = {Berlin, Heidelberg},
}

@inproceedings{deRaadt:2010:IPW:1862219.1862232,
 author = {de Raadt, Michael},
 title = {Introductory Programming in a Web Context},
 booktitle = {Proceedings of the Twelfth Australasian Conference on Computing Education - Volume 103},
 series = {ACE '10},
 year = {2010},
 isbn = {978-1-920682-84-2},
 location = {Brisbane, Australia},
 pages = {79--86},
 numpages = {8},
 url = {http://dl.acm.org/citation.cfm?id=1862219.1862232},
 acmid = {1862232},
 publisher = {Australian Computer Society, Inc.},
 address = {Darlinghurst, Australia, Australia},
 keywords = {context, introductory programming, web},
}

@inproceedings{Wood:2016:CAI:2839509.2844614,
 author = {Wood, Zoe J. and Muhl, Paul and Hicks, Katelyn},
 title = {Computational Art: Introducing High School Students to Computing via Art},
 booktitle = {Proceedings of the 47th ACM Technical Symposium on Computing Science Education},
 series = {SIGCSE '16},
 year = {2016},
 isbn = {978-1-4503-3685-7},
 location = {Memphis, Tennessee, USA},
 pages = {261--266},
 numpages = {6},
 url = {http://doi.acm.org/10.1145/2839509.2844614},
 doi = {10.1145/2839509.2844614},
 acmid = {2844614},
 publisher = {ACM},
 address = {New York, NY, USA},
 keywords = {applied computing - fine arts, computer science education, introductory programming, k-12 education},
}

@inproceedings{Greenberg:2012:CCV:2157136.2157214,
 author = {Greenberg, Ira and Kumar, Deepak and Xu, Dianna},
 title = {Creative Coding and Visual Portfolios for CS1},
 booktitle = {Proceedings of the 43rd ACM Technical Symposium on Computer Science Education},
 series = {SIGCSE '12},
 year = {2012},
 isbn = {978-1-4503-1098-7},
 location = {Raleigh, North Carolina, USA},
 pages = {247--252},
 numpages = {6},
 url = {http://doi.acm.org/10.1145/2157136.2157214},
 doi = {10.1145/2157136.2157214},
 acmid = {2157214},
 publisher = {ACM},
 address = {New York, NY, USA},
 keywords = {CS1, art, computer science, creative coding, creative computation, education, pedagogy, processing, visual portfolio},
}

@inproceedings{Maxwell:2017:COA:3017680.3017757,
 author = {Maxwell, Bruce A. and Taylor, Stephanie R.},
 title = {Comparing Outcomes Across Different Contexts in CS1},
 booktitle = {Proceedings of the 2017 ACM SIGCSE Technical Symposium on Computer Science Education},
 series = {SIGCSE '17},
 year = {2017},
 isbn = {978-1-4503-4698-6},
 location = {Seattle, Washington, USA},
 pages = {399--403},
 numpages = {5},
 url = {http://doi.acm.org/10.1145/3017680.3017757},
 doi = {10.1145/3017680.3017757},
 acmid = {3017757},
 publisher = {ACM},
 address = {New York, NY, USA},
 keywords = {CS 1, computational thinking, context-based learning},
}

@article{Sung:2016:BCG:3007225.3007253,
 author = {Sung, Kelvin and Nash, Rob and Pace, Jason},
 title = {Building Casual Game SDKS for Teaching CS1/2: A Case Study},
 journal = {J. Comput. Sci. Coll.},
 issue_date = {October 2016},
 volume = {32},
 number = {1},
 month = oct,
 year = {2016},
 issn = {1937-4771},
 pages = {129--143},
 numpages = {15},
 url = {http://dl.acm.org/citation.cfm?id=3007225.3007253},
 acmid = {3007253},
 publisher = {Consortium for Computing Sciences in Colleges},
 address = {USA},
 keywords = {API, API design, CS1/2, casual games, computer science education, programming},
}

@inproceedings{Wood:2015:BWB:2676723.2677249,
 author = {Wood, Zo\"{e} and Keen, Aaron},
 title = {Building Worlds: Bridging Imperative-First and Object-Oriented Programming in CS1-CS2},
 booktitle = {Proceedings of the 46th ACM Technical Symposium on Computer Science Education},
 series = {SIGCSE '15},
 year = {2015},
 isbn = {978-1-4503-2966-8},
 location = {Kansas City, Missouri, USA},
 pages = {144--149},
 numpages = {6},
 url = {http://doi.acm.org/10.1145/2676723.2677249},
 doi = {10.1145/2676723.2677249},
 acmid = {2677249},
 publisher = {ACM},
 address = {New York, NY, USA},
 keywords = {introductory programming, object-oriented programming},
}

@inproceedings{Nijenhuis-Voogt:2018:CTL:3265757.3265772,
 author = {Nijenhuis-Voogt, Jacqueline and Meijer, Paulien C. and Barendsen, Erik},
 title = {Context-based Teaching and Learning of Fundamental Computer Science Concepts: Exploring Teachers' Ideas},
 booktitle = {Proceedings of the 13th Workshop in Primary and Secondary Computing Education},
 series = {WiPSCE '18},
 year = {2018},
 isbn = {978-1-4503-6588-8},
 location = {Potsdam, Germany},
 pages = {15:1--15:4},
 articleno = {15},
 numpages = {4},
 url = {http://doi.acm.org/10.1145/3265757.3265772},
 doi = {10.1145/3265757.3265772},
 acmid = {3265772},
 publisher = {ACM},
 address = {New York, NY, USA},
 keywords = {context-based learning, fundamental concepts, teachers},
}

@inproceedings{Craig:2017:FCD:3141880.3141898,
 author = {Craig, Michelle and Smith, Jacqueline and Petersen, Andrew},
 title = {Familiar Contexts and the Difficulty of Programming Problems},
 booktitle = {Proceedings of the 17th Koli Calling International Conference on Computing Education Research},
 series = {Koli Calling '17},
 year = {2017},
 isbn = {978-1-4503-5301-4},
 location = {Koli, Finland},
 pages = {123--127},
 numpages = {5},
 url = {http://doi.acm.org/10.1145/3141880.3141898},
 doi = {10.1145/3141880.3141898},
 acmid = {3141898},
 publisher = {ACM},
 address = {New York, NY, USA},
 keywords = {CS1, context, novice programmers, transfer},
}

@inproceedings{Manaris:2014:CAM:2538862.2538942,
 author = {Manaris, Bill and McCauley, Ren{\'e}e and Mazzone, Marian and Bares, William},
 title = {Computing in the Arts: A Model Curriculum},
 booktitle = {Proceedings of the 45th ACM Technical Symposium on Computer Science Education},
 series = {SIGCSE '14},
 year = {2014},
 isbn = {978-1-4503-2605-6},
 location = {Atlanta, Georgia, USA},
 pages = {451--456},
 numpages = {6},
 url = {http://doi.acm.org/10.1145/2538862.2538942},
 doi = {10.1145/2538862.2538942},
 acmid = {2538942},
 publisher = {ACM},
 address = {New York, NY, USA},
 keywords = {art, computing, creativity, curriculum, degree, design, education, game programming, major, music, theatre},
}

@inproceedings{Li:2010:RPP:1944566.1944646,
 author = {Li, Daren and Yang, Muyun and Qi, Haoliang and Li, Sheng and Zhao, Tiejun},
 title = {Reexamination on Potential for Personalization in Web Search},
 booktitle = {Proceedings of the 23rd International Conference on Computational Linguistics: Posters},
 series = {COLING '10},
 year = {2010},
 location = {Beijing, China},
 pages = {701--709},
 numpages = {9},
 url = {http://dl.acm.org/citation.cfm?id=1944566.1944646},
 acmid = {1944646},
 publisher = {Association for Computational Linguistics},
 address = {Stroudsburg, PA, USA},
}

@inproceedings{Thorogood:2015:BBC:2814895.2814926,
 author = {Thorogood, Miles and Fan, Jianyu and Pasquier, Philippe},
 title = {BF-Classifier: Background/Foreground Classification and Segmentation of Soundscape Recordings},
 booktitle = {Proceedings of the Audio Mostly 2015 on Interaction With Sound},
 series = {AM '15},
 year = {2015},
 isbn = {978-1-4503-3896-7},
 location = {Thessaloniki, Greece},
 pages = {32:1--32:6},
 articleno = {32},
 numpages = {6},
 url = {http://doi.acm.org/10.1145/2814895.2814926},
 doi = {10.1145/2814895.2814926},
 acmid = {2814926},
 publisher = {ACM},
 address = {New York, NY, USA},
 keywords = {classification, generative systems, sound design, soundscape},
}

@inproceedings{Behzadan:2011:CAR:2431518.2431943,
 author = {Behzadan, Amir H. and Iqbal, Asif and Kamat, Vineet R.},
 title = {A Collaborative Augmented Reality Based Modeling Environment for Construction Engineering and Management Education},
 booktitle = {Proceedings of the Winter Simulation Conference},
 series = {WSC '11},
 year = {2011},
 location = {Phoenix, Arizona},
 pages = {3573--3581},
 numpages = {9},
 url = {http://dl.acm.org/citation.cfm?id=2431518.2431943},
 acmid = {2431943},
 publisher = {Winter Simulation Conference},
}

@article{Monge:2015:EER:2735450.2714569,
 author = {Monge, Alvaro E. and Fadjo, Cameron L. and Quinn, Beth A. and Barker, Lecia J.},
 title = {EngageCSEdu: Engaging and Retaining CS1 and CS2 Students},
 journal = {ACM Inroads},
 issue_date = {March 2015},
 volume = {6},
 number = {1},
 month = feb,
 year = {2015},
 issn = {2153-2184},
 pages = {6--11},
 numpages = {6},
 url = {http://doi.acm.org/10.1145/2714569},
 doi = {10.1145/2714569},
 acmid = {2714569},
 publisher = {ACM},
 address = {New York, NY, USA},
 keywords = {curriculum, diversity, living collection, repository, student engagement, student retention, women in technology},
}

@article{Bruckman:2009:GCI:1539024.1508899,
 author = {Bruckman, Amy and Biggers, Maureen and Ericson, Barbara and McKlin, Tom and Dimond, Jill and DiSalvo, Betsy and Hewner, Mike and Ni, Lijun and Yardi, Sarita},
 title = {"Georgia Computes!": Improving the Computing Education Pipeline},
 journal = {SIGCSE Bull.},
 issue_date = {March 2009},
 volume = {41},
 number = {1},
 month = mar,
 year = {2009},
 issn = {0097-8418},
 pages = {86--90},
 numpages = {5},
 url = {http://doi.acm.org/10.1145/1539024.1508899},
 doi = {10.1145/1539024.1508899},
 acmid = {1508899},
 publisher = {ACM},
 address = {New York, NY, USA},
 keywords = {computing education pipeline, introductory courses, summer camps},
}

@inproceedings{Bruckman:2009:GCI:1508865.1508899,
 author = {Bruckman, Amy and Biggers, Maureen and Ericson, Barbara and McKlin, Tom and Dimond, Jill and DiSalvo, Betsy and Hewner, Mike and Ni, Lijun and Yardi, Sarita},
 title = {"Georgia Computes!": Improving the Computing Education Pipeline},
 booktitle = {Proceedings of the 40th ACM Technical Symposium on Computer Science Education},
 series = {SIGCSE '09},
 year = {2009},
 isbn = {978-1-60558-183-5},
 location = {Chattanooga, TN, USA},
 pages = {86--90},
 numpages = {5},
 url = {http://doi.acm.org/10.1145/1508865.1508899},
 doi = {10.1145/1508865.1508899},
 acmid = {1508899},
 publisher = {ACM},
 address = {New York, NY, USA},
 keywords = {computing education pipeline, introductory courses, summer camps},
}

@inproceedings{Kolikant:2008:NEF:1599812.1599824,
 author = {Kolikant, Yifat Ben-David},
 title = {From Newcomer Enculturation to Fertile Zones of Cultural Encounter: A Bidimensional Metaphor for Schooling},
 booktitle = {Proceedings of the 8th International Conference on International Conference for the Learning Sciences - Volume 1},
 series = {ICLS'08},
 year = {2008},
 location = {Utrecht, The Netherlands},
 pages = {101--108},
 numpages = {8},
 url = {http://dl.acm.org/citation.cfm?id=1599812.1599824},
 acmid = {1599824},
 publisher = {International Society of the Learning Sciences},
}

@inproceedings{Gong:2012:MMD:2358968.2358978,
 author = {Gong, Yue and Beck, Joseph E. and Ruiz, Carolina},
 title = {Modeling Multiple Distributions of Student Performances to Improve Predictive Accuracy},
 booktitle = {Proceedings of the 20th International Conference on User Modeling, Adaptation, and Personalization},
 series = {UMAP'12},
 year = {2012},
 isbn = {978-3-642-31453-7},
 location = {Montreal, Canada},
 pages = {102--113},
 numpages = {12},
 url = {https://doi.org/10.1007/978-3-642-31454-4_9},
 doi = {10.1007/978-3-642-31454-4_9},
 acmid = {2358978},
 publisher = {Springer-Verlag},
 address = {Berlin, Heidelberg},
 keywords = {multiple classifiers, multiple distributions of student performances, performance factors analysis, predictive accuracy, student modeling},
}

@inproceedings{Carter:2014:ICC:2538862.2538882,
 author = {Carter, Lori},
 title = {Interdisciplinary Computing Classes: Worth the Effort},
 booktitle = {Proceedings of the 45th ACM Technical Symposium on Computer Science Education},
 series = {SIGCSE '14},
 year = {2014},
 isbn = {978-1-4503-2605-6},
 location = {Atlanta, Georgia, USA},
 pages = {445--450},
 numpages = {6},
 url = {http://doi.acm.org/10.1145/2538862.2538882},
 doi = {10.1145/2538862.2538882},
 acmid = {2538882},
 publisher = {ACM},
 address = {New York, NY, USA},
 keywords = {computational biology, computational chemistry, computational physics, computational science, interdisciplinary computing, multidisciplinary computing, team teaching},
}

@inproceedings{Matsumoto:2007:PIU:1378063.1378161,
 author = {Matsumoto, Takashi and Hashimoto, Sho and Okude, Naohito},
 title = {Pileus the Internet-ready Umbrella: Full-embodied Web in a Real Space},
 booktitle = {Proceedings of the 4th International Conference on Mobile Technology, Applications, and Systems and the 1st International Symposium on Computer Human Interaction in Mobile Technology},
 series = {Mobility '07},
 year = {2007},
 isbn = {978-1-59593-819-0},
 location = {Singapore},
 pages = {587--594},
 numpages = {8},
 url = {http://doi.acm.org/10.1145/1378063.1378161},
 doi = {10.1145/1378063.1378161},
 acmid = {1378161},
 publisher = {ACM},
 address = {New York, NY, USA},
 keywords = {Pileus, Umbrella, embodied interactions, ubiquitous computing, web service, web2.0},
}

@inproceedings{Uludag:2011:IIS:2047594.2047645,
 author = {Uludag, Suleyman and Karakus, Murat and Turner, Stephen W.},
 title = {Implementing IT0/CS0 with Scratch, App Inventor Forandroid, and Lego Mindstorms},
 booktitle = {Proceedings of the 2011 Conference on Information Technology Education},
 series = {SIGITE '11},
 year = {2011},
 isbn = {978-1-4503-1017-8},
 location = {West Point, New York, USA},
 pages = {183--190},
 numpages = {8},
 url = {http://doi.acm.org/10.1145/2047594.2047645},
 doi = {10.1145/2047594.2047645},
 acmid = {2047645},
 publisher = {ACM},
 address = {New York, NY, USA},
 keywords = {CS education, CS0, IT education, IT0, computer science for non-majors, information literacy, introductory programming, novice programming environments},
}

@inproceedings{Gramm:2012:EYD:2481449.2481477,
 author = {Gramm, Andreas and Hornung, Malte and Witten, Helmut},
 title = {Email for You (Only?): Design and Implementation of a Context-based Learning Process on Internetworking and Cryptography},
 booktitle = {Proceedings of the 7th Workshop in Primary and Secondary Computing Education},
 series = {WiPSCE '12},
 year = {2012},
 isbn = {978-1-4503-1787-0},
 location = {Hamburg, Germany},
 pages = {116--124},
 numpages = {9},
 url = {http://doi.acm.org/10.1145/2481449.2481477},
 doi = {10.1145/2481449.2481477},
 acmid = {2481477},
 publisher = {ACM},
 address = {New York, NY, USA},
 keywords = {IniK, RSA, communication protocol, communication security, computer science in context, context-based computer science education, cryptology, email protocol},
}

@inproceedings{Dickmann:2010:SIE:1894345.1894362,
 author = {Dickmann, Lutz and Lensing, Tobias and Porzel, Robert and Malaka, Rainer and Lischka, Christoph},
 title = {Sketch-based Interfaces: Exploiting Spatio-temporal Context for Automatic Stroke Grouping},
 booktitle = {Proceedings of the 10th International Conference on Smart Graphics},
 series = {SG'10},
 year = {2010},
 isbn = {3-642-13543-9, 978-3-642-13543-9},
 location = {Banff, Canada},
 pages = {139--151},
 numpages = {13},
 url = {http://dl.acm.org/citation.cfm?id=1894345.1894362},
 acmid = {1894362},
 publisher = {Springer-Verlag},
 address = {Berlin, Heidelberg},
 keywords = {contextual computing, reservoir computing, sketch-based interfaces, stroke grouping},
}

@inproceedings{Lee:2013:ERC:2445196.2445214,
 author = {Lee, Cynthia Bailey},
 title = {Experience Report: CS1 in MATLAB for Non-majors, with Media Computation and Peer Instruction},
 booktitle = {Proceeding of the 44th ACM Technical Symposium on Computer Science Education},
 series = {SIGCSE '13},
 year = {2013},
 isbn = {978-1-4503-1868-6},
 location = {Denver, Colorado, USA},
 pages = {35--40},
 numpages = {6},
 url = {http://doi.acm.org/10.1145/2445196.2445214},
 doi = {10.1145/2445196.2445214},
 acmid = {2445214},
 publisher = {ACM},
 address = {New York, NY, USA},
 keywords = {CS1, MATLAB, active learning, classroom response, clickers, media computation, peer instruction},
}

@article{Cooper:2010:DA:1868358.1868362,
 author = {Cooper, Stephen},
 title = {The Design of Alice},
 journal = {Trans. Comput. Educ.},
 issue_date = {November 2010},
 volume = {10},
 number = {4},
 month = nov,
 year = {2010},
 issn = {1946-6226},
 pages = {15:1--15:16},
 articleno = {15},
 numpages = {16},
 url = {http://doi.acm.org/10.1145/1868358.1868362},
 doi = {10.1145/1868358.1868362},
 acmid = {1868362},
 publisher = {ACM},
 address = {New York, NY, USA},
 keywords = {Alice, Object-oriented, design, program visualization, programming},
}

@inproceedings{Ramnath:2016:EEB:2839509.2844554,
 author = {Ramnath, Sarnath and Hoover, John H.},
 title = {Enhancing Engagement by Blending Rigor and Relevance},
 booktitle = {Proceedings of the 47th ACM Technical Symposium on Computing Science Education},
 series = {SIGCSE '16},
 year = {2016},
 isbn = {978-1-4503-3685-7},
 location = {Memphis, Tennessee, USA},
 pages = {108--113},
 numpages = {6},
 url = {http://doi.acm.org/10.1145/2839509.2844554},
 doi = {10.1145/2839509.2844554},
 acmid = {2844554},
 publisher = {ACM},
 address = {New York, NY, USA},
 keywords = {integrated course design, relevance, rigor, student perception, whole-part-whole},
}

@inproceedings{Guzdial:2013:EHM:2493394.2493397,
 author = {Guzdial, Mark},
 title = {Exploring Hypotheses About Media Computation},
 booktitle = {Proceedings of the Ninth Annual International ACM Conference on International Computing Education Research},
 series = {ICER '13},
 year = {2013},
 isbn = {978-1-4503-2243-0},
 location = {San Diego, San California, USA},
 pages = {19--26},
 numpages = {8},
 url = {http://doi.acm.org/10.1145/2493394.2493397},
 doi = {10.1145/2493394.2493397},
 acmid = {2493397},
 publisher = {ACM},
 address = {New York, NY, USA},
 keywords = {assessment, broadening participation, curriculum, education research, motivation, retention, under-represented minorities, women in computing},
}

@inproceedings{Alvarado:2018:PEP:3159450.3159508,
 author = {Alvarado, Christine and Umbelino, Gustavo and Minnes, Mia},
 title = {The Persistent Effect of Pre-College Computing Experience on College CS Course Grades},
 booktitle = {Proceedings of the 49th ACM Technical Symposium on Computer Science Education},
 series = {SIGCSE '18},
 year = {2018},
 isbn = {978-1-4503-5103-4},
 location = {Baltimore, Maryland, USA},
 pages = {876--881},
 numpages = {6},
 url = {http://doi.acm.org/10.1145/3159450.3159508},
 doi = {10.1145/3159450.3159508},
 acmid = {3159508},
 publisher = {ACM},
 address = {New York, NY, USA},
 keywords = {AP computer science, computing experience, higher education, performance},
}

@inproceedings{Hellman:1990:USI:99332.99359,
 author = {Hellman, Rittta},
 title = {User Support: Illustrating Computer Use in Collaborative Work Contexts},
 booktitle = {Proceedings of the 1990 ACM Conference on Computer-supported Cooperative Work},
 series = {CSCW '90},
 year = {1990},
 isbn = {0-89791-402-3},
 location = {Los Angeles, California, USA},
 pages = {255--267},
 numpages = {13},
 url = {http://doi.acm.org/10.1145/99332.99359},
 doi = {10.1145/99332.99359},
 acmid = {99359},
 publisher = {ACM},
 address = {New York, NY, USA},
}

@article{Hu:2018:ARE:3186419.3186430,
 author = {Hu, Bin and Li, Xiaowei and Sun, Shuting and Ratcliffe, Martyn},
 title = {Attention Recognition in EEG-Based Affective Learning Research Using CFS+KNN Algorithm},
 journal = {IEEE/ACM Trans. Comput. Biol. Bioinformatics},
 issue_date = {January 2018},
 volume = {15},
 number = {1},
 month = jan,
 year = {2018},
 issn = {1545-5963},
 pages = {38--45},
 numpages = {8},
 url = {https://doi.org/10.1109/TCBB.2016.2616395},
 doi = {10.1109/TCBB.2016.2616395},
 acmid = {3186430},
 publisher = {IEEE Computer Society Press},
 address = {Los Alamitos, CA, USA},
}

@inproceedings{DesPortes:2016:MDC:2839509.2844586,
 author = {DesPortes, Kayla and Spells, Monet and DiSalvo, Betsy},
 title = {The MoveLab: Developing Congruence Between Students' Self-Concepts and Computing},
 booktitle = {Proceedings of the 47th ACM Technical Symposium on Computing Science Education},
 series = {SIGCSE '16},
 year = {2016},
 isbn = {978-1-4503-3685-7},
 location = {Memphis, Tennessee, USA},
 pages = {267--272},
 numpages = {6},
 url = {http://doi.acm.org/10.1145/2839509.2844586},
 doi = {10.1145/2839509.2844586},
 acmid = {2844586},
 publisher = {ACM},
 address = {New York, NY, USA},
 keywords = {dance, physical computing, self-concept, steam education, underrepresented minorities, women},
}

@inproceedings{Buzatto:2009:PCC:1621995.1622026,
 author = {Buzatto, David and Anacleto, Junia Coutinho and Dias, Ana Luiza},
 title = {Providing Culturally Contextualized Metadata to Promote Sharing and Reuse of Learning Objects},
 booktitle = {Proceedings of the 27th ACM International Conference on Design of Communication},
 series = {SIGDOC '09},
 year = {2009},
 isbn = {978-1-60558-559-8},
 location = {Bloomington, Indiana, USA},
 pages = {163--170},
 numpages = {8},
 url = {http://doi.acm.org/10.1145/1621995.1622026},
 doi = {10.1145/1621995.1622026},
 acmid = {1622026},
 publisher = {ACM},
 address = {New York, NY, USA},
 keywords = {SCORM, common sense, framework, learning object, metadata, reuse},
}

@inproceedings{Kafai:2014:EET:2538862.2538903,
 author = {Kafai, Yasmin and Searle, Kristin and Martinez, Cr\^{\i}stobal and Brayboy, Bryan},
 title = {Ethnocomputing with Electronic Textiles: Culturally Responsive Open Design to Broaden Participation in Computing in American Indian Youth and Communities},
 booktitle = {Proceedings of the 45th ACM Technical Symposium on Computer Science Education},
 series = {SIGCSE '14},
 year = {2014},
 isbn = {978-1-4503-2605-6},
 location = {Atlanta, Georgia, USA},
 pages = {241--246},
 numpages = {6},
 url = {http://doi.acm.org/10.1145/2538862.2538903},
 doi = {10.1145/2538862.2538903},
 acmid = {2538903},
 publisher = {ACM},
 address = {New York, NY, USA},
 keywords = {K-12, electronic textiles, indigenous communities},
}

@article{Foner:2015:FPG:2887747.2804310,
 author = {Foner, Kenneth},
 title = {Functional Pearl: Getting a Quick Fix on Comonads},
 journal = {SIGPLAN Not.},
 issue_date = {December 2015},
 volume = {50},
 number = {12},
 month = aug,
 year = {2015},
 issn = {0362-1340},
 pages = {106--117},
 numpages = {12},
 url = {http://doi.acm.org/10.1145/2887747.2804310},
 doi = {10.1145/2887747.2804310},
 acmid = {2804310},
 publisher = {ACM},
 address = {New York, NY, USA},
 keywords = {Haskell, closed comonads, modal logic, spreadsheets},
}

@inproceedings{Foner:2015:FPG:2804302.2804310,
 author = {Foner, Kenneth},
 title = {Functional Pearl: Getting a Quick Fix on Comonads},
 booktitle = {Proceedings of the 2015 ACM SIGPLAN Symposium on Haskell},
 series = {Haskell '15},
 year = {2015},
 isbn = {978-1-4503-3808-0},
 location = {Vancouver, BC, Canada},
 pages = {106--117},
 numpages = {12},
 url = {http://doi.acm.org/10.1145/2804302.2804310},
 doi = {10.1145/2804302.2804310},
 acmid = {2804310},
 publisher = {ACM},
 address = {New York, NY, USA},
 keywords = {Haskell, closed comonads, modal logic, spreadsheets},
}

@article{Petricek:2014:CCC:2692915.2628160,
 author = {Petricek, Tomas and Orchard, Dominic and Mycroft, Alan},
 title = {Coeffects: A Calculus of Context-dependent Computation},
 journal = {SIGPLAN Not.},
 issue_date = {September 2014},
 volume = {49},
 number = {9},
 month = aug,
 year = {2014},
 issn = {0362-1340},
 pages = {123--135},
 numpages = {13},
 url = {http://doi.acm.org/10.1145/2692915.2628160},
 doi = {10.1145/2692915.2628160},
 acmid = {2628160},
 publisher = {ACM},
 address = {New York, NY, USA},
 keywords = {coeffects, context, indexed comonads, types},
}

@inproceedings{Petricek:2014:CCC:2628136.2628160,
 author = {Petricek, Tomas and Orchard, Dominic and Mycroft, Alan},
 title = {Coeffects: A Calculus of Context-dependent Computation},
 booktitle = {Proceedings of the 19th ACM SIGPLAN International Conference on Functional Programming},
 series = {ICFP '14},
 year = {2014},
 isbn = {978-1-4503-2873-9},
 location = {Gothenburg, Sweden},
 pages = {123--135},
 numpages = {13},
 url = {http://doi.acm.org/10.1145/2628136.2628160},
 doi = {10.1145/2628136.2628160},
 acmid = {2628160},
 publisher = {ACM},
 address = {New York, NY, USA},
 keywords = {coeffects, context, indexed comonads, types},
}

@proceedings{McGraw:2010:1878537,
 title = {SpringSim '10: Proceedings of the 2010 Spring Simulation Multiconference},
 year = {2010},
 isbn = {978-1-4503-0069-8},
 location = {Orlando, Florida},
 publisher = {Society for Computer Simulation International},
 address = {San Diego, CA, USA},
}

@article{Tew:2008:CSL:1404935.1404937,
 author = {Tew, Allison Elliott and Dorn, Brian and Leahy,Jr., William D. and Guzdial, Mark},
 title = {Context As Support for Learning Computer Organization},
 journal = {J. Educ. Resour. Comput.},
 issue_date = {October 2008},
 volume = {8},
 number = {3},
 month = oct,
 year = {2008},
 issn = {1531-4278},
 pages = {8:1--8:18},
 articleno = {8},
 numpages = {18},
 url = {http://doi.acm.org/10.1145/1404935.1404937},
 doi = {10.1145/1404935.1404937},
 acmid = {1404937},
 publisher = {ACM},
 address = {New York, NY, USA},
 keywords = {computer organization, context, course design},
}

@inproceedings{Weintrop:2018:SSO:3230977.3230988,
 author = {Weintrop, David and Hansen, Alexandria K. and Harlow, Danielle B. and Franklin, Diana},
 title = {Starting from Scratch: Outcomes of Early Computer Science Learning Experiences and Implications for What Comes Next},
 booktitle = {Proceedings of the 2018 ACM Conference on International Computing Education Research},
 series = {ICER '18},
 year = {2018},
 isbn = {978-1-4503-5628-2},
 location = {Espoo, Finland},
 pages = {142--150},
 numpages = {9},
 url = {http://doi.acm.org/10.1145/3230977.3230988},
 doi = {10.1145/3230977.3230988},
 acmid = {3230988},
 publisher = {ACM},
 address = {New York, NY, USA},
 keywords = {block-based programming, elementary computer science education, introductory computing curricula, learning},
}

@inproceedings{Lukkarinen:2016:CTC:2999541.2999551,
 author = {Lukkarinen, Aleksi and Sorva, Juha},
 title = {Classifying the Tools of Contextualized Programming Education and Forms of Media Computation},
 booktitle = {Proceedings of the 16th Koli Calling International Conference on Computing Education Research},
 series = {Koli Calling '16},
 year = {2016},
 isbn = {978-1-4503-4770-9},
 location = {Koli, Finland},
 pages = {51--60},
 numpages = {10},
 url = {http://doi.acm.org/10.1145/2999541.2999551},
 doi = {10.1145/2999541.2999551},
 acmid = {2999551},
 publisher = {ACM},
 address = {New York, NY, USA},
 keywords = {classification, contextualized education, media computation, programming education, review, tools},
}

@inproceedings{Abramsky:2017:PCF:3329995.3330064,
 author = {Abramsky, Samson and Dawar, Anuj and Wang, Pengming},
 title = {The Pebbling Comonad in Finite Model Theory},
 booktitle = {Proceedings of the 32Nd Annual ACM/IEEE Symposium on Logic in Computer Science},
 series = {LICS '17},
 year = {2017},
 isbn = {978-1-5090-3018-7},
 location = {Reykjav\&iacute;k, Iceland},
 pages = {69:1--69:12},
 articleno = {69},
 numpages = {12},
 url = {http://dl.acm.org/citation.cfm?id=3329995.3330064},
 acmid = {3330064},
 publisher = {IEEE Press},
 address = {Piscataway, NJ, USA},
}

@inproceedings{Wen:2019:PEO:3319008.3319017,
 author = {Wen, Shao-Fang and Katt, Basel},
 title = {Preliminary Evaluation of an Ontology-Based Contextualized Learning System for Software Security},
 booktitle = {Proceedings of the Evaluation and Assessment on Software Engineering},
 series = {EASE '19},
 year = {2019},
 isbn = {978-1-4503-7145-2},
 location = {Copenhagen, Denmark},
 pages = {90--99},
 numpages = {10},
 url = {http://doi.acm.org/10.1145/3319008.3319017},
 doi = {10.1145/3319008.3319017},
 acmid = {3319017},
 publisher = {ACM},
 address = {New York, NY, USA},
 keywords = {Software security, context-based knowledge, learning system, ontology},
}

@inproceedings{Yarosh:2007:NDS:1288580.1288592,
 author = {Yarosh, Svetlana and Guzdial, Mark},
 title = {Narrating Data Structures: The Role of Context in CS2},
 booktitle = {Proceedings of the Third International Workshop on Computing Education Research},
 series = {ICER '07},
 year = {2007},
 isbn = {978-1-59593-841-1},
 location = {Atlanta, Georgia, USA},
 pages = {87--98},
 numpages = {12},
 url = {http://doi.acm.org/10.1145/1288580.1288592},
 doi = {10.1145/1288580.1288592},
 acmid = {1288592},
 publisher = {ACM},
 address = {New York, NY, USA},
 keywords = {CS1/2, course design, media computation},
}

@inproceedings{Viktoratos:2014:PCL:2611040.2611083,
 author = {Viktoratos, Iosif and Tsadiras, Athanasios and Bassiliades, Nick},
 title = {Providing a Context-aware Location Based Web Service Through Semantics and User-defined Rules},
 booktitle = {Proceedings of the 4th International Conference on Web Intelligence, Mining and Semantics (WIMS14)},
 series = {WIMS '14},
 year = {2014},
 isbn = {978-1-4503-2538-7},
 location = {Thessaloniki, Greece},
 pages = {9:1--9:11},
 articleno = {9},
 numpages = {11},
 url = {http://doi.acm.org/10.1145/2611040.2611083},
 doi = {10.1145/2611040.2611083},
 acmid = {2611083},
 publisher = {ACM},
 address = {New York, NY, USA},
 keywords = {Context, Group-Targeted Offers, Location Based Services, Ontologies, Points of Interest, Preferences, Rules, Semantic web},
}

@inproceedings{Lucero:2014:NUI:2663806.2663824,
 author = {Lucero, Andr{\'e}s and Vetek, Akos},
 title = {NotifEye: Using Interactive Glasses to Deal with Notifications While Walking in Public},
 booktitle = {Proceedings of the 11th Conference on Advances in Computer Entertainment Technology},
 series = {ACE '14},
 year = {2014},
 isbn = {978-1-4503-2945-3},
 location = {Funchal, Portugal},
 pages = {17:1--17:10},
 articleno = {17},
 numpages = {10},
 url = {http://doi.acm.org/10.1145/2663806.2663824},
 doi = {10.1145/2663806.2663824},
 acmid = {2663824},
 publisher = {ACM},
 address = {New York, NY, USA},
 keywords = {discreet interaction, head-mounted displays, in the wild studies, interactive eyewear, wearable computing},
}

@inproceedings{Kavvos:2017:DCM:3329995.3330024,
 author = {Kavvos, G. A.},
 title = {Dual-context Calculi for Modal Logic},
 booktitle = {Proceedings of the 32Nd Annual ACM/IEEE Symposium on Logic in Computer Science},
 series = {LICS '17},
 year = {2017},
 isbn = {978-1-5090-3018-7},
 location = {Reykjav\&iacute;k, Iceland},
 pages = {29:1--29:12},
 articleno = {29},
 numpages = {12},
 url = {http://dl.acm.org/citation.cfm?id=3329995.3330024},
 acmid = {3330024},
 publisher = {IEEE Press},
 address = {Piscataway, NJ, USA},
}

@inproceedings{Chen:2018:TAL:3173574.3174111,
 author = {Chen, Tsai-Wei and Sundar, S. Shyam},
 title = {This App Would Like to Use Your Current Location to Better Serve You: Importance of User Assent and System Transparency in Personalized Mobile Services},
 booktitle = {Proceedings of the 2018 CHI Conference on Human Factors in Computing Systems},
 series = {CHI '18},
 year = {2018},
 isbn = {978-1-4503-5620-6},
 location = {Montreal QC, Canada},
 pages = {537:1--537:13},
 articleno = {537},
 numpages = {13},
 url = {http://doi.acm.org/10.1145/3173574.3174111},
 doi = {10.1145/3173574.3174111},
 acmid = {3174111},
 publisher = {ACM},
 address = {New York, NY, USA},
 keywords = {contextual computing, location-aware computing, privacy, usability study, user experience design},
}

@article{Alvarado:2012:IWP:2381083.2381100,
 author = {Alvarado, Christine and Dodds, Zachary and Libeskind-Hadas, Ran},
 title = {Increasing Women's Participation in Computing at Harvey Mudd College},
 journal = {ACM Inroads},
 issue_date = {December 2012},
 volume = {3},
 number = {4},
 month = dec,
 year = {2012},
 issn = {2153-2184},
 pages = {55--64},
 numpages = {10},
 url = {http://doi.acm.org/10.1145/2381083.2381100},
 doi = {10.1145/2381083.2381100},
 acmid = {2381100},
 publisher = {ACM},
 address = {New York, NY, USA},
 keywords = {CS1, broadening participation, women in computing},
}

@inproceedings{Krogh:2017:SCS:3025453.3025756,
 author = {Krogh, Peter Gall and Petersen, Marianne Graves and O'Hara, Kenton and Groenbaek, Jens Emil},
 title = {Sensitizing Concepts for Socio-spatial Literacy in HCI},
 booktitle = {Proceedings of the 2017 CHI Conference on Human Factors in Computing Systems},
 series = {CHI '17},
 year = {2017},
 isbn = {978-1-4503-4655-9},
 location = {Denver, Colorado, USA},
 pages = {6449--6460},
 numpages = {12},
 url = {http://doi.acm.org/10.1145/3025453.3025756},
 doi = {10.1145/3025453.3025756},
 acmid = {3025756},
 publisher = {ACM},
 address = {New York, NY, USA},
 keywords = {architecture., interaction design, literacy, proxemics, socio-spatial, space, spatiality, ubiquitous computing},
}

@inproceedings{Rick:2012:BCC:2481449.2481476,
 author = {Rick, Detlef and Morisse, Marcel and Schirmer, Ingrid},
 title = {Bringing Contexts into the Classroom: A Design-based Approach},
 booktitle = {Proceedings of the 7th Workshop in Primary and Secondary Computing Education},
 series = {WiPSCE '12},
 year = {2012},
 isbn = {978-1-4503-1787-0},
 location = {Hamburg, Germany},
 pages = {105--115},
 numpages = {11},
 url = {http://doi.acm.org/10.1145/2481449.2481476},
 doi = {10.1145/2481449.2481476},
 acmid = {2481476},
 publisher = {ACM},
 address = {New York, NY, USA},
 keywords = {design-based research, greenfoot, informatics in context, learning environment, process model},
}

@article{Yarosh:2008:NDS:1316450.1316456,
 author = {Yarosh, Svetlana and Guzdial, Mark},
 title = {Narrating Data Structures: The Role of Context in CS2},
 journal = {J. Educ. Resour. Comput.},
 issue_date = {January 2008},
 volume = {7},
 number = {4},
 month = jan,
 year = {2008},
 issn = {1531-4278},
 pages = {6:1--6:20},
 articleno = {6},
 numpages = {20},
 url = {http://doi.acm.org/10.1145/1316450.1316456},
 doi = {10.1145/1316450.1316456},
 acmid = {1316456},
 publisher = {ACM},
 address = {New York, NY, USA},
 keywords = {CS1/2, Course design, media computation},
}

@inproceedings{Yardi:2007:CBG:1288580.1288586,
 author = {Yardi, Sarita and Bruckman, Amy},
 title = {What is Computing?: Bridging the Gap Between Teenagers' Perceptions and Graduate Students' Experiences},
 booktitle = {Proceedings of the Third International Workshop on Computing Education Research},
 series = {ICER '07},
 year = {2007},
 isbn = {978-1-59593-841-1},
 location = {Atlanta, Georgia, USA},
 pages = {39--50},
 numpages = {12},
 url = {http://doi.acm.org/10.1145/1288580.1288586},
 doi = {10.1145/1288580.1288586},
 acmid = {1288586},
 publisher = {ACM},
 address = {New York, NY, USA},
 keywords = {HCI, broadening participation, computer science education, culture, curriculum, teenagers},
}

@inproceedings{Chen:2019:MSI:3290605.3300805,
 author = {Chen, Fanglin and Xia, Kewei and Dhabalia, Karan and Hong, Jason I.},
 title = {MessageOnTap: A Suggestive Interface to Facilitate Messaging-related Tasks},
 booktitle = {Proceedings of the 2019 CHI Conference on Human Factors in Computing Systems},
 series = {CHI '19},
 year = {2019},
 isbn = {978-1-4503-5970-2},
 location = {Glasgow, Scotland Uk},
 pages = {575:1--575:14},
 articleno = {575},
 numpages = {14},
 url = {http://doi.acm.org/10.1145/3290605.3300805},
 doi = {10.1145/3290605.3300805},
 acmid = {3300805},
 publisher = {ACM},
 address = {New York, NY, USA},
 keywords = {contextual computing, messaging/communication, information seeking \& search, personal data/tracking, productivity, text/speech/language, user experience design},
}

@article{Hu:2015:IIS:2786939.2729981,
 author = {Hu, Ruimin and Feng, Jinjuan Heidi},
 title = {Investigating Information Search by People with Cognitive Disabilities},
 journal = {ACM Trans. Access. Comput.},
 issue_date = {June 2015},
 volume = {7},
 number = {1},
 month = jun,
 year = {2015},
 issn = {1936-7228},
 pages = {1:1--1:30},
 articleno = {1},
 numpages = {30},
 url = {http://doi.acm.org/10.1145/2729981},
 doi = {10.1145/2729981},
 acmid = {2729981},
 publisher = {ACM},
 address = {New York, NY, USA},
 keywords = {Cognitive disabilities, information search},
}

@article{Exter:2012:EEP:2275597.2275601,
 author = {Exter, Marisa and Turnage, Nichole},
 title = {Exploring Experienced Professionals\&Rsquo; Reflections on Computing Education},
 journal = {Trans. Comput. Educ.},
 issue_date = {July 2012},
 volume = {12},
 number = {3},
 month = jul,
 year = {2012},
 issn = {1946-6226},
 pages = {12:1--12:23},
 articleno = {12},
 numpages = {23},
 url = {http://doi.acm.org/10.1145/2275597.2275601},
 doi = {10.1145/2275597.2275601},
 acmid = {2275601},
 publisher = {ACM},
 address = {New York, NY, USA},
 keywords = {Computer Science education, Computing education, adult education, continuing professional development, higher education, non-formal learning, self-learning, undergraduate, university},
}

@article{Chadalavada:2018:IIS:3279953.3264907,
 author = {Chadalavada, Perumal Varun and Palaniappan, Goutham and Chandran, Vimal Kumar and Truong, Khai and Wigdor, Daniel},
 title = {ID'Em: Inductive Sensing for Embedding and Extracting Information in Robust Materials},
 journal = {Proc. ACM Interact. Mob. Wearable Ubiquitous Technol.},
 issue_date = {September 2018},
 volume = {2},
 number = {3},
 month = sep,
 year = {2018},
 issn = {2474-9567},
 pages = {97:1--97:28},
 articleno = {97},
 numpages = {28},
 url = {http://doi.acm.org/10.1145/3264907},
 doi = {10.1145/3264907},
 acmid = {3264907},
 publisher = {ACM},
 address = {New York, NY, USA},
 keywords = {Indoor Localization, Inductive Sensing, Object Identification, Object Tagging, Smart Surfaces},
}

@inproceedings{Bouvier:2016:NPP:3024906.3024912,
 author = {Bouvier, Dennis and Lovellette, Ellie and Matta, John and Alshaigy, Bedour and Becker, Brett A. and Craig, Michelle and Jackova, Jana and McCartney, Robert and Sanders, Kate and Zarb, Mark},
 title = {Novice Programmers and the Problem Description Effect},
 booktitle = {Proceedings of the 2016 ITiCSE Working Group Reports},
 series = {ITiCSE '16},
 year = {2016},
 isbn = {978-1-4503-4882-9},
 location = {Arequipa, Peru},
 pages = {103--118},
 numpages = {16},
 url = {http://doi.acm.org/10.1145/3024906.3024912},
 doi = {10.1145/3024906.3024912},
 acmid = {3024912},
 publisher = {ACM},
 address = {New York, NY, USA},
 keywords = {CS1, context, novice programmers},
}

@article{Gaboardi:2016:CEC:3022670.2951939,
 author = {Gaboardi, Marco and Katsumata, Shin-ya and Orchard, Dominic and Breuvart, Flavien and Uustalu, Tarmo},
 title = {Combining Effects and Coeffects via Grading},
 journal = {SIGPLAN Not.},
 issue_date = {September 2016},
 volume = {51},
 number = {9},
 month = sep,
 year = {2016},
 issn = {0362-1340},
 pages = {476--489},
 numpages = {14},
 url = {http://doi.acm.org/10.1145/3022670.2951939},
 doi = {10.1145/3022670.2951939},
 acmid = {2951939},
 publisher = {ACM},
 address = {New York, NY, USA},
 keywords = {categorical semantics, coeffects, comonads, distributive laws, effects, grading, monads, types},
}

@inproceedings{Gaboardi:2016:CEC:2951913.2951939,
 author = {Gaboardi, Marco and Katsumata, Shin-ya and Orchard, Dominic and Breuvart, Flavien and Uustalu, Tarmo},
 title = {Combining Effects and Coeffects via Grading},
 booktitle = {Proceedings of the 21st ACM SIGPLAN International Conference on Functional Programming},
 series = {ICFP 2016},
 year = {2016},
 isbn = {978-1-4503-4219-3},
 location = {Nara, Japan},
 pages = {476--489},
 numpages = {14},
 url = {http://doi.acm.org/10.1145/2951913.2951939},
 doi = {10.1145/2951913.2951939},
 acmid = {2951939},
 publisher = {ACM},
 address = {New York, NY, USA},
 keywords = {categorical semantics, coeffects, comonads, distributive laws, effects, grading, monads, types},
}

@article{McGill:2012:LPP:2133797.2133801,
 author = {McGill, Monica M.},
 title = {Learning to Program with Personal Robots: Influences on Student Motivation},
 journal = {Trans. Comput. Educ.},
 issue_date = {March 2012},
 volume = {12},
 number = {1},
 month = mar,
 year = {2012},
 issn = {1946-6226},
 pages = {4:1--4:32},
 articleno = {4},
 numpages = {32},
 url = {http://doi.acm.org/10.1145/2133797.2133801},
 doi = {10.1145/2133797.2133801},
 acmid = {2133801},
 publisher = {ACM},
 address = {New York, NY, USA},
 keywords = {CS0, CS1, Motivation, Myro, curriculum, education, personal robots, programming},
}

@article{Antunes:2018:SSH:3186333.3177852,
 author = {Antunes, Rodolfo S. and Seewald, Lucas A. and Rodrigues, Vinicius F. and Costa, Cristiano A. Da and Jr., Luiz Gonzaga and Righi, Rodrigo R. and Maier, Andreas and Eskofier, Bj\"{o}rn and Ollenschl\"{a}ger, Malte and Naderi, Farzad and Fahrig, Rebecca and Bauer, Sebastian and Klein, Sigrun and Campanatti, Gelson},
 title = {A Survey of Sensors in Healthcare Workflow Monitoring},
 journal = {ACM Comput. Surv.},
 issue_date = {June 2018},
 volume = {51},
 number = {2},
 month = apr,
 year = {2018},
 issn = {0360-0300},
 pages = {42:1--42:37},
 articleno = {42},
 numpages = {37},
 url = {http://doi.acm.org/10.1145/3177852},
 doi = {10.1145/3177852},
 acmid = {3177852},
 publisher = {ACM},
 address = {New York, NY, USA},
 keywords = {Computer Vision, Real-time Location Systems, healthcare, workflow monitoring},
}

