@inproceedings{Kumar:2009:TDD:1545006.1545077,
 author = {Kumar, Naveen and Childers, Bruce and Soffa, Mary Lou},
 title = {Transparent Debugging of Dynamically Optimized Code},
 booktitle = {Proceedings of the 7th Annual IEEE/ACM International Symposium on Code Generation and Optimization},
 series = {CGO '09},
 year = {2009},
 isbn = {978-0-7695-3576-0},
 pages = {275--286},
 numpages = {12},
 url = {http://dx.doi.org/10.1109/CGO.2009.28},
 doi = {10.1109/CGO.2009.28},
 acmid = {1545077},
 publisher = {IEEE Computer Society},
 address = {Washington, DC, USA},
 keywords = {Dynamic optimization, software dynamic translation, debugging, binary translation},
}

@article{Wurst:1990:BRC:122388.1060705,
 note = {Reviewer-Wurst, Karl R.},
 title = {Book Review: Case-Based Planning: Viewing Planning As a Memory Task by Krlstian J. Hammond (Academic Press, 1989)},
 journal = {SIGART Bull.},
 issue_date = {Jan. 1991},
 volume = {2},
 number = {1},
 month = nov,
 year = {1990},
 issn = {0163-5719},
 pages = {68--69},
 numpages = {2},
 url = {http://doi.acm.org/10.1145/122388.1060705},
 doi = {10.1145/122388.1060705},
 acmid = {1060705},
 publisher = {ACM},
 address = {New York, NY, USA},
}

@inproceedings{Litman:1984:PRM:980431.980554,
 author = {Litman, Diane J. and Allen, James F.},
 title = {A Plan Recognition Model for Clarification Subdialogues},
 booktitle = {Proceedings of the 10th International Conference on Computational Linguistics},
 series = {COLING '84},
 year = {1984},
 location = {Stanford, California},
 pages = {302--311},
 numpages = {10},
 url = {https://doi.org/10.3115/980431.980554},
 doi = {10.3115/980431.980554},
 acmid = {980554},
 publisher = {Association for Computational Linguistics},
 address = {Stroudsburg, PA, USA},
}

@inproceedings{Litman:1984:PRM:980491.980554,
 author = {Litman, Diane J. and Allen, James F.},
 title = {A Plan Recognition Model for Clarification Subdialogues},
 booktitle = {Proceedings of the 10th International Conference on Computational Linguistics  and 22Nd Annual Meeting on Association for Computational Linguistics},
 series = {ACL '84/COLING '84},
 year = {1984},
 location = {Stanford, California},
 pages = {302--311},
 numpages = {10},
 url = {https://doi.org/10.3115/980491.980554},
 doi = {10.3115/980491.980554},
 acmid = {980554},
 publisher = {Association for Computational Linguistics},
 address = {Stroudsburg, PA, USA},
}

@inproceedings{Nanney:1976:CSE:800144.804768,
 author = {Nanney, T. Ray},
 title = {Computer Science: An Essential Course for the Liberal Arts},
 booktitle = {Proceedings of the Sixth SIGCSE Technical Symposium on Computer Science Education},
 series = {SIGCSE '76},
 year = {1976},
 pages = {102--105},
 numpages = {4},
 url = {http://doi.acm.org/10.1145/800144.804768},
 doi = {10.1145/800144.804768},
 acmid = {804768},
 publisher = {ACM},
 address = {New York, NY, USA},
}

@article{Nanney:1976:CSE:952991.804768,
 author = {Nanney, T. Ray},
 title = {Computer Science: An Essential Course for the Liberal Arts},
 journal = {SIGCSE Bull.},
 issue_date = {July 1976},
 volume = {8},
 number = {3},
 month = jul,
 year = {1976},
 issn = {0097-8418},
 pages = {102--105},
 numpages = {4},
 url = {http://doi.acm.org/10.1145/952991.804768},
 doi = {10.1145/952991.804768},
 acmid = {804768},
 publisher = {ACM},
 address = {New York, NY, USA},
}

@inproceedings{Gosalia:2008:APC:1385269.1385282,
 author = {Gosalia, Ashit and Zhang, Xin (Shin)},
 title = {Automatic Plan Choice Validation Using Performance Statistics},
 booktitle = {Proceedings of the 1st International Workshop on Testing Database Systems},
 series = {DBTest '08},
 year = {2008},
 isbn = {978-1-60558-233-7},
 location = {Vancouver, British Columbia, Canada},
 pages = {10:1--10:6},
 articleno = {10},
 numpages = {6},
 url = {http://doi.acm.org/10.1145/1385269.1385282},
 doi = {10.1145/1385269.1385282},
 acmid = {1385282},
 publisher = {ACM},
 address = {New York, NY, USA},
 keywords = {XML, data warehousing, optimizer, performance statistics, performance test, query plan},
}

@inproceedings{Kerzazi:2016:NRD:2896941.2896957,
 author = {Kerzazi, Noureddine and Adams, Bram},
 title = {Who Needs Release and Devops Engineers, and Why?},
 booktitle = {Proceedings of the International Workshop on Continuous Software Evolution and Delivery},
 series = {CSED '16},
 year = {2016},
 isbn = {978-1-4503-4157-8},
 location = {Austin, Texas},
 pages = {77--83},
 numpages = {7},
 url = {http://doi.acm.org/10.1145/2896941.2896957},
 doi = {10.1145/2896941.2896957},
 acmid = {2896957},
 publisher = {ACM},
 address = {New York, NY, USA},
 keywords = {devops, empirical study, job description, release engineer},
}

@article{Collins:1991:MIP:122344.122354,
 author = {Collins, Gregg and Birnbaum, Lawrence and Krulwich, Bruce and Freed, Michael},
 title = {Model-based Integration of Planning and Learning},
 journal = {SIGART Bull.},
 issue_date = {Aug. 1991},
 volume = {2},
 number = {4},
 month = jul,
 year = {1991},
 issn = {0163-5719},
 pages = {56--60},
 numpages = {5},
 url = {http://doi.acm.org/10.1145/122344.122354},
 doi = {10.1145/122344.122354},
 acmid = {122354},
 publisher = {ACM},
 address = {New York, NY, USA},
}

@article{Gass:1981:DMH:358790.358792,
 author = {Gass, Saul I. and Hoffman, Karla L. and Jackson, Richard H. F. and Joel, Lambert S. and Saunders, Patsy B.},
 title = {Documentation for a Model: A Hierarchical Approach},
 journal = {Commun. ACM},
 issue_date = {Nov. 1981},
 volume = {24},
 number = {11},
 month = nov,
 year = {1981},
 issn = {0001-0782},
 pages = {728--733},
 numpages = {6},
 url = {http://doi.acm.org/10.1145/358790.358792},
 doi = {10.1145/358790.358792},
 acmid = {358792},
 publisher = {ACM},
 address = {New York, NY, USA},
 keywords = {model documentation, model evaluation and assessment, policy model utility},
}

@inproceedings{Litman:1986:LCP:981131.981161,
 author = {Litman, Diane J.},
 title = {Linguistic Coherence: A Plan-based Alternative},
 booktitle = {Proceedings of the 24th Annual Meeting on Association for Computational Linguistics},
 series = {ACL '86},
 year = {1986},
 location = {New York, New York},
 pages = {215--223},
 numpages = {9},
 url = {https://doi.org/10.3115/981131.981161},
 doi = {10.3115/981131.981161},
 acmid = {981161},
 publisher = {Association for Computational Linguistics},
 address = {Stroudsburg, PA, USA},
}

@inproceedings{Mirolo:2019:ENP:3304221.3319746,
 author = {Mirolo, Claudio and Izu, Cruz},
 title = {An Exploration of Novice Programmers' Comprehension of Conditionals in Imperative and Functional Programming},
 booktitle = {Proceedings of the 2019 ACM Conference on Innovation and Technology in Computer Science Education},
 series = {ITiCSE '19},
 year = {2019},
 isbn = {978-1-4503-6301-3},
 location = {Aberdeen, Scotland Uk},
 pages = {436--442},
 numpages = {7},
 url = {http://doi.acm.org/10.1145/3304221.3319746},
 doi = {10.1145/3304221.3319746},
 acmid = {3319746},
 publisher = {ACM},
 address = {New York, NY, USA},
 keywords = {cs1, imperative vs. functional programming, program comprehension, reversibility, solo taxonomy},
}

@inproceedings{Bauer:1993:IDS:962289.962292,
 author = {Bauer, Michael A. and Finnigan, Pat J. and Hong, James W. and Pachl, Jan K. and Teorey, Toby J.},
 title = {An Integrated Distributed Systems Management Architecture},
 booktitle = {Proceedings of the 1993 Conference of the Centre for Advanced Studies on Collaborative Research: Software Engineering - Volume 1},
 series = {CASCON '93},
 year = {1993},
 location = {Toronto, Ontario, Canada},
 pages = {27--40},
 numpages = {14},
 url = {http://dl.acm.org/citation.cfm?id=962289.962292},
 acmid = {962292},
 publisher = {IBM Press},
}

@article{Wilcox:1985:RBT:1056313.1056318,
 author = {Wilcox, Bruce},
 title = {Reflections on Building Two Go Programs},
 journal = {SIGART Bull.},
 issue_date = {October 1985},
 number = {94},
 month = oct,
 year = {1985},
 issn = {0163-5719},
 pages = {29--43},
 numpages = {15},
 url = {http://doi.acm.org/10.1145/1056313.1056318},
 doi = {10.1145/1056313.1056318},
 acmid = {1056318},
 publisher = {ACM},
 address = {New York, NY, USA},
}

@article{Couger:1973:CRU:362552.362554,
 author = {Couger, J. Daniel},
 title = {Curriculum Recommendations for Undergraduate Programs in Information Systems},
 journal = {Commun. ACM},
 issue_date = {Dec. 1973},
 volume = {16},
 number = {12},
 month = dec,
 year = {1973},
 issn = {0001-0782},
 pages = {727--749},
 numpages = {23},
 url = {http://doi.acm.org/10.1145/362552.362554},
 doi = {10.1145/362552.362554},
 acmid = {362554},
 publisher = {ACM},
 address = {New York, NY, USA},
 keywords = {education, information analysis, information systems, management systems, systems analysis, systems design, undergraduate curricula},
}

@article{AmericanJournalofComputationalLinguisticsStaff:1981:ACL:972901.972909,
 author = {American Journal of Computational Linguistics Staff},
 title = {Abstracts of Current Literature},
 journal = {Comput. Linguist.},
 issue_date = {July-September 1981},
 volume = {7},
 number = {3},
 month = jul,
 year = {1981},
 issn = {0891-2017},
 pages = {185--208},
 numpages = {24},
 url = {http://dl.acm.org/citation.cfm?id=972901.972909},
 acmid = {972909},
 publisher = {MIT Press},
 address = {Cambridge, MA, USA},
}

@article{Ashenhurst:1972:CRG:355602.361320,
 editor = {Ashenhurst, R. L.},
 title = {Curriculum Recommendations for Graduate Professional Programs in Information Systems},
 journal = {Commun. ACM},
 issue_date = {May 1972},
 volume = {15},
 number = {5},
 month = may,
 year = {1972},
 issn = {0001-0782},
 pages = {363--398},
 numpages = {36},
 url = {http://doi.acm.org/10.1145/355602.361320},
 doi = {10.1145/355602.361320},
 acmid = {361320},
 publisher = {ACM},
 address = {New York, NY, USA},
 keywords = {education, information analysis, information systems development, management information systems, management systems, system design, systems analysis},
}

@techreport{Atchison:1981:ARC:2594496,
 author = {Atchison, William F. and Conte, Samuel D. and Hamblen, John W. and Hull, Thomas E. and Keenan, Thomas A. and Kehl, William B. and McCluskey, Edward J. and Navarro, Silvio O. and Rheinboldt, Werner C. and Schweppe, Earl J. and Viavant, William and Young,Jr., David M.},
 title = {ACM Recommended Curricula for Computer Science and Information Processing Programs in Colleges and Universities, 1968-1981},
 year = {1981},
 isbn = {0-89791-058-3},
 note = {ACM Order No.: 201813},
 publisher = {ACM},
 address = {New York, NY, USA},
}

@techreport{Ashenhurst:1983:ACR:2594501,
 author = {Ashenhurst, R. L.},
 title = {ACM Curricula Recommendations for Information Systems},
 year = {1983},
 isbn = {0-89791 118-0},
 publisher = {ACM},
 address = {New York, NY, USA},
}

