@inproceedings{Wang:1994:DTC:981732.981781,
 author = {Wang, Ye-Yi},
 title = {Dual-coding Theory and Connectionist Lexical Selection},
 booktitle = {Proceedings of the 32Nd Annual Meeting on Association for Computational Linguistics},
 series = {ACL '94},
 year = {1994},
 location = {Las Cruces, New Mexico},
 pages = {325--327},
 numpages = {3},
 url = {https://doi.org/10.3115/981732.981781},
 doi = {10.3115/981732.981781},
 acmid = {981781},
 publisher = {Association for Computational Linguistics},
 address = {Stroudsburg, PA, USA},
}

@inproceedings{Gan:2007:MTV:1599600.1599641,
 author = {Gan, Yongcheng and Scardamalia, Marlene and Hong, Huang-Yao and Zhang, Jianwei},
 title = {Making Thinking Visible: Growth in Graphical Literacy, Grades 3 to 4},
 booktitle = {Proceedings of the 8th Iternational Conference on Computer Supported Collaborative Learning},
 series = {CSCL'07},
 year = {2007},
 isbn = {978-0-6151-5436-7},
 location = {New Brunswick, New Jersey, USA},
 pages = {209--211},
 numpages = {3},
 url = {http://dl.acm.org/citation.cfm?id=1599600.1599641},
 acmid = {1599641},
 publisher = {International Society of the Learning Sciences},
}

@inproceedings{Greenberg:2014:EIT:2567574.2567597,
 author = {Greenberg, Anne K. and Gross, Melissa and Wright, Mary C.},
 title = {Effects of Image-based and Text-based Activities on Student Learning Outcomes},
 booktitle = {Proceedings of the Fourth International Conference on Learning Analytics And Knowledge},
 series = {LAK '14},
 year = {2014},
 isbn = {978-1-4503-2664-3},
 location = {Indianapolis, Indiana, USA},
 pages = {275--276},
 numpages = {2},
 url = {http://doi.acm.org/10.1145/2567574.2567597},
 doi = {10.1145/2567574.2567597},
 acmid = {2567597},
 publisher = {ACM},
 address = {New York, NY, USA},
 keywords = {LectureTools, active learning, assessment, dual coding, visualizer-verbalizer},
}

@inproceedings{Fajardo:2008:BDD:1473018.1473065,
 author = {Fajardo, Inmaculada and Abascal, Julio and Ca\~{n}as, Jos{\'e} Juan},
 title = {Bridging the Digital Divide for Deaf Signer Users},
 booktitle = {Proceedings of the 15th European Conference on Cognitive Ergonomics: The Ergonomics of Cool Interaction},
 series = {ECCE '08},
 year = {2008},
 isbn = {978-1-60558-399-0},
 location = {Funchal, Portugal},
 pages = {37:1--37:6},
 articleno = {37},
 numpages = {6},
 url = {http://doi.acm.org/10.1145/1473018.1473065},
 doi = {10.1145/1473018.1473065},
 acmid = {1473065},
 publisher = {ACM},
 address = {New York, NY, USA},
 keywords = {cognitive processes, deafness, digital divide, linguistic minority, sign language, web information scent},
}

@inproceedings{Rosch:2014:IIB:2637002.2637062,
 author = {R\"{o}sch, Barbara},
 title = {Investigation of Information Behavior in Wikipedia Articles},
 booktitle = {Proceedings of the 5th Information Interaction in Context Symposium},
 series = {IIiX '14},
 year = {2014},
 isbn = {978-1-4503-2976-7},
 location = {Regensburg, Germany},
 pages = {351--353},
 numpages = {3},
 url = {http://doi.acm.org/10.1145/2637002.2637062},
 doi = {10.1145/2637002.2637062},
 acmid = {2637062},
 publisher = {ACM},
 address = {New York, NY, USA},
 keywords = {eye-tracking, information behavior, pictorial information, textual information, wikipedia article},
}

@article{Parker:2006:EML:1181901.1181931,
 author = {Parker, Brenda and Mitchell, Ian},
 title = {Effective Methods for Learning: A Study in Visualization},
 journal = {J. Comput. Sci. Coll.},
 issue_date = {December 2006},
 volume = {22},
 number = {2},
 month = dec,
 year = {2006},
 issn = {1937-4771},
 pages = {176--182},
 numpages = {7},
 url = {http://dl.acm.org/citation.cfm?id=1181901.1181931},
 acmid = {1181931},
 publisher = {Consortium for Computing Sciences in Colleges},
 address = {USA},
}

@inproceedings{Luchian:2011:DEV:2079216.2079279,
 author = {Luchian, Eric},
 title = {Develop and Evaluate Visual Analogies to Support Insight and Creative Problem Solving},
 booktitle = {Procedings of the Second Conference on Creativity and Innovation in Design},
 series = {DESIRE '11},
 year = {2011},
 isbn = {978-1-4503-0754-3},
 location = {Eindhoven, Netherlands},
 pages = {433--434},
 numpages = {2},
 url = {http://doi.acm.org/10.1145/2079216.2079279},
 doi = {10.1145/2079216.2079279},
 acmid = {2079279},
 publisher = {ACM},
 address = {New York, NY, USA},
 keywords = {discrete and continuous animation, embodied cognition theory, image schemata, problem solving, realism, visual analogies, visual insight},
}

@article{Abdullah:2009:MAC:1651259.1651260,
 author = {Abdullah, Muhammad Haziq Lim and Hisham, Syariffanor and Parumo, Shahril},
 title = {MyLexics: An Assistive Courseware for Dyslexic Children to Learn Basic Malay Language},
 journal = {SIGACCESS Access. Comput.},
 issue_date = {September 2009},
 number = {95},
 month = sep,
 year = {2009},
 issn = {1558-2337},
 pages = {3--9},
 numpages = {7},
 url = {http://doi.acm.org/10.1145/1651259.1651260},
 doi = {10.1145/1651259.1651260},
 acmid = {1651260},
 publisher = {ACM},
 address = {New York, NY, USA},
}

@inproceedings{Krejtz:2012:MLA:2338676.2338694,
 author = {Krejtz, Krzysztof and Krejtz, Izabela and Duchowski, Andrew and Szarkowska, Agnieszka and Walczak, Agnieszka},
 title = {Multimodal Learning with Audio Description: An Eye Tracking Study of Children's Gaze During a Visual Recognition Task},
 booktitle = {Proceedings of the ACM Symposium on Applied Perception},
 series = {SAP '12},
 year = {2012},
 isbn = {978-1-4503-1431-2},
 location = {Los Angeles, California},
 pages = {83--90},
 numpages = {8},
 url = {http://doi.acm.org/10.1145/2338676.2338694},
 doi = {10.1145/2338676.2338694},
 acmid = {2338694},
 publisher = {ACM},
 address = {New York, NY, USA},
 keywords = {auditory: perceptual research, eye tracking, multisensory perception and integration, visual search},
}

@inproceedings{Kidwai:2010:WRE:1854360.1854460,
 author = {Kidwai, Khusro},
 title = {A Web-based Reading Environment Designed to Fundamentally Extend Readers' Interaction with Informational Texts},
 booktitle = {Proceedings of the 9th International Conference of the Learning Sciences - Volume 1},
 series = {ICLS '10},
 year = {2010},
 location = {Chicago, Illinois},
 pages = {778--785},
 numpages = {8},
 url = {http://dl.acm.org/citation.cfm?id=1854360.1854460},
 acmid = {1854460},
 publisher = {International Society of the Learning Sciences},
}

@inproceedings{Rias:2013:LEV:2448556.2448583,
 author = {Rias, Riaza Mohd and Zaman, Halimah B.},
 title = {Looking at the Effects of Various Multimedia Approach in Student Learning: A Case Study},
 booktitle = {Proceedings of the 7th International Conference on Ubiquitous Information Management and Communication},
 series = {ICUIMC '13},
 year = {2013},
 isbn = {978-1-4503-1958-4},
 location = {Kota Kinabalu, Malaysia},
 pages = {27:1--27:5},
 articleno = {27},
 numpages = {5},
 url = {http://doi.acm.org/10.1145/2448556.2448583},
 doi = {10.1145/2448556.2448583},
 acmid = {2448583},
 publisher = {ACM},
 address = {New York, NY, USA},
 keywords = {learning, multimedia, recall, transfer of knowledge},
}

@inproceedings{Moebs:2008:LLU:1459359.1459567,
 author = {Moebs, Sabine A.},
 title = {A Learner, is a Learner, is a User, is a Customer: QoS-based Experience-aware Adaptation},
 booktitle = {Proceedings of the 16th ACM International Conference on Multimedia},
 series = {MM '08},
 year = {2008},
 isbn = {978-1-60558-303-7},
 location = {Vancouver, British Columbia, Canada},
 pages = {1035--1038},
 numpages = {4},
 url = {http://doi.acm.org/10.1145/1459359.1459567},
 doi = {10.1145/1459359.1459567},
 acmid = {1459567},
 publisher = {ACM},
 address = {New York, NY, USA},
 keywords = {flow, learning, qoe, qos},
}

@inproceedings{Tiellet:2010:HHE:1810617.1810692,
 author = {Tiellet, Claudio A.B. and Pereira, Andr{\'e} Grahl and Reategui, Eliseo Berni and Lima, Jos{\'e} Valdeni and Chambel, Teresa},
 title = {HVet: A Hypervideo Environment to Support Veterinary Surgery Learning},
 booktitle = {Proceedings of the 21st ACM Conference on Hypertext and Hypermedia},
 series = {HT '10},
 year = {2010},
 isbn = {978-1-4503-0041-4},
 location = {Toronto, Ontario, Canada},
 pages = {313--314},
 numpages = {2},
 url = {http://doi.acm.org/10.1145/1810617.1810692},
 doi = {10.1145/1810617.1810692},
 acmid = {1810692},
 publisher = {ACM},
 address = {New York, NY, USA},
 keywords = {design, high education, hypervideo, surgery, veterinary},
}

@inproceedings{Demetriadis:2003:PSS:961511.961562,
 author = {Demetriadis, Stavros and Triantfillou, Evangelos and Pombortsis, Andreas},
 title = {A Phenomenographic Study of Students' Attitudes Toward the Use of Multiple Media for Learning},
 booktitle = {Proceedings of the 8th Annual Conference on Innovation and Technology in Computer Science Education},
 series = {ITiCSE '03},
 year = {2003},
 isbn = {1-58113-672-2},
 location = {Thessaloniki, Greece},
 pages = {183--187},
 numpages = {5},
 url = {http://doi.acm.org/10.1145/961511.961562},
 doi = {10.1145/961511.961562},
 acmid = {961562},
 publisher = {ACM},
 address = {New York, NY, USA},
 keywords = {learning styles, multimedia learning, students' attitudes},
}

@article{Demetriadis:2003:PSS:961290.961562,
 author = {Demetriadis, Stavros and Triantfillou, Evangelos and Pombortsis, Andreas},
 title = {A Phenomenographic Study of Students' Attitudes Toward the Use of Multiple Media for Learning},
 journal = {SIGCSE Bull.},
 issue_date = {September 2003},
 volume = {35},
 number = {3},
 month = jun,
 year = {2003},
 issn = {0097-8418},
 pages = {183--187},
 numpages = {5},
 url = {http://doi.acm.org/10.1145/961290.961562},
 doi = {10.1145/961290.961562},
 acmid = {961562},
 publisher = {ACM},
 address = {New York, NY, USA},
 keywords = {learning styles, multimedia learning, students' attitudes},
}

@inproceedings{Whitney:2019:COC:3287324.3287347,
 author = {Whitney, Michael and Dallas, Bryan},
 title = {Captioning Online Course Videos: An Investigation into Knowledge Retention and Student Perception},
 booktitle = {Proceedings of the 50th ACM Technical Symposium on Computer Science Education},
 series = {SIGCSE '19},
 year = {2019},
 isbn = {978-1-4503-5890-3},
 location = {Minneapolis, MN, USA},
 pages = {511--517},
 numpages = {7},
 url = {http://doi.acm.org/10.1145/3287324.3287347},
 doi = {10.1145/3287324.3287347},
 acmid = {3287347},
 publisher = {ACM},
 address = {New York, NY, USA},
 keywords = {captions, computing education, online instruction, subtitles},
}

@inproceedings{Vazquez:2017:SLL:3027063.3053098,
 author = {Vazquez, Christian David and Nyati, Afika Ayanda and Luh, Alexander and Fu, Megan and Aikawa, Takako and Maes, Pattie},
 title = {Serendipitous Language Learning in Mixed Reality},
 booktitle = {Proceedings of the 2017 CHI Conference Extended Abstracts on Human Factors in Computing Systems},
 series = {CHI EA '17},
 year = {2017},
 isbn = {978-1-4503-4656-6},
 location = {Denver, Colorado, USA},
 pages = {2172--2179},
 numpages = {8},
 url = {http://doi.acm.org/10.1145/3027063.3053098},
 doi = {10.1145/3027063.3053098},
 acmid = {3053098},
 publisher = {ACM},
 address = {New York, NY, USA},
 keywords = {augmented reality, computer vision, language learning, mixed reality, serendipitous learning, situated learning},
}

@inproceedings{Josephson:2006:CCO:1117309.1117361,
 author = {Josephson, Sheree and Holmes, Michael E.},
 title = {Clutter or Content?: How On-screen Enhancements Affect How TV Viewers Scan and What They Learn},
 booktitle = {Proceedings of the 2006 Symposium on Eye Tracking Research \&Amp; Applications},
 series = {ETRA '06},
 year = {2006},
 isbn = {1-59593-305-0},
 location = {San Diego, California},
 pages = {155--162},
 numpages = {8},
 url = {http://doi.acm.org/10.1145/1117309.1117361},
 doi = {10.1145/1117309.1117361},
 acmid = {1117361},
 publisher = {ACM},
 address = {New York, NY, USA},
 keywords = {design, eye tracking, eye-path comparison, recall, television, visual attention},
}

@inproceedings{Holmes:2012:VAT:2168556.2168646,
 author = {Holmes, Michael E. and Josephson, Sheree and Carney, Ryan E.},
 title = {Visual Attention to Television Programs with a Second-screen Application},
 booktitle = {Proceedings of the Symposium on Eye Tracking Research and Applications},
 series = {ETRA '12},
 year = {2012},
 isbn = {978-1-4503-1221-9},
 location = {Santa Barbara, California},
 pages = {397--400},
 numpages = {4},
 url = {http://doi.acm.org/10.1145/2168556.2168646},
 doi = {10.1145/2168556.2168646},
 acmid = {2168646},
 publisher = {ACM},
 address = {New York, NY, USA},
 keywords = {dual screen, eye movement, eye tracking, interactive television, multiple screen, second-screen application, television, visual attention},
}

@inproceedings{Cao:2009:MEC:1502650.1502697,
 author = {Cao, Yujia and Theune, Mari\"{e}t and Nijholt, Anton},
 title = {Modality Effects on Cognitive Load and Performance in High-load Information Presentation},
 booktitle = {Proceedings of the 14th International Conference on Intelligent User Interfaces},
 series = {IUI '09},
 year = {2009},
 isbn = {978-1-60558-168-2},
 location = {Sanibel Island, Florida, USA},
 pages = {335--344},
 numpages = {10},
 url = {http://doi.acm.org/10.1145/1502650.1502697},
 doi = {10.1145/1502650.1502697},
 acmid = {1502697},
 publisher = {ACM},
 address = {New York, NY, USA},
 keywords = {cognitive load, heart rate variability, high-load information presentation, modality effect, performance},
}

@inproceedings{Song:2010:TTR:1753846.1753897,
 author = {Song, Minyoung},
 title = {TAVR: Temporal-aural-visual Representation for Representing Imperceptible Spatial Information},
 booktitle = {CHI '10 Extended Abstracts on Human Factors in Computing Systems},
 series = {CHI EA '10},
 year = {2010},
 isbn = {978-1-60558-930-5},
 location = {Atlanta, Georgia, USA},
 pages = {2967--2970},
 numpages = {4},
 url = {http://doi.acm.org/10.1145/1753846.1753897},
 doi = {10.1145/1753846.1753897},
 acmid = {1753897},
 publisher = {ACM},
 address = {New York, NY, USA},
 keywords = {learning technologies, multimedia tools, multimodal representations, temporal modality},
}

@inproceedings{vanDoorn:2000:PMD:336597.336610,
 author = {van Doorn, Mark G. L. M. and de Vries, Arjen P.},
 title = {The Psychology of Multimedia Databases},
 booktitle = {Proceedings of the Fifth ACM Conference on Digital Libraries},
 series = {DL '00},
 year = {2000},
 isbn = {1-58113-231-X},
 location = {San Antonio, Texas, USA},
 pages = {1--9},
 numpages = {9},
 url = {http://doi.acm.org/10.1145/336597.336610},
 doi = {10.1145/336597.336610},
 acmid = {336610},
 publisher = {ACM},
 address = {New York, NY, USA},
 keywords = {Marr's theory of perception, Paivio's dual coding theory, cognitive psychology and information retrieval, user and domain knowledge in query formulation},
}

@inproceedings{Schneider:2012:DTA:2396636.2396681,
 author = {Schneider, Bertrand},
 title = {Designing Tabletop Activities for Inquiry-based Learning: Lessons from Phylogenetics, Neuroscience and Logistics},
 booktitle = {Proceedings of the 2012 ACM International Conference on Interactive Tabletops and Surfaces},
 series = {ITS '12},
 year = {2012},
 isbn = {978-1-4503-1209-7},
 location = {Cambridge, Massachusetts, USA},
 pages = {289--294},
 numpages = {6},
 url = {http://doi.acm.org/10.1145/2396636.2396681},
 doi = {10.1145/2396636.2396681},
 acmid = {2396681},
 publisher = {ACM},
 address = {New York, NY, USA},
 keywords = {collaborative learning, tabletops},
}

@inproceedings{Wiggins:1998:OPV:275295.275358,
 author = {Wiggins, Melissa},
 title = {An Overview of Program Visualization Tools and Systems},
 booktitle = {Proceedings of the 36th Annual Southeast Regional Conference},
 series = {ACM-SE 36},
 year = {1998},
 isbn = {1-58113-030-9},
 pages = {194--200},
 numpages = {7},
 url = {http://doi.acm.org/10.1145/275295.275358},
 doi = {10.1145/275295.275358},
 acmid = {275358},
 publisher = {ACM},
 address = {New York, NY, USA},
}

@inproceedings{Leventhal:2001:DII:564526.564540,
 author = {Leventhal, Laura},
 title = {Delivering Instructions for Inherently-3D Construction Tasks: Lessons and Questions for Universal Accessibility},
 booktitle = {Proceedings of the 2001 EC/NSF Workshop on Universal Accessibility of Ubiquitous Computing: Providing for the Elderly},
 series = {WUAUC'01},
 year = {2001},
 isbn = {1-58113-424-X},
 location = {Alc\&aacute;cer do Sal, Portugal},
 pages = {51--55},
 numpages = {5},
 url = {http://doi.acm.org/10.1145/564526.564540},
 doi = {10.1145/564526.564540},
 acmid = {564540},
 publisher = {ACM},
 address = {New York, NY, USA},
 keywords = {dual presentations, inherently-3D construction tasks, multiple representations, user-centered design, user-controlled 3D models, virtual reality},
}

@inproceedings{Lee:2010:ICA:1822090.1822172,
 author = {Lee, Ming-Han and R\"{o}\ssling, Guido},
 title = {Integrating Categories of Algorithm Learning Objective into Algorithm Visualization Design: A Proposal},
 booktitle = {Proceedings of the Fifteenth Annual Conference on Innovation and Technology in Computer Science Education},
 series = {ITiCSE '10},
 year = {2010},
 isbn = {978-1-60558-820-9},
 location = {Bilkent, Ankara, Turkey},
 pages = {289--293},
 numpages = {5},
 url = {http://doi.acm.org/10.1145/1822090.1822172},
 doi = {10.1145/1822090.1822172},
 acmid = {1822172},
 publisher = {ACM},
 address = {New York, NY, USA},
 keywords = {AV design, CALO, algorithm visualization, computer science education, learning objective},
}

@inproceedings{Belk:2019:FSS:3290607.3312951,
 author = {Belk, Marios and Fidas, Christos and Pitsillides, Andreas},
 title = {FlexPass: Symbiosis of Seamless User Authentication Schemes in IoT},
 booktitle = {Extended Abstracts of the 2019 CHI Conference on Human Factors in Computing Systems},
 series = {CHI EA '19},
 year = {2019},
 isbn = {978-1-4503-5971-9},
 location = {Glasgow, Scotland Uk},
 pages = {LBW2318:1--LBW2318:6},
 articleno = {LBW2318},
 numpages = {6},
 url = {http://doi.acm.org/10.1145/3290607.3312951},
 doi = {10.1145/3290607.3312951},
 acmid = {3312951},
 publisher = {ACM},
 address = {New York, NY, USA},
 keywords = {feasibility study, graphical passwords, internet of things, knowledge-based user authentication, textual passwords},
}

@inproceedings{Damo:2019:ISA:3306500.3306562,
 author = {Damo, Karina L. and Prudente, Maricar S.},
 title = {Investigating Students' Attitude and Achievement in Organic Chemistry Using Interactive Application},
 booktitle = {Proceedings of the 10th International Conference on E-Education, E-Business, E-Management and E-Learning},
 series = {IC4E '19},
 year = {2019},
 isbn = {978-1-4503-6602-1},
 location = {Tokyo, Japan},
 pages = {36--41},
 numpages = {6},
 url = {http://doi.acm.org/10.1145/3306500.3306562},
 doi = {10.1145/3306500.3306562},
 acmid = {3306562},
 publisher = {ACM},
 address = {New York, NY, USA},
 keywords = {action research, attitude, interactive application, organic chemistry},
}

@inproceedings{Prangsma:2008:HLT:1599871.1599899,
 author = {Prangsma, Maaike E. and Van Boxtel, Carla A. M. and Kanselaar, Gellof and Kirschner, Paul A.},
 title = {History Learning with Textual or Visual Tasks: Student Dialogue},
 booktitle = {Proceedings of the 8th International Conference on International Conference for the Learning Sciences - Volume 2},
 series = {ICLS'08},
 year = {2008},
 location = {Utrecht, The Netherlands},
 pages = {221--228},
 numpages = {8},
 url = {http://dl.acm.org/citation.cfm?id=1599871.1599899},
 acmid = {1599899},
 publisher = {International Society of the Learning Sciences},
}

@inproceedings{Bergner:2018:DMC:3202185.3210774,
 author = {Bergner, Yoav and Chen, Ofer},
 title = {Deep Making: Curricular Modules for Transferable Content-knowledge and Scientific Literacy in Makerspaces and FabLabs},
 booktitle = {Proceedings of the 17th ACM Conference on Interaction Design and Children},
 series = {IDC '18},
 year = {2018},
 isbn = {978-1-4503-5152-2},
 location = {Trondheim, Norway},
 pages = {551--556},
 numpages = {6},
 url = {http://doi.acm.org/10.1145/3202185.3210774},
 doi = {10.1145/3202185.3210774},
 acmid = {3210774},
 publisher = {ACM},
 address = {New York, NY, USA},
 keywords = {constructionism, curriculum design, fablabs, makerspaces, scientific literacy, technological literacy},
}

@inproceedings{Volta:2018:EMI:3212721.3212849,
 author = {Volta, Erica and Volpe, Gualtiero},
 title = {Exploiting Multimodal Integration in Adaptive Interactive Systems and Game-based Learning Interfaces},
 booktitle = {Proceedings of the 5th International Conference on Movement and Computing},
 series = {MOCO '18},
 year = {2018},
 isbn = {978-1-4503-6504-8},
 location = {Genoa, Italy},
 pages = {30:1--30:4},
 articleno = {30},
 numpages = {4},
 url = {http://doi.acm.org/10.1145/3212721.3212849},
 doi = {10.1145/3212721.3212849},
 acmid = {3212849},
 publisher = {ACM},
 address = {New York, NY, USA},
 keywords = {Movement Analysis, Multimodal Interactive Systems, Multimodal Technologies, Multisensory learning, Multisensory perception, Music Learning, Perceptual learning, Serious games, Sonification},
}

@inproceedings{Roy:2004:SAH:1026533.1026543,
 author = {Roy, Debopriyo},
 title = {A Self-paced Approach to Hypermedia Design for Patient Education},
 booktitle = {Proceedings of the 22Nd Annual International Conference on Design of Communication: The Engineering of Quality Documentation},
 series = {SIGDOC '04},
 year = {2004},
 isbn = {1-58113-809-1},
 location = {Memphis, Tennessee, USA},
 pages = {27--32},
 numpages = {6},
 url = {http://doi.acm.org/10.1145/1026533.1026543},
 doi = {10.1145/1026533.1026543},
 acmid = {1026543},
 publisher = {ACM},
 address = {New York, NY, USA},
 keywords = {activity theory, conversational design, design, modality effect, self-paced system, situated action},
}

@inproceedings{Ellis:2009:MPS:1738826.1738843,
 author = {Ellis, Kirsten},
 title = {Multimedia for Primary School Children Learning Sign Language},
 booktitle = {Proceedings of the 21st Annual Conference of the Australian Computer-Human Interaction Special Interest Group: Design: Open 24/7},
 series = {OZCHI '09},
 year = {2009},
 isbn = {978-1-60558-854-4},
 location = {Melbourne, Australia},
 pages = {97--104},
 numpages = {8},
 url = {http://doi.acm.org/10.1145/1738826.1738843},
 doi = {10.1145/1738826.1738843},
 acmid = {1738843},
 publisher = {ACM},
 address = {New York, NY, USA},
 keywords = {children, interaction, sign language, user preferences},
}

@inproceedings{Florax:2010:IPF:1854360.1854363,
 author = {Florax, Mareike and Ploetzner, Rolf},
 title = {The Influence of Presentation Format and Subject Complexity on Learning from Illustrated Texts in Biology},
 booktitle = {Proceedings of the 9th International Conference of the Learning Sciences - Volume 1},
 series = {ICLS '10},
 year = {2010},
 location = {Chicago, Illinois},
 pages = {17--24},
 numpages = {8},
 url = {http://dl.acm.org/citation.cfm?id=1854360.1854363},
 acmid = {1854363},
 publisher = {International Society of the Learning Sciences},
}

@article{Dori:2008:WPD:1342327.1342337,
 author = {Dori, Dov},
 title = {Words from Pictures for Dual-channel Processing},
 journal = {Commun. ACM},
 issue_date = {May 2008},
 volume = {51},
 number = {5},
 month = may,
 year = {2008},
 issn = {0001-0782},
 pages = {47--52},
 numpages = {6},
 url = {http://doi.acm.org/10.1145/1342327.1342337},
 doi = {10.1145/1342327.1342337},
 acmid = {1342337},
 publisher = {ACM},
 address = {New York, NY, USA},
}

@inproceedings{Widjaja:2017:MGW:3168390.3168444,
 author = {Widjaja, Ken and Sutopo, Hadi},
 title = {Multimedia-Based Global Warming Interactive Application for Elementary School Students},
 booktitle = {Proceedings of the 2017 International Conference on Computer Science and Artificial Intelligence},
 series = {CSAI 2017},
 year = {2017},
 isbn = {978-1-4503-5392-2},
 location = {Jakarta, Indonesia},
 pages = {158--163},
 numpages = {6},
 url = {http://doi.acm.org/10.1145/3168390.3168444},
 doi = {10.1145/3168390.3168444},
 acmid = {3168444},
 publisher = {ACM},
 address = {New York, NY, USA},
 keywords = {MDLC, application, global warming, interactive, multimedia},
}

@inproceedings{Melo:2014:AMD:2643604.2643605,
 author = {Melo, M\'{a}rio and Miranda, Guilhermina Lobato},
 title = {Applying the 4C-ID Model to the Design of a Digital Educational Resource for Teaching Electric Circuits: Effects on Student Achievement},
 booktitle = {Proceedings of the 2014 Workshop on Interaction Design in Educational Environments},
 series = {IDEE '14},
 year = {2014},
 isbn = {978-1-4503-3034-3},
 location = {Albacete, Spain},
 pages = {8:8--8:14},
 articleno = {8},
 numpages = {7},
 url = {http://doi.acm.org/10.1145/2643604.2643605},
 doi = {10.1145/2643604.2643605},
 acmid = {2643605},
 publisher = {ACM},
 address = {New York, NY, USA},
 keywords = {4C-ID model, Digital educational resources, Electric circuits, Instructional design \& technology, Learning environments, Multimedia educational messages},
}

@inproceedings{Singapogu:2009:HVM:1566445.1566547,
 author = {Singapogu, Ravikiran B. and Burg, Timothy C.},
 title = {Haptic Virtual Manipulatives for Enhancing K-12 Special Education},
 booktitle = {Proceedings of the 47th Annual Southeast Regional Conference},
 series = {ACM-SE 47},
 year = {2009},
 isbn = {978-1-60558-421-8},
 location = {Clemson, South Carolina},
 pages = {77:1--77:4},
 articleno = {77},
 numpages = {4},
 url = {http://doi.acm.org/10.1145/1566445.1566547},
 doi = {10.1145/1566445.1566547},
 acmid = {1566547},
 publisher = {ACM},
 address = {New York, NY, USA},
 keywords = {haptics, learning, multimodal interaction, virtual objects},
}

@inproceedings{Min:2018:LFI:3272973.3274085,
 author = {Min, Semi and Levina, Natalia},
 title = {Linguistic Features of Identifiable Victim Effect in Microlending},
 booktitle = {Companion of the 2018 ACM Conference on Computer Supported Cooperative Work and Social Computing},
 series = {CSCW '18},
 year = {2018},
 isbn = {978-1-4503-6018-0},
 location = {Jersey City, NJ, USA},
 pages = {313--316},
 numpages = {4},
 url = {http://doi.acm.org/10.1145/3272973.3274085},
 doi = {10.1145/3272973.3274085},
 acmid = {3274085},
 publisher = {ACM},
 address = {New York, NY, USA},
 keywords = {microlending, prosocial behavior, textual analysis},
}

@inproceedings{Song:2010:TTR:1753846.1754087,
 author = {Song, Minyoung and Quintana, Chris},
 title = {TAVR: Temporal-aural-visual Representation to Convey Imperceptible Spatial Information},
 booktitle = {CHI '10 Extended Abstracts on Human Factors in Computing Systems},
 series = {CHI EA '10},
 year = {2010},
 isbn = {978-1-60558-930-5},
 location = {Atlanta, Georgia, USA},
 pages = {3967--3972},
 numpages = {6},
 url = {http://doi.acm.org/10.1145/1753846.1754087},
 doi = {10.1145/1753846.1754087},
 acmid = {1754087},
 publisher = {ACM},
 address = {New York, NY, USA},
 keywords = {learning technologies, multimedia tools, multimodal simulations, temporal representations},
}

@inproceedings{Song:2009:WMS:1520340.1520723,
 author = {Song, Minyoung and Quintana, Chris},
 title = {WIIS: Multimodal Simulation for Exploring the World Beyond Visual Sense},
 booktitle = {CHI '09 Extended Abstracts on Human Factors in Computing Systems},
 series = {CHI EA '09},
 year = {2009},
 isbn = {978-1-60558-247-4},
 location = {Boston, MA, USA},
 pages = {4699--4704},
 numpages = {6},
 url = {http://doi.acm.org/10.1145/1520340.1520723},
 doi = {10.1145/1520340.1520723},
 acmid = {1520723},
 publisher = {ACM},
 address = {New York, NY, USA},
 keywords = {learning technologies, multimodal representations, simulations},
}

@inproceedings{Cramer:2015:BMT:2677199.2680566,
 author = {Cramer, Emily S. and Antle, Alissa N.},
 title = {Button Matrix: How Tangible Interfaces Can Structure Physical Experiences for Learning},
 booktitle = {Proceedings of the Ninth International Conference on Tangible, Embedded, and Embodied Interaction},
 series = {TEI '15},
 year = {2015},
 isbn = {978-1-4503-3305-4},
 location = {Stanford, California, USA},
 pages = {301--304},
 numpages = {4},
 url = {http://doi.acm.org/10.1145/2677199.2680566},
 doi = {10.1145/2677199.2680566},
 acmid = {2680566},
 publisher = {ACM},
 address = {New York, NY, USA},
 keywords = {children, embodiment, learning technology, mathematics},
}

@inproceedings{Tanaka:2013:ECC:2433396.2433455,
 author = {Tanaka, Shinya and Jatowt, Adam and Kato, Makoto P. and Tanaka, Katsumi},
 title = {Estimating Content Concreteness for Finding Comprehensible Documents},
 booktitle = {Proceedings of the Sixth ACM International Conference on Web Search and Data Mining},
 series = {WSDM '13},
 year = {2013},
 isbn = {978-1-4503-1869-3},
 location = {Rome, Italy},
 pages = {475--484},
 numpages = {10},
 url = {http://doi.acm.org/10.1145/2433396.2433455},
 doi = {10.1145/2433396.2433455},
 acmid = {2433455},
 publisher = {ACM},
 address = {New York, NY, USA},
 keywords = {abstractness, comprehensibility, concreteness, information retrieval, readability},
}

@inproceedings{Hamid:2017:IDA:3077343.3107577,
 author = {Hamid, Siti Suhaila Abdul and Admodisastro, Novia and Kamaruddin, Azrina and Manshor, Noridayu and Ghani, Abdul Azim Abdul},
 title = {Informing Design of an Adaptive Learning Model for Student with Dyslexia: A Preliminary Study},
 booktitle = {Proceedings of the 3rd International Conference on Human-Computer Interaction and User Experience in Indonesia},
 series = {CHIuXiD '17},
 year = {2017},
 isbn = {978-1-4503-5212-3},
 location = {Jakarta, Indonesia},
 pages = {67--75},
 numpages = {9},
 url = {http://doi.acm.org/10.1145/3077343.3107577},
 doi = {10.1145/3077343.3107577},
 acmid = {3107577},
 publisher = {ACM},
 address = {New York, NY, USA},
 keywords = {Dyslexia, adaptive learning model, derived rules, learning approach},
}

@incollection{Kopp:2017:UCM:3015783.3015791,
 author = {Kopp, Stefan and Bergmann, Kirsten},
 chapter = {Using Cognitive Models to Understand Multimodal Processes: The Case for Speech and Gesture Production},
 title = {The Handbook of Multimodal-Multisensor Interfaces},
 editor = {Oviatt, Sharon and Schuller, Bj\"{o}rn and Cohen, Philip R. and Sonntag, Daniel and Potamianos, Gerasimos and Kr\"{u}ger, Antonio},
 year = {2017},
 isbn = {978-1-97000-167-9},
 pages = {239--276},
 numpages = {38},
 url = {https://doi.org/10.1145/3015783.3015791},
 doi = {10.1145/3015783.3015791},
 acmid = {3015791},
 publisher = {Association for Computing Machinery and Morgan \&\#38; Claypool},
 address = {New York, NY, USA},
}

@inproceedings{Matsuura:2017:PLS:3022227.3022293,
 author = {Matsuura, Kenji and Karungaru, Stephen and Gotoda, Naka},
 title = {Physical Learning Support Using a Smartphone with Image Processing Technologies},
 booktitle = {Proceedings of the 11th International Conference on Ubiquitous Information Management and Communication},
 series = {IMCOM '17},
 year = {2017},
 isbn = {978-1-4503-4888-1},
 location = {Beppu, Japan},
 pages = {67:1--67:5},
 articleno = {67},
 numpages = {5},
 url = {http://doi.acm.org/10.1145/3022227.3022293},
 doi = {10.1145/3022227.3022293},
 acmid = {3022293},
 publisher = {ACM},
 address = {New York, NY, USA},
 keywords = {image processing, learning support, motor skill, smartphone},
}

@inproceedings{Sun:2015:PMA:2785830.2785880,
 author = {Sun, Huiping and Wang, Ke and Li, Xu and Qin, Nan and Chen, Zhong},
 title = {PassApp: My App is My Password!},
 booktitle = {Proceedings of the 17th International Conference on Human-Computer Interaction with Mobile Devices and Services},
 series = {MobileHCI '15},
 year = {2015},
 isbn = {978-1-4503-3652-9},
 location = {Copenhagen, Denmark},
 pages = {306--315},
 numpages = {10},
 url = {http://doi.acm.org/10.1145/2785830.2785880},
 doi = {10.1145/2785830.2785880},
 acmid = {2785880},
 publisher = {ACM},
 address = {New York, NY, USA},
 keywords = {PassApp, graphic password, installed app, shoulder surfing},
}

@inproceedings{Baecker:2002:SIT:584955.584957,
 author = {Baecker, Ron},
 title = {Showing Instead of Telling},
 booktitle = {Proceedings of the 20th Annual International Conference on Computer Documentation},
 series = {SIGDOC '02},
 year = {2002},
 isbn = {1-58113-543-2},
 location = {Toronto, Ontario, Canada},
 pages = {10--16},
 numpages = {7},
 url = {http://doi.acm.org/10.1145/584955.584957},
 doi = {10.1145/584955.584957},
 acmid = {584957},
 publisher = {ACM},
 address = {New York, NY, USA},
 keywords = {animated icons, animation, digital video, movies, screen capture, screen linking, software visualization, streaming},
}

@inproceedings{Liu:2017:NBL:3134847.3134849,
 author = {Liu, Tingting and Chen, Zengzhao and Lesgold, Alan M. and Feng, Xiaochao and Wang, Cong},
 title = {Novelty Blended Learning Pattern and Its Application in English Language Teaching},
 booktitle = {Proceedings of the International Conference on Digital Technology in Education},
 series = {ICDTE '17},
 year = {2017},
 isbn = {978-1-4503-5283-3},
 location = {Taipei, Taiwan},
 pages = {7--12},
 numpages = {6},
 url = {http://doi.acm.org/10.1145/3134847.3134849},
 doi = {10.1145/3134847.3134849},
 acmid = {3134849},
 publisher = {ACM},
 address = {New York, NY, USA},
 keywords = {Blended learning pattern, Computer-assisted teaching system, English language teaching},
}

@inproceedings{Razali:2007:CUF:1353673.1353680,
 author = {Razali, Rozilawati and Snook, Colin F. and Poppleton, Michael R.},
 title = {Comprehensibility of UML-based Formal Model: A Series of Controlled Experiments},
 booktitle = {Proceedings of the 1st ACM International Workshop on Empirical Assessment of Software Engineering Languages and Technologies: Held in Conjunction with the 22Nd IEEE/ACM International Conference on Automated Software Engineering (ASE) 2007},
 series = {WEASELTech '07},
 year = {2007},
 isbn = {978-1-59593-880-0},
 location = {Atlanta, Georgia},
 pages = {25--30},
 numpages = {6},
 url = {http://doi.acm.org/10.1145/1353673.1353680},
 doi = {10.1145/1353673.1353680},
 acmid = {1353680},
 publisher = {ACM},
 address = {New York, NY, USA},
 keywords = {empirical assessment, notation comprehensibility, semi-formal and formal notations},
}

@inproceedings{Kumar:2015:EVL:2676723.2677301,
 author = {Kumar, Amruth N.},
 title = {The Effectiveness of Visualization for Learning Expression Evaluation},
 booktitle = {Proceedings of the 46th ACM Technical Symposium on Computer Science Education},
 series = {SIGCSE '15},
 year = {2015},
 isbn = {978-1-4503-2966-8},
 location = {Kansas City, Missouri, USA},
 pages = {362--367},
 numpages = {6},
 url = {http://doi.acm.org/10.1145/2676723.2677301},
 doi = {10.1145/2676723.2677301},
 acmid = {2677301},
 publisher = {ACM},
 address = {New York, NY, USA},
 keywords = {evaluation, visualization},
}

@inproceedings{Kumar:2016:EVL:2899415.2899427,
 author = {Kumar, Amruth N.},
 title = {The Effectiveness of Visualization for Learning Expression Evaluation: A Reproducibility Study},
 booktitle = {Proceedings of the 2016 ACM Conference on Innovation and Technology in Computer Science Education},
 series = {ITiCSE '16},
 year = {2016},
 isbn = {978-1-4503-4231-5},
 location = {Arequipa, Peru},
 pages = {192--197},
 numpages = {6},
 url = {http://doi.acm.org/10.1145/2899415.2899427},
 doi = {10.1145/2899415.2899427},
 acmid = {2899427},
 publisher = {ACM},
 address = {New York, NY, USA},
 keywords = {evaluation, reproducibility, visualization},
}

@article{Bower:2006:VCP:1124706.1121390,
 author = {Bower, Matt},
 title = {Virtual Classroom Pedagogy},
 journal = {SIGCSE Bull.},
 issue_date = {March 2006},
 volume = {38},
 number = {1},
 month = mar,
 year = {2006},
 issn = {0097-8418},
 pages = {148--152},
 numpages = {5},
 url = {http://doi.acm.org/10.1145/1124706.1121390},
 doi = {10.1145/1124706.1121390},
 acmid = {1121390},
 publisher = {ACM},
 address = {New York, NY, USA},
 keywords = {online learning, pedagogy, virtual classroom},
}

@inproceedings{Bower:2006:VCP:1121341.1121390,
 author = {Bower, Matt},
 title = {Virtual Classroom Pedagogy},
 booktitle = {Proceedings of the 37th SIGCSE Technical Symposium on Computer Science Education},
 series = {SIGCSE '06},
 year = {2006},
 isbn = {1-59593-259-3},
 location = {Houston, Texas, USA},
 pages = {148--152},
 numpages = {5},
 url = {http://doi.acm.org/10.1145/1121341.1121390},
 doi = {10.1145/1121341.1121390},
 acmid = {1121390},
 publisher = {ACM},
 address = {New York, NY, USA},
 keywords = {online learning, pedagogy, virtual classroom},
}

@inproceedings{ChuYewYee:2011:SME:2069618.2069622,
 author = {Chu Yew Yee, Sharon Lynn and Quek, Francis K.H. and Xiao, Lin},
 title = {Studying Medium Effects on Children's Creative Processes},
 booktitle = {Proceedings of the 8th ACM Conference on Creativity and Cognition},
 series = {C\&\#38;C '11},
 year = {2011},
 isbn = {978-1-4503-0820-5},
 location = {Atlanta, Georgia, USA},
 pages = {3--12},
 numpages = {10},
 url = {http://doi.acm.org/10.1145/2069618.2069622},
 doi = {10.1145/2069618.2069622},
 acmid = {2069622},
 publisher = {ACM},
 address = {New York, NY, USA},
 keywords = {children, creativity, fourth grade slump, medium effects},
}

@inproceedings{Sas:2010:IVA:1854969.1854985,
 author = {Sas, Corina and Luchian, Eric and Ball, Linden},
 title = {Investigating Visual Analogies for Visual Insight Problems},
 booktitle = {Proceedings of the 1st DESIRE Network Conference on Creativity and Innovation in Design},
 series = {DESIRE '10},
 year = {2010},
 location = {Aarhus, Denmark},
 pages = {90--100},
 numpages = {11},
 url = {http://dl.acm.org/citation.cfm?id=1854969.1854985},
 acmid = {1854985},
 publisher = {Desire Network},
 address = {Lancaster, UK, UK},
 keywords = {incubation effect, visual analogies, visual insight problem},
}

@inproceedings{Blumenkrants:2006:NAV:1148493.1148496,
 author = {Blumenkrants, Marina and Starovisky, Hilla and Shamir, Ariel},
 title = {Narrative Algorithm Visualization},
 booktitle = {Proceedings of the 2006 ACM Symposium on Software Visualization},
 series = {SoftVis '06},
 year = {2006},
 isbn = {1-59593-464-2},
 location = {Brighton, United Kingdom},
 pages = {17--26},
 numpages = {10},
 url = {http://doi.acm.org/10.1145/1148493.1148496},
 doi = {10.1145/1148493.1148496},
 acmid = {1148496},
 publisher = {ACM},
 address = {New York, NY, USA},
 keywords = {algorithm-animation, algorithm-visualization, narrative},
}

@inproceedings{Wang:2019:CEE:3290605.3300483,
 author = {Wang, Zezhong and Wang, Shunming and Farinella, Matteo and Murray-Rust, Dave and Henry Riche, Nathalie and Bach, Benjamin},
 title = {Comparing Effectiveness and Engagement of Data Comics and Infographics},
 booktitle = {Proceedings of the 2019 CHI Conference on Human Factors in Computing Systems},
 series = {CHI '19},
 year = {2019},
 isbn = {978-1-4503-5970-2},
 location = {Glasgow, Scotland Uk},
 pages = {253:1--253:12},
 articleno = {253},
 numpages = {12},
 url = {http://doi.acm.org/10.1145/3290605.3300483},
 doi = {10.1145/3290605.3300483},
 acmid = {3300483},
 publisher = {ACM},
 address = {New York, NY, USA},
 keywords = {comics, effectiveness, engagement, visualization},
}

@inproceedings{Tiellet:2010:DEH:1810617.1810656,
 author = {Tiellet, Claudio A.B. and Pereira, Andr{\'e} Grahl and Reategui, Eliseo Berni and Lima, Jos{\'e} Valdeni and Chambel, Teresa},
 title = {Design and Evaluation of a Hypervideo Environment to Support Veterinary Surgery Learning},
 booktitle = {Proceedings of the 21st ACM Conference on Hypertext and Hypermedia},
 series = {HT '10},
 year = {2010},
 isbn = {978-1-4503-0041-4},
 location = {Toronto, Ontario, Canada},
 pages = {213--222},
 numpages = {10},
 url = {http://doi.acm.org/10.1145/1810617.1810656},
 doi = {10.1145/1810617.1810656},
 acmid = {1810656},
 publisher = {ACM},
 address = {New York, NY, USA},
 keywords = {design, evaluation, high education, hypervideo, surgery, veterinary, video},
}

@inproceedings{Gaither:2018:RCC:3219104.3219160,
 author = {Gaither, Kelly and Gomez, Rosalia and Turner, Helen and DeStefano, Lizanne and Rivera, Lorna and Bland, Marques},
 title = {The Role Cultural Competency Plays in Teaching Data Science},
 booktitle = {Proceedings of the Practice and Experience on Advanced Research Computing},
 series = {PEARC '18},
 year = {2018},
 isbn = {978-1-4503-6446-1},
 location = {Pittsburgh, PA, USA},
 pages = {73:1--73:7},
 articleno = {73},
 numpages = {7},
 url = {http://doi.acm.org/10.1145/3219104.3219160},
 doi = {10.1145/3219104.3219160},
 acmid = {3219160},
 publisher = {ACM},
 address = {New York, NY, USA},
 keywords = {L.0 Assessment/Evaluation/Measurement, L.0 Science and Technology of Learning, L.2 Learning, L1.2 Learning Objects},
}

@inproceedings{Song:2012:RTS:2207676.2208605,
 author = {Song, Minyoung and Quintana, Chris},
 title = {Representing "Too Small to See" As "Too Small to See" with Temporal Representation},
 booktitle = {Proceedings of the SIGCHI Conference on Human Factors in Computing Systems},
 series = {CHI '12},
 year = {2012},
 isbn = {978-1-4503-1015-4},
 location = {Austin, Texas, USA},
 pages = {1441--1450},
 numpages = {10},
 url = {http://doi.acm.org/10.1145/2207676.2208605},
 doi = {10.1145/2207676.2208605},
 acmid = {2208605},
 publisher = {ACM},
 address = {New York, NY, USA},
 keywords = {educational technology, learning technology, multimedia, multimodal representation, temporal representation},
}

@inproceedings{Baloian:2013:TGM:2535597.2535622,
 author = {Baloian, Nelson and Pino, Jos{\'e} A. and Vargas, Roberto},
 title = {Tablet Gestures As a Motivating Factor for Learning},
 booktitle = {Proceedings of the 2013 Chilean Conference on Human - Computer Interaction},
 series = {ChileCHI '13},
 year = {2013},
 isbn = {978-1-4503-2200-3},
 location = {Temuco, Chile},
 pages = {98--103},
 numpages = {6},
 url = {http://doi.acm.org/10.1145/2535597.2535622},
 doi = {10.1145/2535597.2535622},
 acmid = {2535622},
 publisher = {ACM},
 address = {New York, NY, USA},
 keywords = {english as a foreign language educaction, gestures evaluation, iPad, natural user interfaces, tablet gestures},
}

@article{Hundhausen:2009:DML:1592440.1592442,
 author = {Hundhausen, Christopher D. and Farley, Sean F. and Brown, Jonathan L.},
 title = {Can Direct Manipulation Lower the Barriers to Computer Programming and Promote Transfer of Training?: An Experimental Study},
 journal = {ACM Trans. Comput.-Hum. Interact.},
 issue_date = {September 2009},
 volume = {16},
 number = {3},
 month = sep,
 year = {2009},
 issn = {1073-0516},
 pages = {13:1--13:40},
 articleno = {13},
 numpages = {40},
 url = {http://doi.acm.org/10.1145/1592440.1592442},
 doi = {10.1145/1592440.1592442},
 acmid = {1592442},
 publisher = {ACM},
 address = {New York, NY, USA},
 keywords = {Direct manipulation, programming education, semantic components analysis, transfer of training, video analysis},
}

@inproceedings{Bouki:2011:CTM:2038476.2038531,
 author = {Bouki, Vassiliki and Economou, Daphne and Angelopoulou, Anastassia},
 title = {Cognitive Theory of Multimedia Learning and Learning Videos Design: The Redundancy Principle},
 booktitle = {Proceedings of the 29th ACM International Conference on Design of Communication},
 series = {SIGDOC '11},
 year = {2011},
 isbn = {978-1-4503-0936-3},
 location = {Pisa, Italy},
 pages = {271--278},
 numpages = {8},
 url = {http://doi.acm.org/10.1145/2038476.2038531},
 doi = {10.1145/2038476.2038531},
 acmid = {2038531},
 publisher = {ACM},
 address = {New York, NY, USA},
 keywords = {learning videos design, multimedia learning theory, redundancy principle},
}

@inproceedings{Wang:2011:TWD:2047594.2047620,
 author = {Wang, Ye Diana},
 title = {Teaching Web Development at a Distance},
 booktitle = {Proceedings of the 2011 Conference on Information Technology Education},
 series = {SIGITE '11},
 year = {2011},
 isbn = {978-1-4503-1017-8},
 location = {West Point, New York, USA},
 pages = {91--96},
 numpages = {6},
 url = {http://doi.acm.org/10.1145/2047594.2047620},
 doi = {10.1145/2047594.2047620},
 acmid = {2047620},
 publisher = {ACM},
 address = {New York, NY, USA},
 keywords = {distance education, eLearning, pedagogy, problem-based learning, web development},
}

@inproceedings{Cole:2017:IAR:3130859.3131433,
 author = {Cole, Amelia W. and Quesnel, Denise T. and Pek\c{c}etin, Serkan and Gromala, Diane and O'Brien, Heather and Antle, Alissa N. and Riecke, Bernhard E.},
 title = {Integrating Affective Responses and Gamification into Early Reading Acquisition Software Applications},
 booktitle = {Extended Abstracts Publication of the Annual Symposium on Computer-Human Interaction in Play},
 series = {CHI PLAY '17 Extended Abstracts},
 year = {2017},
 isbn = {978-1-4503-5111-9},
 location = {Amsterdam, The Netherlands},
 pages = {73--85},
 numpages = {13},
 url = {http://doi.acm.org/10.1145/3130859.3131433},
 doi = {10.1145/3130859.3131433},
 acmid = {3131433},
 publisher = {ACM},
 address = {New York, NY, USA},
 keywords = {at-risk children, education, empathy, engagement, gamification, intelligent agents, motivation, reading acquisition},
}

@inproceedings{Fan:2016:DRO:2930674.2930690,
 author = {Fan, Min and Antle, Alissa N. and Cramer, Emily S.},
 title = {Design Rationale: Opportunities and Recommendations for Tangible Reading Systems for Children},
 booktitle = {Proceedings of the The 15th International Conference on Interaction Design and Children},
 series = {IDC '16},
 year = {2016},
 isbn = {978-1-4503-4313-8},
 location = {Manchester, United Kingdom},
 pages = {101--112},
 numpages = {12},
 url = {http://doi.acm.org/10.1145/2930674.2930690},
 doi = {10.1145/2930674.2930690},
 acmid = {2930690},
 publisher = {ACM},
 address = {New York, NY, USA},
 keywords = {Tangible user interfaces, children, design rationale, dyslexia, literacy, reading, spelling},
}

@inproceedings{Jensen:2018:ITP:3284432.3284435,
 author = {Jensen, Theodore and Albayram, Yusuf and Khan, Mohammad Maifi Hasan and Buck, Ross and Coman, Emil and Fahim, Md Abdullah Al},
 title = {Initial Trustworthiness Perceptions of a Drone System Based on Performance and Process Information},
 booktitle = {Proceedings of the 6th International Conference on Human-Agent Interaction},
 series = {HAI '18},
 year = {2018},
 isbn = {978-1-4503-5953-5},
 location = {Southampton, United Kingdom},
 pages = {229--237},
 numpages = {9},
 url = {http://doi.acm.org/10.1145/3284432.3284435},
 doi = {10.1145/3284432.3284435},
 acmid = {3284435},
 publisher = {ACM},
 address = {New York, NY, USA},
 keywords = {human-automation trust, initial trust, perceived trustworthiness, trusting beliefs},
}

@inproceedings{O'Brien:2017:LNR:3020165.3020166,
 author = {O'Brien, Heather and McKay, Jocelyn and Vangeest, Jacob},
 title = {Learning From the News: The Role of Topic, Multimedia and Interest in Knowledge Retention},
 booktitle = {Proceedings of the 2017 Conference on Conference Human Information Interaction and Retrieval},
 series = {CHIIR '17},
 year = {2017},
 isbn = {978-1-4503-4677-1},
 location = {Oslo, Norway},
 pages = {185--193},
 numpages = {9},
 url = {http://doi.acm.org/10.1145/3020165.3020166},
 doi = {10.1145/3020165.3020166},
 acmid = {3020166},
 publisher = {ACM},
 address = {New York, NY, USA},
 keywords = {information interaction, learning, multimedia, online news},
}

@article{Krejtz:2016:DAA:2912576.2896452,
 author = {Krejtz, Krzysztof and Duchowski, Andrew and Krejtz, Izabela and Szarkowska, Agnieszka and Kopacz, Agata},
 title = {Discerning Ambient/Focal Attention with Coefficient K},
 journal = {ACM Trans. Appl. Percept.},
 issue_date = {May 2016},
 volume = {13},
 number = {3},
 month = may,
 year = {2016},
 issn = {1544-3558},
 pages = {11:1--11:20},
 articleno = {11},
 numpages = {20},
 url = {http://doi.acm.org/10.1145/2896452},
 doi = {10.1145/2896452},
 acmid = {2896452},
 publisher = {ACM},
 address = {New York, NY, USA},
 keywords = {Ambient-focal attention, serial versus parallel search, visual attention dynamics},
}

@inproceedings{Stobert:2013:MRG:2501604.2501619,
 author = {Stobert, Elizabeth and Biddle, Robert},
 title = {Memory Retrieval and Graphical Passwords},
 booktitle = {Proceedings of the Ninth Symposium on Usable Privacy and Security},
 series = {SOUPS '13},
 year = {2013},
 isbn = {978-1-4503-2319-2},
 location = {Newcastle, United Kingdom},
 pages = {15:1--15:14},
 articleno = {15},
 numpages = {14},
 url = {http://doi.acm.org/10.1145/2501604.2501619},
 doi = {10.1145/2501604.2501619},
 acmid = {2501619},
 publisher = {ACM},
 address = {New York, NY, USA},
 keywords = {authentication, graphical passwords, human memory, usable security},
}

@inproceedings{Xie:2011:MWM:1940761.1940793,
 author = {Xie, Bo and Watkins, Ivan and Huang, Man},
 title = {Making Web-based Multimedia Health Tutorials Senior-friendly: Design and Training Guidelines},
 booktitle = {Proceedings of the 2011 iConference},
 series = {iConference '11},
 year = {2011},
 isbn = {978-1-4503-0121-3},
 location = {Seattle, Washington, USA},
 pages = {230--237},
 numpages = {8},
 url = {http://doi.acm.org/10.1145/1940761.1940793},
 doi = {10.1145/1940761.1940793},
 acmid = {1940793},
 publisher = {ACM},
 address = {New York, NY, USA},
 keywords = {health tutorial, literacy, multimedia, older adults},
}

@inproceedings{Genon:2010:ACE:2022793.2022813,
 author = {Genon, Nicolas and Amyot, Daniel and Heymans, Patrick},
 title = {Analysing the Cognitive Effectiveness of the UCM Visual Notation},
 booktitle = {Proceedings of the 6th International Conference on System Analysis and Modeling: About Models},
 series = {SAM'10},
 year = {2011},
 isbn = {978-3-642-21651-0},
 location = {Oslo, Norway},
 pages = {221--240},
 numpages = {20},
 url = {http://dl.acm.org/citation.cfm?id=2022793.2022813},
 acmid = {2022813},
 publisher = {Springer-Verlag},
 address = {Berlin, Heidelberg},
 keywords = {cognitive effectiveness, concrete syntax, language design and evaluation, physics of notations, use case map, visual notation},
}

@inproceedings{Mayer:2015:SEK:2818000.2818043,
 author = {Mayer, Peter and Volkamer, Melanie},
 title = {Secure and Efficient Key Derivation in Portfolio Authentication Schemes Using Blakley Secret Sharing},
 booktitle = {Proceedings of the 31st Annual Computer Security Applications Conference},
 series = {ACSAC 2015},
 year = {2015},
 isbn = {978-1-4503-3682-6},
 location = {Los Angeles, CA, USA},
 pages = {431--440},
 numpages = {10},
 url = {http://doi.acm.org/10.1145/2818000.2818043},
 doi = {10.1145/2818000.2818043},
 acmid = {2818043},
 publisher = {ACM},
 address = {New York, NY, USA},
 keywords = {authentication, key derivation, secret sharing, verification},
}

@inproceedings{Perrault:2015:PLL:2702123.2702126,
 author = {Perrault, Simon T. and Lecolinet, Eric and Bourse, Yoann Pascal and Zhao, Shengdong and Guiard, Yves},
 title = {Physical Loci: Leveraging Spatial, Object and Semantic Memory for Command Selection},
 booktitle = {Proceedings of the 33rd Annual ACM Conference on Human Factors in Computing Systems},
 series = {CHI '15},
 year = {2015},
 isbn = {978-1-4503-3145-6},
 location = {Seoul, Republic of Korea},
 pages = {299--308},
 numpages = {10},
 url = {http://doi.acm.org/10.1145/2702123.2702126},
 doi = {10.1145/2702123.2702126},
 acmid = {2702126},
 publisher = {ACM},
 address = {New York, NY, USA},
 keywords = {association, command selection, input, memorization, method of loci, mnemonic device, spatial memory},
}

@inproceedings{Trinh:2014:PIR:2556288.2557286,
 author = {Trinh, Ha and Yatani, Koji and Edge, Darren},
 title = {PitchPerfect: Integrated Rehearsal Environment for Structured Presentation Preparation},
 booktitle = {Proceedings of the SIGCHI Conference on Human Factors in Computing Systems},
 series = {CHI '14},
 year = {2014},
 isbn = {978-1-4503-2473-1},
 location = {Toronto, Ontario, Canada},
 pages = {1571--1580},
 numpages = {10},
 url = {http://doi.acm.org/10.1145/2556288.2557286},
 doi = {10.1145/2556288.2557286},
 acmid = {2557286},
 publisher = {ACM},
 address = {New York, NY, USA},
 keywords = {powerpoint, presentation rehearsal, slideware},
}

@inproceedings{Trinh:2014:PIR:2611528.2557286,
 author = {Trinh, Ha and Yatani, Koji and Edge, Darren},
 title = {PitchPerfect: Integrated Rehearsal Environment for Structured Presentation Preparation},
 booktitle = {Proceedings of the 32Nd Annual ACM Conference on Human Factors in Computing Systems},
 series = {CHI '14},
 year = {2014},
 isbn = {978-1-4503-2473-1},
 location = {Toronto, Ontario, Canada},
 pages = {1571--1580},
 numpages = {10},
 url = {http://doi.acm.org/10.1145/2556288.2557286},
 doi = {10.1145/2556288.2557286},
 acmid = {2557286},
 publisher = {ACM},
 address = {New York, NY, USA},
 keywords = {powerpoint, presentation rehearsal, slideware},
}

@article{Brown:2007:RUR:1324960.1324967,
 author = {Brown, Elizabeth and Fisher, Tony and Brailsford, Tim},
 title = {Real Users, Real Results: Examining the Limitations of Learning Styles Within AEH},
 journal = {SIGWEB Newsl.},
 issue_date = {Winter 2007},
 volume = {2007},
 number = {Winter},
 month = dec,
 year = {2007},
 issn = {1931-1745},
 articleno = {7},
 url = {http://doi.acm.org/10.1145/1324960.1324967},
 doi = {10.1145/1324960.1324967},
 acmid = {1324967},
 publisher = {ACM},
 address = {New York, NY, USA},
 keywords = {DEUS, adaptive educational hypermedia, learning styles, real users, user modelling, user trials},
}

@inproceedings{UzZaman:2011:MSC:1943403.1943412,
 author = {UzZaman, Naushad and Bigham, Jeffrey P. and Allen, James F.},
 title = {Multimodal Summarization of Complex Sentences},
 booktitle = {Proceedings of the 16th International Conference on Intelligent User Interfaces},
 series = {IUI '11},
 year = {2011},
 isbn = {978-1-4503-0419-1},
 location = {Palo Alto, CA, USA},
 pages = {43--52},
 numpages = {10},
 url = {http://doi.acm.org/10.1145/1943403.1943412},
 doi = {10.1145/1943403.1943412},
 acmid = {1943412},
 publisher = {ACM},
 address = {New York, NY, USA},
 keywords = {AAC, MMS, ROC MMS, augmentative and alternative communication, automatic illustration, illustration, multimodal summarization, pictorial representation, picture, sentence compression, summarization, text-to-picture, visualization},
}

@inproceedings{Koh:2009:DID:1600193.1600212,
 author = {Koh, Eunyee and Kerne, Andruid},
 title = {Deriving Image-text Document Surrogates to Optimize Cognition},
 booktitle = {Proceedings of the 9th ACM Symposium on Document Engineering},
 series = {DocEng '09},
 year = {2009},
 isbn = {978-1-60558-575-8},
 location = {Munich, Germany},
 pages = {84--93},
 numpages = {10},
 url = {http://doi.acm.org/10.1145/1600193.1600212},
 doi = {10.1145/1600193.1600212},
 acmid = {1600212},
 publisher = {ACM},
 address = {New York, NY, USA},
 keywords = {information extraction, search representation, surrogates},
}

@inproceedings{Shrivastava:2014:EVM:2676702.2676707,
 author = {Shrivastava, Abhishek and Joshi, Anirudha},
 title = {Effects of Visuals, Menu Depths, and Menu Positions on IVR Usage by Non-tech Savvy Users},
 booktitle = {Proceedings of the India HCI 2014 Conference on Human Computer Interaction},
 series = {IndiaHCI '14},
 year = {2014},
 isbn = {978-1-4503-3218-7},
 location = {New Delhi, India},
 pages = {35:35--35:44},
 articleno = {35},
 numpages = {10},
 url = {http://doi.acm.org/10.1145/2676702.2676707},
 doi = {10.1145/2676702.2676707},
 acmid = {2676707},
 publisher = {ACM},
 address = {New York, NY, USA},
 keywords = {Agriculture market service, Audio-visual IVRs, Broad and Deep menu depth, Non-tech savvy users},
}

@inproceedings{Tupsamudre:2017:PPI:3052973.3053041,
 author = {Tupsamudre, Harshal and Banahatti, Vijayanand and Lodha, Sachin and Vyas, Ketan},
 title = {Pass-O: A Proposal to Improve the Security of Pattern Unlock Scheme},
 booktitle = {Proceedings of the 2017 ACM on Asia Conference on Computer and Communications Security},
 series = {ASIA CCS '17},
 year = {2017},
 isbn = {978-1-4503-4944-4},
 location = {Abu Dhabi, United Arab Emirates},
 pages = {400--407},
 numpages = {8},
 url = {http://doi.acm.org/10.1145/3052973.3053041},
 doi = {10.1145/3052973.3053041},
 acmid = {3053041},
 publisher = {ACM},
 address = {New York, NY, USA},
 keywords = {graphical passwords, guessing, security, shoulder-surfing},
}

@inproceedings{Al-Ameen:2015:TMR:2702123.2702241,
 author = {Al-Ameen, Mahdi Nasrullah and Wright, Matthew and Scielzo, Shannon},
 title = {Towards Making Random Passwords Memorable: Leveraging Users' Cognitive Ability Through Multiple Cues},
 booktitle = {Proceedings of the 33rd Annual ACM Conference on Human Factors in Computing Systems},
 series = {CHI '15},
 year = {2015},
 isbn = {978-1-4503-3145-6},
 location = {Seoul, Republic of Korea},
 pages = {2315--2324},
 numpages = {10},
 url = {http://doi.acm.org/10.1145/2702123.2702241},
 doi = {10.1145/2702123.2702241},
 acmid = {2702241},
 publisher = {ACM},
 address = {New York, NY, USA},
 keywords = {authentication, cued-recognition, usable security},
}

@inproceedings{Brown:2006:RCS:1135777.1135827,
 author = {Brown, Elizabeth and Brailsford, Tim and Fisher, Tony and Moore, Adam and Ashman, Helen},
 title = {Reappraising Cognitive Styles in Adaptive Web Applications},
 booktitle = {Proceedings of the 15th International Conference on World Wide Web},
 series = {WWW '06},
 year = {2006},
 isbn = {1-59593-323-9},
 location = {Edinburgh, Scotland},
 pages = {327--335},
 numpages = {9},
 url = {http://doi.acm.org/10.1145/1135777.1135827},
 doi = {10.1145/1135777.1135827},
 acmid = {1135827},
 publisher = {ACM},
 address = {New York, NY, USA},
 keywords = {adaptive hypermedia, cognitive styles, user modelling, user trials, web applications},
}

@inproceedings{Brown:2007:RUR:1286240.1286261,
 author = {Brown, Elizabeth and Fisher, Tony and Brailsford, Tim},
 title = {Real Users, Real Results: Examining the Limitations of Learning Styles Within AEH},
 booktitle = {Proceedings of the Eighteenth Conference on Hypertext and Hypermedia},
 series = {HT '07},
 year = {2007},
 isbn = {978-1-59593-820-6},
 location = {Manchester, UK},
 pages = {57--66},
 numpages = {10},
 url = {http://doi.acm.org/10.1145/1286240.1286261},
 doi = {10.1145/1286240.1286261},
 acmid = {1286261},
 publisher = {ACM},
 address = {New York, NY, USA},
 keywords = {DEUS, adaptive educational hypermedia, learning styles, real users, user modelling, user trials},
}

@inproceedings{Edge:2013:HDP:2470654.2470749,
 author = {Edge, Darren and Savage, Joan and Yatani, Koji},
 title = {HyperSlides: Dynamic Presentation Prototyping},
 booktitle = {Proceedings of the SIGCHI Conference on Human Factors in Computing Systems},
 series = {CHI '13},
 year = {2013},
 isbn = {978-1-4503-1899-0},
 location = {Paris, France},
 pages = {671--680},
 numpages = {10},
 url = {http://doi.acm.org/10.1145/2470654.2470749},
 doi = {10.1145/2470654.2470749},
 acmid = {2470749},
 publisher = {ACM},
 address = {New York, NY, USA},
 keywords = {grounded theory, powerpoint, presentations, slideware},
}

@inproceedings{Zhu:2017:VVD:3025453.3025779,
 author = {Zhu, Yeshuang and Wang, Yuntao and Yu, Chun and Shi, Shaoyun and Zhang, Yankai and He, Shuang and Zhao, Peijun and Ma, Xiaojuan and Shi, Yuanchun},
 title = {ViVo: Video-Augmented Dictionary for Vocabulary Learning},
 booktitle = {Proceedings of the 2017 CHI Conference on Human Factors in Computing Systems},
 series = {CHI '17},
 year = {2017},
 isbn = {978-1-4503-4655-9},
 location = {Denver, Colorado, USA},
 pages = {5568--5579},
 numpages = {12},
 url = {http://doi.acm.org/10.1145/3025453.3025779},
 doi = {10.1145/3025453.3025779},
 acmid = {3025779},
 publisher = {ACM},
 address = {New York, NY, USA},
 keywords = {dictionary, movie clips, subtitles, vocabulary learning},
}

@inproceedings{Kang:2018:POG:3173574.3174180,
 author = {Kang, Hyeonsu B. and Amoako, Gabriel and Sengupta, Neil and Dow, Steven P.},
 title = {Paragon: An Online Gallery for Enhancing Design Feedback with Visual Examples},
 booktitle = {Proceedings of the 2018 CHI Conference on Human Factors in Computing Systems},
 series = {CHI '18},
 year = {2018},
 isbn = {978-1-4503-5620-6},
 location = {Montreal QC, Canada},
 pages = {606:1--606:13},
 articleno = {606},
 numpages = {13},
 url = {http://doi.acm.org/10.1145/3173574.3174180},
 doi = {10.1145/3173574.3174180},
 acmid = {3174180},
 publisher = {ACM},
 address = {New York, NY, USA},
 keywords = {critique, crowdsourcing, design, examples, feedback, interaction techniques},
}

@article{Biddle:2012:GPL:2333112.2333114,
 author = {Biddle, Robert and Chiasson, Sonia and Van Oorschot, P.C.},
 title = {Graphical Passwords: Learning from the First Twelve Years},
 journal = {ACM Comput. Surv.},
 issue_date = {August 2012},
 volume = {44},
 number = {4},
 month = sep,
 year = {2012},
 issn = {0360-0300},
 pages = {19:1--19:41},
 articleno = {19},
 numpages = {41},
 url = {http://doi.acm.org/10.1145/2333112.2333114},
 doi = {10.1145/2333112.2333114},
 acmid = {2333114},
 publisher = {ACM},
 address = {New York, NY, USA},
 keywords = {Authentication, graphical passwords, usable security},
}

@inproceedings{Schaub:2013:EDS:2501604.2501615,
 author = {Schaub, Florian and Walch, Marcel and K\"{o}nings, Bastian and Weber, Michael},
 title = {Exploring the Design Space of Graphical Passwords on Smartphones},
 booktitle = {Proceedings of the Ninth Symposium on Usable Privacy and Security},
 series = {SOUPS '13},
 year = {2013},
 isbn = {978-1-4503-2319-2},
 location = {Newcastle, United Kingdom},
 pages = {11:1--11:14},
 articleno = {11},
 numpages = {14},
 url = {http://doi.acm.org/10.1145/2501604.2501615},
 doi = {10.1145/2501604.2501615},
 acmid = {2501615},
 publisher = {ACM},
 address = {New York, NY, USA},
 keywords = {authentication, graphical passwords, mobile interaction, multitouch, shoulder surfing, smartphone, usability},
}

@article{Trajkova:2018:TTB:3200905.3191770,
 author = {Trajkova, Milka and Cafaro, Francesco},
 title = {Takes Tutu to Ballet: Designing Visual and Verbal Feedback for Augmented Mirrors},
 journal = {Proc. ACM Interact. Mob. Wearable Ubiquitous Technol.},
 issue_date = {March 2018},
 volume = {2},
 number = {1},
 month = mar,
 year = {2018},
 issn = {2474-9567},
 pages = {38:1--38:30},
 articleno = {38},
 numpages = {30},
 url = {http://doi.acm.org/10.1145/3191770},
 doi = {10.1145/3191770},
 acmid = {3191770},
 publisher = {ACM},
 address = {New York, NY, USA},
 keywords = {Augmented feedback, Kinect, augmented mirror, ballet, dance, dance education, design, feedback, mirror, motion tracking, verbal feedback, visual feedback},
}

@article{Covaci:2018:MMR:3271482.3233774,
 author = {Covaci, Alexandra and Zou, Longhao and Tal, Irina and Muntean, Gabriel-Miro and Ghinea, Gheorghita},
 title = {Is Multimedia Multisensorial? - A Review of Mulsemedia Systems},
 journal = {ACM Comput. Surv.},
 issue_date = {January 2019},
 volume = {51},
 number = {5},
 month = sep,
 year = {2018},
 issn = {0360-0300},
 pages = {91:1--91:35},
 articleno = {91},
 numpages = {35},
 url = {http://doi.acm.org/10.1145/3233774},
 doi = {10.1145/3233774},
 acmid = {3233774},
 publisher = {ACM},
 address = {New York, NY, USA},
 keywords = {Mulsemedia, cross-modal, multimedia, multisensory, quality of experience},
}

@book{Oviatt:2017:HMI:3015783,
 editor = {Oviatt, Sharon and Schuller, Bj\"{o}rn and Cohen, Philip R. and Sonntag, Daniel and Potamianos, Gerasimos and Kr\"{u}ger, Antonio},
 title = {The Handbook of Multimodal-Multisensor Interfaces: Foundations, User Modeling, and Common Modality Combinations - Volume 1},
 year = {2017},
 isbn = {978-1-97000-167-9},
 volume = {Volume 1},
 publisher = {Association for Computing Machinery and Morgan \&\#38; Claypool},
 address = {New York, NY, USA},
}

