@article{Akella:2013:MVM:2534974.2525968,
 author = {Akella, Nirupama},
 title = {Macro vs. Micro? Arguing for the Whole and Not the Chunk!},
 journal = {eLearn},
 issue_date = {10-01-2013},
 volume = {2013},
 number = {10},
 month = oct,
 year = {2013},
 issn = {1535-394X},
 articleno = {3},
 url = {http://doi.acm.org/10.1145/2534974.2525968},
 doi = {10.1145/2534974.2525968},
 acmid = {2525968},
 publisher = {ACM},
 address = {New York, NY, USA},
}

@inproceedings{Klostermann:2007:VTS:1362550.1362618,
 author = {Klostermann, Anne and Th\"{u}ring, Manfred},
 title = {Visualisation of Topological Structures As a Training Tool for Acquiring Causal Models of Complex Systems},
 booktitle = {Proceedings of the 14th European Conference on Cognitive Ergonomics: Invent! Explore!},
 series = {ECCE '07},
 year = {2007},
 isbn = {978-1-84799-849-1},
 location = {London, United Kingdom},
 pages = {307--308},
 numpages = {2},
 url = {http://doi.acm.org/10.1145/1362550.1362618},
 doi = {10.1145/1362550.1362618},
 acmid = {1362618},
 publisher = {ACM},
 address = {New York, NY, USA},
 keywords = {causal models, training strategies, visualisation tools},
}

@article{Page:1994:BRK:191604.1064924,
 note = {Reviewer-Page, Carl V.},
 title = {Book Review: Knowledge Negotiation Edited by Rod Moyse and Mark Elsom-Cook (Academic Press, 1992)},
 journal = {SIGART Bull.},
 issue_date = {Oct. 1994},
 volume = {5},
 number = {4},
 month = oct,
 year = {1994},
 issn = {0163-5719},
 pages = {23--24},
 numpages = {2},
 url = {http://doi.acm.org/10.1145/191604.1064924},
 doi = {10.1145/191604.1064924},
 acmid = {1064924},
 publisher = {ACM},
 address = {New York, NY, USA},
}

@article{Firschein:1994:BRN:191604.1064923,
 note = {Reviewer-Firschein, Oscar},
 title = {Book Review: Neural Networks for Knowledge Representation and Inference by D. S. Levine and M. Aparicio (Eds.) (Lawrence Erlbaum Assoc., 1994)},
 journal = {SIGART Bull.},
 issue_date = {Oct. 1994},
 volume = {5},
 number = {4},
 month = oct,
 year = {1994},
 issn = {0163-5719},
 pages = {22--23},
 numpages = {2},
 url = {http://doi.acm.org/10.1145/191604.1064923},
 doi = {10.1145/191604.1064923},
 acmid = {1064923},
 publisher = {ACM},
 address = {New York, NY, USA},
}

@inproceedings{Stock:2003:EAH:604045.604105,
 author = {Stock, Oliviero and Strapparava, Carlo},
 title = {An Experiment in Automated Humorous Output Production},
 booktitle = {Proceedings of the 8th International Conference on Intelligent User Interfaces},
 series = {IUI '03},
 year = {2003},
 isbn = {1-58113-586-6},
 location = {Miami, Florida, USA},
 pages = {300--302},
 numpages = {3},
 url = {http://doi.acm.org/10.1145/604045.604105},
 doi = {10.1145/604045.604105},
 acmid = {604105},
 publisher = {ACM},
 address = {New York, NY, USA},
 keywords = {computational humor, natural language processing},
}

@article{Tse:1986:APN:382298.382371,
 author = {Tse, T. H. and Pong, L.},
 title = {An Application of Petri Nets in Structured Analysis},
 journal = {SIGSOFT Softw. Eng. Notes},
 issue_date = {Oct. 1986},
 volume = {11},
 number = {5},
 month = oct,
 year = {1986},
 issn = {0163-5948},
 pages = {53--56},
 numpages = {4},
 url = {http://doi.acm.org/10.1145/382298.382371},
 doi = {10.1145/382298.382371},
 acmid = {382371},
 publisher = {ACM},
 address = {New York, NY, USA},
}

@inproceedings{Stock:2005:HCH:1225753.1225782,
 author = {Stock, Oliviero and Strapparava, Carlo},
 title = {HAHAcronym: A Computational Humor System},
 booktitle = {Proceedings of the ACL 2005 on Interactive Poster and Demonstration Sessions},
 series = {ACLdemo '05},
 year = {2005},
 location = {Ann Arbor, Michigan},
 pages = {113--116},
 numpages = {4},
 url = {http://dx.doi.org/10.3115/1225753.1225782},
 doi = {10.3115/1225753.1225782},
 acmid = {1225782},
 publisher = {Association for Computational Linguistics},
 address = {Stroudsburg, PA, USA},
}

@inproceedings{Rizzo:2006:ODI:1142405.1142407,
 author = {Rizzo, Antonio},
 title = {The Origin and Design of Intentional Affordances},
 booktitle = {Proceedings of the 6th Conference on Designing Interactive Systems},
 series = {DIS '06},
 year = {2006},
 isbn = {1-59593-367-0},
 location = {University Park, PA, USA},
 pages = {239--240},
 numpages = {2},
 url = {http://doi.acm.org/10.1145/1142405.1142407},
 doi = {10.1145/1142405.1142407},
 acmid = {1142407},
 publisher = {ACM},
 address = {New York, NY, USA},
 keywords = {action, affordance, intention, interaction design},
}

@article{Ashenhurst:1988:AF:53580.315828,
 author = {Ashenhurst, Robert L.},
 title = {ACM Forum},
 journal = {Commun. ACM},
 issue_date = {Dec. 1988},
 volume = {31},
 number = {12},
 month = dec,
 year = {1988},
 issn = {0001-0782},
 pages = {1373--1375},
 numpages = {3},
 url = {http://doi.acm.org/10.1145/53580.315828},
 doi = {10.1145/53580.315828},
 acmid = {315828},
 publisher = {ACM},
 address = {New York, NY, USA},
}

@inproceedings{Agarwal:2000:RCM:333334.333384,
 author = {Agarwal, Ritu and Ferratt, Thomas W.},
 title = {Retention and the Career Motives of IT Professionals},
 booktitle = {Proceedings of the 2000 ACM SIGCPR Conference on Computer Personnel Research},
 series = {SIGCPR '00},
 year = {2000},
 isbn = {1-58113-228-X},
 location = {Chicago, Illinois, USA},
 pages = {158--166},
 numpages = {9},
 url = {http://doi.acm.org/10.1145/333334.333384},
 doi = {10.1145/333334.333384},
 acmid = {333384},
 publisher = {ACM},
 address = {New York, NY, USA},
 keywords = {IT professionals, career anchors, career motives, psychological contracts, retention},
}

@Article{1976:1037127,
 journal = {SIGCPR Comput. Pers.},
 year = {1976},
 issn = {0160-2497},
 volume = {5},
 number = {3-4},
 issue_date = {January 1976},
 publisher = {ACM},
 address = {New York, NY, USA},
key = {{$\!\!$}} ,
}

@article{Brown:1989:KAT:63266.63278,
 author = {Brown, D. J.H.},
 title = {A Knowledge Acquisition Tool for Decision Support Systems},
 journal = {SIGART Bull.},
 issue_date = {April 1989},
 number = {108},
 month = apr,
 year = {1989},
 issn = {0163-5719},
 pages = {93--97},
 numpages = {5},
 url = {http://doi.acm.org/10.1145/63266.63278},
 doi = {10.1145/63266.63278},
 acmid = {63278},
 publisher = {ACM},
 address = {New York, NY, USA},
}

@inproceedings{Matthews:2009:MLO:1821748.1821824,
 author = {Matthews, Reginamary and Hin, Hew Soon and Choo, Koo Ah},
 title = {Multimedia Learning Object to Build Cognitive Understanding in Learning Introductory Programming},
 booktitle = {Proceedings of the 7th International Conference on Advances in Mobile Computing and Multimedia},
 series = {MoMM '09},
 year = {2009},
 isbn = {978-1-60558-659-5},
 location = {Kuala Lumpur, Malaysia},
 pages = {396--400},
 numpages = {5},
 url = {http://doi.acm.org/10.1145/1821748.1821824},
 doi = {10.1145/1821748.1821824},
 acmid = {1821824},
 publisher = {ACM},
 address = {New York, NY, USA},
 keywords = {cognitive understanding, introductory programming, learning object, multimedia},
}

@inproceedings{Boulet:1995:LSD:315891.315900,
 author = {Boulet, Marie-Mich\`{e}le},
 title = {Learner-controlled Situation with Distance Education},
 booktitle = {Proceedings of the 1995 ACM Symposium on Applied Computing},
 series = {SAC '95},
 year = {1995},
 isbn = {0-89791-658-1},
 location = {Nashville, Tennessee, USA},
 pages = {36--39},
 numpages = {4},
 url = {http://doi.acm.org/10.1145/315891.315900},
 doi = {10.1145/315891.315900},
 acmid = {315900},
 publisher = {ACM},
 address = {New York, NY, USA},
}

@inproceedings{Bucur:2006:HWH:1149941.1149951,
 author = {Bucur, Johanna},
 title = {HyWrite: Writing in Hypermedia eLearning Environments},
 booktitle = {Proceedings of the Seventeenth Conference on Hypertext and Hypermedia},
 series = {HYPERTEXT '06},
 year = {2006},
 isbn = {1-59593-417-0},
 location = {Odense, Denmark},
 pages = {45--48},
 numpages = {4},
 url = {http://doi.acm.org/10.1145/1149941.1149951},
 doi = {10.1145/1149941.1149951},
 acmid = {1149951},
 publisher = {ACM},
 address = {New York, NY, USA},
 keywords = {Social Constructionist Pedagogy (SCP), cooperative work, eLearning, hypertext, learning communities, media literacy, spiral curriculum},
}

@inproceedings{Andersen:2013:TFA:2470654.2470764,
 author = {Andersen, Erik and Gulwani, Sumit and Popovic, Zoran},
 title = {A Trace-based Framework for Analyzing and Synthesizing Educational Progressions},
 booktitle = {Proceedings of the SIGCHI Conference on Human Factors in Computing Systems},
 series = {CHI '13},
 year = {2013},
 isbn = {978-1-4503-1899-0},
 location = {Paris, France},
 pages = {773--782},
 numpages = {10},
 url = {http://doi.acm.org/10.1145/2470654.2470764},
 doi = {10.1145/2470654.2470764},
 acmid = {2470764},
 publisher = {ACM},
 address = {New York, NY, USA},
 keywords = {education, execution traces, games, problem generation},
}

@inproceedings{Irani:2000:DBS:345513.345254,
 author = {Irani, Pourang and Ware, Colin},
 title = {Diagrams Based on Structural Object Perception},
 booktitle = {Proceedings of the Working Conference on Advanced Visual Interfaces},
 series = {AVI '00},
 year = {2000},
 isbn = {1-58113-252-2},
 location = {Palermo, Italy},
 pages = {61--67},
 numpages = {7},
 url = {http://doi.acm.org/10.1145/345513.345254},
 doi = {10.1145/345513.345254},
 acmid = {345254},
 publisher = {ACM},
 address = {New York, NY, USA},
 keywords = {3D diagrams, diagramming, geon theory, information visualization, perception, visual display},
}

@article{Spinuzzi:2000:EBS:353927.353931,
 author = {Spinuzzi, Clay},
 title = {Exploring the Blind Spot: Audience, Purpose, and Context in \&Ldquo;Product, Process, and Profit\&Rdquo;},
 journal = {ACM J. Comput. Doc.},
 issue_date = {Nov. 2000},
 volume = {24},
 number = {4},
 month = nov,
 year = {2000},
 issn = {1527-6805},
 pages = {213--219},
 numpages = {7},
 url = {http://doi.acm.org/10.1145/353927.353931},
 doi = {10.1145/353927.353931},
 acmid = {353931},
 publisher = {ACM},
 address = {New York, NY, USA},
 keywords = {politics of usability, sociocultural theory, systems theory},
}

@inproceedings{Murray:1996:SPO:1161135.1161167,
 author = {Murray, Tom},
 title = {Special Purpose Ontologies and the Representation of Pedagogical Knowledge},
 booktitle = {Proceedings of the 1996 International Conference on Learning Sciences},
 series = {ICLS '96},
 year = {1996},
 isbn = {1-880094-23-1},
 location = {Evanston, Illinois},
 pages = {235--242},
 numpages = {8},
 url = {http://dl.acm.org/citation.cfm?id=1161135.1161167},
 acmid = {1161167},
 publisher = {International Society of the Learning Sciences},
}

@inproceedings{Kalnishkan:1999:LRS:307400.307443,
 author = {Kalnishkan, Yuri},
 title = {Linear Relations Between Square-loss and Kolmogorov Complexity},
 booktitle = {Proceedings of the Twelfth Annual Conference on Computational Learning Theory},
 series = {COLT '99},
 year = {1999},
 isbn = {1-58113-167-4},
 location = {Santa Cruz, California, USA},
 pages = {226--232},
 numpages = {7},
 url = {http://doi.acm.org/10.1145/307400.307443},
 doi = {10.1145/307400.307443},
 acmid = {307443},
 publisher = {ACM},
 address = {New York, NY, USA},
}

@inproceedings{Martinez:1997:DIL:263367.263390,
 author = {Martinez, Margaret},
 title = {Designing Intentional Learning Environments},
 booktitle = {Proceedings of the 15th Annual International Conference on Computer Documentation},
 series = {SIGDOC '97},
 year = {1997},
 isbn = {0-89791-861-4},
 location = {Salt Lake City, Utah, USA},
 pages = {173--180},
 numpages = {8},
 url = {http://doi.acm.org/10.1145/263367.263390},
 doi = {10.1145/263367.263390},
 acmid = {263390},
 publisher = {ACM},
 address = {New York, NY, USA},
}

@inproceedings{Stuckardt:1996:ARS:993268.993330,
 author = {Stuckardt, Roland},
 title = {Anaphor Resolution and the Scope of Syntactic Constraints},
 booktitle = {Proceedings of the 16th Conference on Computational Linguistics - Volume 2},
 series = {COLING '96},
 year = {1996},
 location = {Copenhagen, Denmark},
 pages = {937--942},
 numpages = {6},
 url = {https://doi.org/10.3115/993268.993330},
 doi = {10.3115/993268.993330},
 acmid = {993330},
 publisher = {Association for Computational Linguistics},
 address = {Stroudsburg, PA, USA},
}

@article{Ramanathan:2005:FAA:1060710.1060739,
 author = {Ramanathan, Jay},
 title = {Fractal Architecture for the Adaptive Complex Enterprise},
 journal = {Commun. ACM},
 issue_date = {May 2005},
 volume = {48},
 number = {5},
 month = may,
 year = {2005},
 issn = {0001-0782},
 pages = {51--57},
 numpages = {7},
 url = {http://doi.acm.org/10.1145/1060710.1060739},
 doi = {10.1145/1060710.1060739},
 acmid = {1060739},
 publisher = {ACM},
 address = {New York, NY, USA},
}

@inproceedings{Nuckles:2008:SVL:1599871.1599887,
 author = {N\"{u}ckles, Matthias and H\"{u}bner, Sandra and Renkl, Alexander},
 title = {Short-term Versus Long-term Effects of Cognitive and Metacognitive Prompts in Writing-to-learn},
 booktitle = {Proceedings of the 8th International Conference on International Conference for the Learning Sciences - Volume 2},
 series = {ICLS'08},
 year = {2008},
 location = {Utrecht, The Netherlands},
 pages = {124--131},
 numpages = {8},
 url = {http://dl.acm.org/citation.cfm?id=1599871.1599887},
 acmid = {1599887},
 publisher = {International Society of the Learning Sciences},
}

@inproceedings{Glaseman:1977:PAC:1499402.1499425,
 author = {Glaseman, S. and Turn, R. and Gaines, R. S.},
 title = {Problem Areas in Computer Security Assessment},
 booktitle = {Proceedings of the June 13-16, 1977, National Computer Conference},
 series = {AFIPS '77},
 year = {1977},
 location = {Dallas, Texas},
 pages = {105--112},
 numpages = {8},
 url = {http://doi.acm.org/10.1145/1499402.1499425},
 doi = {10.1145/1499402.1499425},
 acmid = {1499425},
 publisher = {ACM},
 address = {New York, NY, USA},
}

@inproceedings{Trans:1993:SSM:162754.165208,
 author = {Trans, Kim},
 title = {A Symbolic Simulation Model of the Organization of Human Procedural Knowledge},
 booktitle = {Proceedings of the 1993 ACM/SIGAPP Symposium on Applied Computing: States of the Art and Practice},
 series = {SAC '93},
 year = {1993},
 isbn = {0-89791-567-4},
 location = {Indianapolis, Indiana, USA},
 pages = {482--489},
 numpages = {8},
 url = {http://doi.acm.org/10.1145/162754.165208},
 doi = {10.1145/162754.165208},
 acmid = {165208},
 publisher = {ACM},
 address = {New York, NY, USA},
}

@inproceedings{Maxiaguine:2004:RAS:1015090.1015122,
 author = {Maxiaguine, Alexander and K\"{u}nzli, Simon and Chakraborty, Samarjit and Thiele, Lothar},
 title = {Rate Analysis for Streaming Applications with On-chip Buffer Constraints},
 booktitle = {Proceedings of the 2004 Asia and South Pacific Design Automation Conference},
 series = {ASP-DAC '04},
 year = {2004},
 isbn = {0-7803-8175-0},
 location = {Yokohama, Japan},
 pages = {131--136},
 numpages = {6},
 url = {http://dl.acm.org/citation.cfm?id=1015090.1015122},
 acmid = {1015122},
 publisher = {IEEE Press},
 address = {Piscataway, NJ, USA},
}

@inproceedings{Mowshowitz:1984:CMN:800014.808144,
 author = {Mowshowitz, Abbe},
 title = {Computers and the Myth of Neutrality},
 booktitle = {Proceedings of the ACM 12th Annual Computer Science Conference on SIGCSE Symposium},
 series = {CSC '84},
 year = {1984},
 isbn = {0-89791-127-X},
 location = {Philadelphia, Pennsylvania},
 pages = {85--92},
 numpages = {8},
 url = {http://doi.acm.org/10.1145/800014.808144},
 doi = {10.1145/800014.808144},
 acmid = {808144},
 publisher = {ACM},
 address = {New York, NY, USA},
}

@inproceedings{Guzdial:2013:EHM:2493394.2493397,
 author = {Guzdial, Mark},
 title = {Exploring Hypotheses About Media Computation},
 booktitle = {Proceedings of the Ninth Annual International ACM Conference on International Computing Education Research},
 series = {ICER '13},
 year = {2013},
 isbn = {978-1-4503-2243-0},
 location = {San Diego, San California, USA},
 pages = {19--26},
 numpages = {8},
 url = {http://doi.acm.org/10.1145/2493394.2493397},
 doi = {10.1145/2493394.2493397},
 acmid = {2493397},
 publisher = {ACM},
 address = {New York, NY, USA},
 keywords = {assessment, broadening participation, curriculum, education research, motivation, retention, under-represented minorities, women in computing},
}

@inproceedings{Appelt:1988:PNT:982023.982044,
 author = {Appelt, Douglas and Konolige, Kurt},
 title = {A Practical Nonmonotonic Theory for Reasoning About Speech Acts},
 booktitle = {Proceedings of the 26th Annual Meeting on Association for Computational Linguistics},
 series = {ACL '88},
 year = {1988},
 location = {Buffalo, New York},
 pages = {170--178},
 numpages = {9},
 url = {https://doi.org/10.3115/982023.982044},
 doi = {10.3115/982023.982044},
 acmid = {982044},
 publisher = {Association for Computational Linguistics},
 address = {Stroudsburg, PA, USA},
}

@inproceedings{May:2010:SLH:1962300.1962316,
 author = {May, Michael},
 title = {The Semantic Level in HMS Design: Constraints, Scale Types and Representational Forms},
 booktitle = {Proceedings of the 28th Annual European Conference on Cognitive Ergonomics},
 series = {ECCE '10},
 year = {2010},
 isbn = {978-1-60558-946-6},
 location = {Delft, Netherlands},
 pages = {67--74},
 numpages = {8},
 url = {http://doi.acm.org/10.1145/1962300.1962316},
 doi = {10.1145/1962300.1962316},
 acmid = {1962316},
 publisher = {ACM},
 address = {New York, NY, USA},
 keywords = {cognitive systems engineering, ecological interface design, representational forms, scale types, semiotics},
}

@inproceedings{Wainer:2001:SAS:500286.500320,
 author = {Wainer, Jacques and Braga, Danillo Palacio},
 title = {Symgroup: Applying Social Agents in a Group Interaction System},
 booktitle = {Proceedings of the 2001 International ACM SIGGROUP Conference on Supporting Group Work},
 series = {GROUP '01},
 year = {2001},
 isbn = {1-58113-294-8},
 location = {Boulder, Colorado, USA},
 pages = {224--231},
 numpages = {8},
 url = {http://doi.acm.org/10.1145/500286.500320},
 doi = {10.1145/500286.500320},
 acmid = {500320},
 publisher = {ACM},
 address = {New York, NY, USA},
 keywords = {agents, discussion systems, social theories},
}

@inproceedings{Miller:1990:ASR:328885.328972,
 author = {Rothenberg, Jeff and Franke, David W. and Fishwick, Paul A. and Firby, R. James},
 note = {Chairman-Miller, David P.},
 title = {AI (Panel Session): What Simulationists Really Need to Know},
 booktitle = {Proceedings of the 22Nd Conference on Winter Simulation},
 series = {WSC' 90},
 year = {1990},
 isbn = {0-911801-72-3},
 location = {New Orleans, Louisiana, USA},
 pages = {204--209},
 numpages = {6},
 url = {http://dl.acm.org/citation.cfm?id=328885.328972},
 acmid = {328972},
 publisher = {IEEE Press},
 address = {Piscataway, NJ, USA},
}

@inproceedings{Cheeseman:1986:IMU:12808.12823,
 author = {Cheeseman, P},
 title = {Induction of Models Under Uncertainty},
 booktitle = {Proceedings of the ACM SIGART International Symposium on Methodologies for Intelligent Systems},
 series = {ISMIS '86},
 year = {1986},
 isbn = {0-89791-206-3},
 location = {Knoxville, Tennessee, USA},
 pages = {130--144},
 numpages = {15},
 url = {http://doi.acm.org/10.1145/12808.12823},
 doi = {10.1145/12808.12823},
 acmid = {12823},
 publisher = {ACM},
 address = {New York, NY, USA},
}

@article{Vainio:2007:FNP:1269900.1268853,
 author = {Vainio, Vesa and Sajaniemi, Jorma},
 title = {Factors in Novice Programmers' Poor Tracing Skills},
 journal = {SIGCSE Bull.},
 issue_date = {September 2007},
 volume = {39},
 number = {3},
 month = jun,
 year = {2007},
 issn = {0097-8418},
 pages = {236--240},
 numpages = {5},
 url = {http://doi.acm.org/10.1145/1269900.1268853},
 doi = {10.1145/1269900.1268853},
 acmid = {1268853},
 publisher = {ACM},
 address = {New York, NY, USA},
 keywords = {elementary programming, program tracing, programming education},
}

@inproceedings{Vainio:2007:FNP:1268784.1268853,
 author = {Vainio, Vesa and Sajaniemi, Jorma},
 title = {Factors in Novice Programmers' Poor Tracing Skills},
 booktitle = {Proceedings of the 12th Annual SIGCSE Conference on Innovation and Technology in Computer Science Education},
 series = {ITiCSE '07},
 year = {2007},
 isbn = {978-1-59593-610-3},
 location = {Dundee, Scotland},
 pages = {236--240},
 numpages = {5},
 url = {http://doi.acm.org/10.1145/1268784.1268853},
 doi = {10.1145/1268784.1268853},
 acmid = {1268853},
 publisher = {ACM},
 address = {New York, NY, USA},
 keywords = {elementary programming, program tracing, programming education},
}

@inproceedings{Johnson:1990:SAA:992507.992509,
 author = {Johnson, Mark and Kay, Martin},
 title = {Semantic Abstraction and Anaphora},
 booktitle = {Proceedings of the 13th Conference on Computational Linguistics - Volume 1},
 series = {COLING '90},
 year = {1990},
 isbn = {952-90-2028-7},
 location = {Helsinki, Finland},
 pages = {17--27},
 numpages = {11},
 url = {https://doi.org/10.3115/992507.992509},
 doi = {10.3115/992507.992509},
 acmid = {992509},
 publisher = {Association for Computational Linguistics},
 address = {Stroudsburg, PA, USA},
}

@inproceedings{Jovanovic:2008:TAV:1414558.1414596,
 author = {Jovanovic, Vladan and Cupic, Lily},
 title = {Teaching Agile Validation of Data Models},
 booktitle = {Proceedings of the 9th ACM SIGITE Conference on Information Technology Education},
 series = {SIGITE '08},
 year = {2008},
 isbn = {978-1-60558-329-7},
 location = {Cincinnati, OH, USA},
 pages = {139--146},
 numpages = {8},
 url = {http://doi.acm.org/10.1145/1414558.1414596},
 doi = {10.1145/1414558.1414596},
 acmid = {1414596},
 publisher = {ACM},
 address = {New York, NY, USA},
 keywords = {agile validation, data model validation, teaching validation},
}

@inproceedings{Rosenkranz:2007:CCC:1244002.1244269,
 author = {Rosenkranz, Christoph and Holten, Roland},
 title = {Combining Cybernetics and Conceptual Modeling: The Concept of Variety in Organizational Engineering},
 booktitle = {Proceedings of the 2007 ACM Symposium on Applied Computing},
 series = {SAC '07},
 year = {2007},
 isbn = {1-59593-480-4},
 location = {Seoul, Korea},
 pages = {1228--1233},
 numpages = {6},
 url = {http://doi.acm.org/10.1145/1244002.1244269},
 doi = {10.1145/1244002.1244269},
 acmid = {1244269},
 publisher = {ACM},
 address = {New York, NY, USA},
 keywords = {conceptual modeling, organizational engineering, variety},
}

@article{Halasz:1998:FFA:327600.327696,
 author = {Halasz, Steven J.},
 title = {First Flight: Automated Tutorials for Fledgling APLers},
 journal = {SIGAPL APL Quote Quad},
 issue_date = {March 1999},
 volume = {29},
 number = {3},
 month = jul,
 year = {1998},
 issn = {0163-6006},
 pages = {189--199},
 numpages = {11},
 url = {http://doi.acm.org/10.1145/327600.327696},
 doi = {10.1145/327600.327696},
 acmid = {327696},
 publisher = {ACM},
 address = {New York, NY, USA},
}

@inproceedings{Halasz:1998:FFA:327559.327696,
 author = {Halasz, Steven J.},
 title = {First Flight: Automated Tutorials for Fledgling APLers},
 booktitle = {Proceedings of the APL98 Conference on Array Processing Languages},
 series = {APL '98},
 year = {1998},
 isbn = {1-58113-181-X},
 location = {Rome, Italy},
 pages = {189--199},
 numpages = {11},
 url = {http://doi.acm.org/10.1145/327559.327696},
 doi = {10.1145/327559.327696},
 acmid = {327696},
 publisher = {ACM},
 address = {New York, NY, USA},
}

@inproceedings{Duchon:2011:RGC:2431518.2431533,
 author = {Duchon, Philippe},
 title = {Random Generation of Combinatorial Structures: Boltzmann Samplers and Beyond},
 booktitle = {Proceedings of the Winter Simulation Conference},
 series = {WSC '11},
 year = {2011},
 location = {Phoenix, Arizona},
 pages = {120--132},
 numpages = {13},
 url = {http://dl.acm.org/citation.cfm?id=2431518.2431533},
 acmid = {2431533},
 publisher = {Winter Simulation Conference},
}

@inproceedings{Stahl:2002:CTF:1658616.1658626,
 author = {Stahl, Gerry},
 title = {Contributions to a Theoretical Framework for CSCL},
 booktitle = {Proceedings of the Conference on Computer Support for Collaborative Learning: Foundations for a CSCL Community},
 series = {CSCL '02},
 year = {2002},
 location = {Boulder, Colorado},
 pages = {62--71},
 numpages = {10},
 url = {http://dl.acm.org/citation.cfm?id=1658616.1658626},
 acmid = {1658626},
 publisher = {International Society of the Learning Sciences},
 keywords = {CSCL, artifacts, collaborative knowledge building, computer support, conversation analysis, perspectives, theory},
}

@inproceedings{Bower:2006:LSE:1151869.1151877,
 author = {Bower, Matt},
 title = {A Learning System Engineering Approach to Developing Online Courses},
 booktitle = {Proceedings of the 8th Australasian Conference on Computing Education - Volume 52},
 series = {ACE '06},
 year = {2006},
 isbn = {1-920682-34-1},
 location = {Hobart, Australia},
 pages = {45--54},
 numpages = {10},
 url = {http://dl.acm.org/citation.cfm?id=1151869.1151877},
 acmid = {1151877},
 publisher = {Australian Computer Society, Inc.},
 address = {Darlinghurst, Australia, Australia},
 keywords = {curriculum engineering, learning design, online learning, online technology},
}

@article{Fuller:2007:DCS:1345375.1345438,
 author = {Fuller, Ursula and Johnson, Colin G. and Ahoniemi, Tuukka and Cukierman, Diana and Hern\'{a}n-Losada, Isidoro and Jackova, Jana and Lahtinen, Essi and Lewis, Tracy L. and Thompson, Donna McGee and Riedesel, Charles and Thompson, Errol},
 title = {Developing a Computer Science-specific Learning Taxonomy},
 journal = {SIGCSE Bull.},
 issue_date = {December 2007},
 volume = {39},
 number = {4},
 month = dec,
 year = {2007},
 issn = {0097-8418},
 pages = {152--170},
 numpages = {19},
 url = {http://doi.acm.org/10.1145/1345375.1345438},
 doi = {10.1145/1345375.1345438},
 acmid = {1345438},
 publisher = {ACM},
 address = {New York, NY, USA},
 keywords = {assessment, benchmarking, computer science education, credit transfer, curricula, taxonomies of learning},
}

@inproceedings{Fuller:2007:DCS:1345443.1345438,
 author = {Fuller, Ursula and Johnson, Colin G. and Ahoniemi, Tuukka and Cukierman, Diana and Hern\'{a}n-Losada, Isidoro and Jackova, Jana and Lahtinen, Essi and Lewis, Tracy L. and Thompson, Donna McGee and Riedesel, Charles and Thompson, Errol},
 title = {Developing a Computer Science-specific Learning Taxonomy},
 booktitle = {Working Group Reports on ITiCSE on Innovation and Technology in Computer Science Education},
 series = {ITiCSE-WGR '07},
 year = {2007},
 location = {Dundee, Scotland},
 pages = {152--170},
 numpages = {19},
 url = {http://doi.acm.org/10.1145/1345443.1345438},
 doi = {10.1145/1345443.1345438},
 acmid = {1345438},
 publisher = {ACM},
 address = {New York, NY, USA},
 keywords = {assessment, benchmarking, computer science education, credit transfer, curricula, taxonomies of learning},
}

@inproceedings{Wilkins:2015:DIS:2819009.2819047,
 author = {Wilkins, Thomas V. and Georgas, John C.},
 title = {Drawing Insight from Student Perceptions of Reflective Design Learning},
 booktitle = {Proceedings of the 37th International Conference on Software Engineering - Volume 2},
 series = {ICSE '15},
 year = {2015},
 location = {Florence, Italy},
 pages = {253--262},
 numpages = {10},
 url = {http://dl.acm.org/citation.cfm?id=2819009.2819047},
 acmid = {2819047},
 publisher = {IEEE Press},
 address = {Piscataway, NJ, USA},
 keywords = {design learning, reflection, software design, software engineering education, structured reflection},
}

@inproceedings{Wang:2017:UFK:3025453.3025841,
 author = {Wang, Shuhan and He, Fang and Andersen, Erik},
 title = {A Unified Framework for Knowledge Assessment and Progression Analysis and Design},
 booktitle = {Proceedings of the 2017 CHI Conference on Human Factors in Computing Systems},
 series = {CHI '17},
 year = {2017},
 isbn = {978-1-4503-4655-9},
 location = {Denver, Colorado, USA},
 pages = {937--948},
 numpages = {12},
 url = {http://doi.acm.org/10.1145/3025453.3025841},
 doi = {10.1145/3025453.3025841},
 acmid = {3025841},
 publisher = {ACM},
 address = {New York, NY, USA},
 keywords = {automatic problem decomposition, education, knowledge assessment, progression analysis and design},
}

@inproceedings{Huet:2006:SSA:1364742.1364750,
 author = {Huet, G{\'e}rard},
 title = {Shallow Syntax Analysis in Sanskrit Guided by Semantic Nets Constraints},
 booktitle = {Proceedings of the 2006 International Workshop on Research Issues in Digital Libraries},
 series = {IWRIDL '06},
 year = {2007},
 isbn = {1-59593-608-4},
 location = {Kolkata, India},
 pages = {6:1--6:10},
 articleno = {6},
 numpages = {10},
 url = {http://doi.acm.org/10.1145/1364742.1364750},
 doi = {10.1145/1364742.1364750},
 acmid = {1364750},
 publisher = {ACM},
 address = {New York, NY, USA},
 keywords = {Sanskrit parser, computational linguistic, natuaral language processing, semantic net, syntax analysis},
}

@inproceedings{Saint-Dizier:1998:SVL:1603899.1603920,
 author = {Saint-Dizier, Patrick},
 title = {Sense Variation and Lexical Semantics Generative Operations},
 booktitle = {Proceedings of the Joint Conferences on New Methods in Language Processing and Computational Natural Language Learning},
 series = {NeMLaP3/CoNLL '98},
 year = {1998},
 isbn = {0-7258-0634-6},
 location = {Sydney, Australia},
 pages = {121--130},
 numpages = {10},
 url = {http://dl.acm.org/citation.cfm?id=1603899.1603920},
 acmid = {1603920},
 publisher = {Association for Computational Linguistics},
 address = {Stroudsburg, PA, USA},
}

@inproceedings{Hage:2001:FLC:383535.383538,
 author = {Hage, J. C.},
 title = {Formalizing Legal Coherence},
 booktitle = {Proceedings of the 8th International Conference on Artificial Intelligence and Law},
 series = {ICAIL '01},
 year = {2001},
 isbn = {1-58113-368-5},
 location = {St. Louis, Missouri, USA},
 pages = {22--31},
 numpages = {10},
 url = {http://doi.acm.org/10.1145/383535.383538},
 doi = {10.1145/383535.383538},
 acmid = {383538},
 publisher = {ACM},
 address = {New York, NY, USA},
 keywords = {coherence, goal-based reasoning, legal justification, theory construction},
}

@Article{1996:230386,
 journal = {Comput. Linguist.},
 year = {1996},
 issn = {0891-2017},
 volume = {22},
 number = {2},
 issue_date = {June 1996},
 publisher = {MIT Press},
 address = {Cambridge, MA, USA},
key = {{$\!\!$}} ,
}

@inproceedings{Sherin:2012:UCM:2330601.2330649,
 author = {Sherin, Bruce},
 title = {Using Computational Methods to Discover Student Science Conceptions in Interview Data},
 booktitle = {Proceedings of the 2Nd International Conference on Learning Analytics and Knowledge},
 series = {LAK '12},
 year = {2012},
 isbn = {978-1-4503-1111-3},
 location = {Vancouver, British Columbia, Canada},
 pages = {188--197},
 numpages = {10},
 url = {http://doi.acm.org/10.1145/2330601.2330649},
 doi = {10.1145/2330601.2330649},
 acmid = {2330649},
 publisher = {ACM},
 address = {New York, NY, USA},
 keywords = {conceptual change, learning analytics},
}

@inproceedings{Horn:2017:AAP:3102071.3102083,
 author = {Horn, Britton and Hoover, Amy K. and Folajimi, Yetunde and Barnes, Jackie and Harteveld, Casper and Smith, Gillian},
 title = {AI-assisted Analysis of Player Strategy Across Level Progressions in a Puzzle Game},
 booktitle = {Proceedings of the 12th International Conference on the Foundations of Digital Games},
 series = {FDG '17},
 year = {2017},
 isbn = {978-1-4503-5319-9},
 location = {Hyannis, Massachusetts},
 pages = {9:1--9:10},
 articleno = {9},
 numpages = {10},
 url = {http://doi.acm.org/10.1145/3102071.3102083},
 doi = {10.1145/3102071.3102083},
 acmid = {3102083},
 publisher = {ACM},
 address = {New York, NY, USA},
 keywords = {AI-assistance, level progression, player strategy, puzzle game},
}

@inproceedings{Hentrich:2015:APM:2739011.2739020,
 author = {Hentrich, Carsten and Zdun, Uwe and Hlupic, Vlatka and Dotsika, Fefie},
 title = {An Approach for Pattern Mining Through Grounded Theory Techniques and Its Applications to Process-driven SOA Patterns},
 booktitle = {Proceedings of the 18th European Conference on Pattern Languages of Program},
 series = {EuroPLoP '13},
 year = {2015},
 isbn = {978-1-4503-3465-5},
 location = {Irsee, Germany},
 pages = {9:1--9:16},
 articleno = {9},
 numpages = {16},
 url = {http://doi.acm.org/10.1145/2739011.2739020},
 doi = {10.1145/2739011.2739020},
 acmid = {2739020},
 publisher = {ACM},
 address = {New York, NY, USA},
 keywords = {SQA, grounded theory, pattern mining, service oriented architecture},
}

@inproceedings{Impagliazzo:2000:EPG:335305.335306,
 author = {Impagliazzo, Russell and Shaltiel, Ronen and Wigderson, Avi},
 title = {Extractors and Pseudo-random Generators with Optimal Seed Length},
 booktitle = {Proceedings of the Thirty-second Annual ACM Symposium on Theory of Computing},
 series = {STOC '00},
 year = {2000},
 isbn = {1-58113-184-4},
 location = {Portland, Oregon, USA},
 pages = {1--10},
 numpages = {10},
 url = {http://doi.acm.org/10.1145/335305.335306},
 doi = {10.1145/335305.335306},
 acmid = {335306},
 publisher = {ACM},
 address = {New York, NY, USA},
}

@article{Hu:2013:NSD:2465085.2465103,
 author = {Hu, Chenglie},
 title = {The Nature of Software Design and Its Teaching: An Exposition},
 journal = {ACM Inroads},
 issue_date = {June 2013},
 volume = {4},
 number = {2},
 month = jun,
 year = {2013},
 issn = {2153-2184},
 pages = {62--72},
 numpages = {11},
 url = {http://doi.acm.org/10.1145/2465085.2465103},
 doi = {10.1145/2465085.2465103},
 acmid = {2465103},
 publisher = {ACM},
 address = {New York, NY, USA},
 keywords = {design knowledge, design process, design thinking, software design education},
}

@inproceedings{Bohm:2009:IMV:1715759.1715764,
 author = {B\"{o}hm, Peter},
 title = {Incremental Modelling and Verification of the PCI Express Transaction Layer},
 booktitle = {Proceedings of the 7th IEEE/ACM International Conference on Formal Methods and Models for Codesign},
 series = {MEMOCODE'09},
 year = {2009},
 isbn = {978-1-4244-4806-7},
 location = {Cambridge, Massachusetts},
 pages = {36--45},
 numpages = {10},
 url = {http://dl.acm.org/citation.cfm?id=1715759.1715764},
 acmid = {1715764},
 publisher = {IEEE Press},
 address = {Piscataway, NJ, USA},
}

@inproceedings{Wen:2019:WEA:3290605.3300338,
 author = {Wen, Zikai Alex and Lin, Zhiqiu and Chen, Rowena and Andersen, Erik},
 title = {What.Hack: Engaging Anti-Phishing Training Through a Role-playing Phishing Simulation Game},
 booktitle = {Proceedings of the 2019 CHI Conference on Human Factors in Computing Systems},
 series = {CHI '19},
 year = {2019},
 isbn = {978-1-4503-5970-2},
 location = {Glasgow, Scotland Uk},
 pages = {108:1--108:12},
 articleno = {108},
 numpages = {12},
 url = {http://doi.acm.org/10.1145/3290605.3300338},
 doi = {10.1145/3290605.3300338},
 acmid = {3300338},
 publisher = {ACM},
 address = {New York, NY, USA},
 keywords = {anti-phishing, applied game, situated learning},
}

@inproceedings{Engestrom:2008:DEF:1599812.1599814,
 author = {Engestr\"{o}m, Yrj\"{o}},
 title = {From Design Experiments to Formative Interventions},
 booktitle = {Proceedings of the 8th International Conference on International Conference for the Learning Sciences - Volume 1},
 series = {ICLS'08},
 year = {2008},
 location = {Utrecht, The Netherlands},
 pages = {3--24},
 numpages = {22},
 url = {http://dl.acm.org/citation.cfm?id=1599812.1599814},
 acmid = {1599814},
 publisher = {International Society of the Learning Sciences},
}

@article{Doerr:2008:DGK:1367080.1367085,
 author = {Doerr, Martin and Iorizzo, Dolores},
 title = {The Dream of a Global Knowledge Network\&Mdash;A New Approach},
 journal = {J. Comput. Cult. Herit.},
 issue_date = {June 2008},
 volume = {1},
 number = {1},
 month = jun,
 year = {2008},
 issn = {1556-4673},
 pages = {5:1--5:23},
 articleno = {5},
 numpages = {23},
 url = {http://doi.acm.org/10.1145/1367080.1367085},
 doi = {10.1145/1367080.1367085},
 acmid = {1367085},
 publisher = {ACM},
 address = {New York, NY, USA},
 keywords = {Research requirements, cultural heritage, global information access, information integration, interdisciplinary research, knowledge networks, ontology engineering},
}

@inproceedings{Cai:2019:HTC:3290605.3300234,
 author = {Cai, Carrie J. and Reif, Emily and Hegde, Narayan and Hipp, Jason and Kim, Been and Smilkov, Daniel and Wattenberg, Martin and Viegas, Fernanda and Corrado, Greg S. and Stumpe, Martin C. and Terry, Michael},
 title = {Human-Centered Tools for Coping with Imperfect Algorithms During Medical Decision-Making},
 booktitle = {Proceedings of the 2019 CHI Conference on Human Factors in Computing Systems},
 series = {CHI '19},
 year = {2019},
 isbn = {978-1-4503-5970-2},
 location = {Glasgow, Scotland Uk},
 pages = {4:1--4:14},
 articleno = {4},
 numpages = {14},
 url = {http://doi.acm.org/10.1145/3290605.3300234},
 doi = {10.1145/3290605.3300234},
 acmid = {3300234},
 publisher = {ACM},
 address = {New York, NY, USA},
 keywords = {clinical health, human-ai interaction, machine learning},
}

@article{Goguen:1992:IAM:147508.147524,
 author = {Goguen, Joseph A. and Burstall, Rod M.},
 title = {Institutions: Abstract Model Theory for Specification and Programming},
 journal = {J. ACM},
 issue_date = {Jan. 1992},
 volume = {39},
 number = {1},
 month = jan,
 year = {1992},
 issn = {0004-5411},
 pages = {95--146},
 numpages = {52},
 url = {http://doi.acm.org/10.1145/147508.147524},
 doi = {10.1145/147508.147524},
 acmid = {147524},
 publisher = {ACM},
 address = {New York, NY, USA},
}

