@article{Ulrich:1976:ETA:1037127.1037128,
 author = {Ulrich, Walter E.},
 title = {Expectancy Theory and Its Application to EDP Professionals: A Tentative View},
 journal = {SIGCPR Comput. Pers.},
 issue_date = {January 1976},
 volume = {5},
 number = {3-4},
 month = jan,
 year = {1976},
 issn = {0160-2497},
 pages = {2--4},
 numpages = {3},
 url = {http://doi.acm.org/10.1145/1037127.1037128},
 doi = {10.1145/1037127.1037128},
 acmid = {1037128},
 publisher = {ACM},
 address = {New York, NY, USA},
}

@inproceedings{Liu:2016:EPT:2971603.2971605,
 author = {Liu, Yi and Tarigan, Bernadetta},
 title = {Effects of Promotion Tweets on the Number of Followers in Micro-blogging Site},
 booktitle = {Proceedings of the 18th Annual International Conference on Electronic Commerce: E-Commerce in Smart Connected World},
 series = {ICEC '16},
 year = {2016},
 isbn = {978-1-4503-4222-3},
 location = {Suwon, Republic of Korea},
 pages = {2:1--2:8},
 articleno = {2},
 numpages = {8},
 url = {http://doi.acm.org/10.1145/2971603.2971605},
 doi = {10.1145/2971603.2971605},
 acmid = {2971605},
 publisher = {ACM},
 address = {New York, NY, USA},
 keywords = {follower number, group-buying, micro-blogging, social commerce, social media},
}

@inproceedings{Blanton:2000:RPD:333334.333387,
 author = {Blanton, J. Ellis and Wingreen, Stephen C. and Schambach, Thomas},
 title = {Relationships Between Personal Demographics and Motivation of Information Technology Professionals to Participate in Professional Development Research-in-progress},
 booktitle = {Proceedings of the 2000 ACM SIGCPR Conference on Computer Personnel Research},
 series = {SIGCPR '00},
 year = {2000},
 isbn = {1-58113-228-X},
 location = {Chicago, Illinois, USA},
 pages = {171--173},
 numpages = {3},
 url = {http://doi.acm.org/10.1145/333334.333387},
 doi = {10.1145/333334.333387},
 acmid = {333387},
 publisher = {ACM},
 address = {New York, NY, USA},
 keywords = {expectancy theory, motivation, personal demographics, professional development},
}

@inproceedings{Isla:2002:OPS:545056.545132,
 author = {Isla, Damian A. and Blumberg, Bruce M.},
 title = {Object Persistence for Synthetic Creatures},
 booktitle = {Proceedings of the First International Joint Conference on Autonomous Agents and Multiagent Systems: Part 3},
 series = {AAMAS '02},
 year = {2002},
 isbn = {1-58113-480-0},
 location = {Bologna, Italy},
 pages = {1356--1363},
 numpages = {8},
 url = {http://doi.acm.org/10.1145/545056.545132},
 doi = {10.1145/545056.545132},
 acmid = {545132},
 publisher = {ACM},
 address = {New York, NY, USA},
 keywords = {autonomous agents, common sense, graphical agents, object persistence, spatial common sense},
}

@inproceedings{Woodroof:1995:SEE:212490.213727,
 author = {Woodroof, Jonathan B. and Kasper, George M.},
 title = {A Synthesis of Equity, Expectation, and Needs Theories As a Conceptual Foundation for the User Satisfaction Construct in Information Systems Research},
 booktitle = {Proceedings of the 1995 ACM SIGCPR Conference on Supporting Teams, Groups, and Learning Inside and Outside the IS Function Reinventing IS},
 series = {SIGCPR '95},
 year = {1995},
 isbn = {0-89791-712-X},
 location = {Nashville, Tennessee, USA},
 pages = {253--254},
 numpages = {2},
 url = {http://doi.acm.org/10.1145/212490.213727},
 doi = {10.1145/212490.213727},
 acmid = {213727},
 publisher = {ACM},
 address = {New York, NY, USA},
}

@inproceedings{Xu:2015:IIN:2723576.2723663,
 author = {Xu, Zhenhua and Makos, Alexandra},
 title = {Investigating the Impact of a Notification System on Student Behaviors in a Discourse-intensive Hybrid Course: A Case Study},
 booktitle = {Proceedings of the Fifth International Conference on Learning Analytics And Knowledge},
 series = {LAK '15},
 year = {2015},
 isbn = {978-1-4503-3417-4},
 location = {Poughkeepsie, New York},
 pages = {402--403},
 numpages = {2},
 url = {http://doi.acm.org/10.1145/2723576.2723663},
 doi = {10.1145/2723576.2723663},
 acmid = {2723663},
 publisher = {ACM},
 address = {New York, NY, USA},
 keywords = {notification system, self-expectancy, student online behavior},
}

@inproceedings{Ozmen:2012:AIF:2338776.2338777,
 author = {\"{O}zmen, \"{O}zg\"{u}r and Yilmaz, Levent},
 title = {An Agent-based Information Foraging Model of Scientific Knowledge Creation and Spillover in Open Science Communities},
 booktitle = {Proceedings of the 2012 Symposium on Agent Directed Simulation},
 series = {ADS '12},
 year = {2012},
 isbn = {978-1-61839-783-6},
 location = {Orlando, Florida},
 pages = {1:1--1:7},
 articleno = {1},
 numpages = {7},
 url = {http://dl.acm.org/citation.cfm?id=2338776.2338777},
 acmid = {2338777},
 publisher = {Society for Computer Simulation International},
 address = {San Diego, CA, USA},
 keywords = {agent based modeling, expectancy theory, information foraging, knowledge spillover, science of science},
}

@inproceedings{Magnotti:2010:ASS:1878537.1878554,
 author = {Magnotti, John F. and Yilmaz, Levent},
 title = {An Agent Simulation Study of Optimal Foraging: The Ideal Free Distribution with Individual Scalar Expectancies},
 booktitle = {Proceedings of the 2010 Spring Simulation Multiconference},
 series = {SpringSim '10},
 year = {2010},
 isbn = {978-1-4503-0069-8},
 location = {Orlando, Florida},
 pages = {16:1--16:10},
 articleno = {16},
 numpages = {10},
 url = {https://doi.org/10.1145/1878537.1878554},
 doi = {10.1145/1878537.1878554},
 acmid = {1878554},
 publisher = {Society for Computer Simulation International},
 address = {San Diego, CA, USA},
 keywords = {adaptive foraging, agent-based model, group foraging, ideal-free distribution},
}

@Article{Cottrell:1977:382079,
 editor = {Cottrell, Roy},
 journal = {SIGCPR Comput. Pers.},
 year = {1977},
 issn = {0160-2497},
 volume = {6},
 number = {3-4},
 issue_date = {Summer 1977},
 publisher = {ACM},
 address = {New York, NY, USA},
}

@inproceedings{Robey:1980:PUI:800085.802729,
 author = {Robey, Daniel},
 title = {Perspectives of the User Interface},
 booktitle = {Proceedings of the Seventeenth Annual Computer Personnel Research Conference},
 series = {SIGCPR '80},
 year = {1980},
 isbn = {0-89791-022-2},
 location = {Miami, Florida, USA},
 pages = {21--32},
 numpages = {12},
 url = {http://doi.acm.org/10.1145/800085.802729},
 doi = {10.1145/800085.802729},
 acmid = {802729},
 publisher = {ACM},
 address = {New York, NY, USA},
}

@article{Myers:1991:MPI:126524.126529,
 author = {Myers, Martha E.},
 title = {Motivation and Performance in the Information Systems Field: A Survey of Related Studies},
 journal = {SIGCPR Comput. Pers.},
 issue_date = {Nov. 1991},
 volume = {13},
 number = {3},
 month = nov,
 year = {1991},
 issn = {0160-2497},
 pages = {44--49},
 numpages = {6},
 url = {http://doi.acm.org/10.1145/126524.126529},
 doi = {10.1145/126524.126529},
 acmid = {126529},
 publisher = {ACM},
 address = {New York, NY, USA},
}

@inproceedings{Gegenfurtner:2010:MTR:1854360.1854418,
 author = {Gegenfurtner, Andreas and Vauras, Marja and Gruber, Hans and Festner, Dagmar},
 title = {Motivation to Transfer Revisited},
 booktitle = {Proceedings of the 9th International Conference of the Learning Sciences - Volume 1},
 series = {ICLS '10},
 year = {2010},
 location = {Chicago, Illinois},
 pages = {452--459},
 numpages = {8},
 url = {http://dl.acm.org/citation.cfm?id=1854360.1854418},
 acmid = {1854418},
 publisher = {International Society of the Learning Sciences},
}

@inproceedings{Liu:2019:CAI:3318396.3318402,
 author = {Liu, Jing and Hou, Min and Zhao, Yue},
 title = {The Construction and Application of Incentive Mechanism Model in IT Teaching in Primary School},
 booktitle = {Proceedings of the 2019 8th International Conference on Educational and Information Technology},
 series = {ICEIT 2019},
 year = {2019},
 isbn = {978-1-4503-6267-2},
 location = {Cambridge, United Kingdom},
 pages = {73--78},
 numpages = {6},
 url = {http://doi.acm.org/10.1145/3318396.3318402},
 doi = {10.1145/3318396.3318402},
 acmid = {3318402},
 publisher = {ACM},
 address = {New York, NY, USA},
 keywords = {Incentive mechanism, information technology curriculum, learning motivation},
}

@article{Hall:2009:SRT:1525880.1525883,
 author = {Hall, Tracy and Baddoo, Nathan and Beecham, Sarah and Robinson, Hugh and Sharp, Helen},
 title = {A Systematic Review of Theory Use in Studies Investigating the Motivations of Software Engineers},
 journal = {ACM Trans. Softw. Eng. Methodol.},
 issue_date = {May 2009},
 volume = {18},
 number = {3},
 month = jun,
 year = {2009},
 issn = {1049-331X},
 pages = {10:1--10:29},
 articleno = {10},
 numpages = {29},
 url = {http://doi.acm.org/10.1145/1525880.1525883},
 doi = {10.1145/1525880.1525883},
 acmid = {1525883},
 publisher = {ACM},
 address = {New York, NY, USA},
 keywords = {Motivation, software engineering},
}

@inproceedings{Alayed:2014:CAT:2660398.2660431,
 author = {Alayed, Fahad},
 title = {Citizen Adoption of Technology Mediated Social Participation Systems},
 booktitle = {Proceedings of the 18th International Conference on Supporting Group Work},
 series = {GROUP '14},
 year = {2014},
 isbn = {978-1-4503-3043-5},
 location = {Sanibel Island, Florida, USA},
 pages = {250--251},
 numpages = {2},
 url = {http://doi.acm.org/10.1145/2660398.2660431},
 doi = {10.1145/2660398.2660431},
 acmid = {2660431},
 publisher = {ACM},
 address = {New York, NY, USA},
 keywords = {community, motivations, public good, technology acceptance, technology mediated social participation},
}

@inproceedings{Joshi:2001:GDC:371209.371224,
 author = {Joshi, K. D. and Kuhn, Kristine},
 title = {Gender Differences in IS Career Choice: Examine the Role of Attitudes and Social Norms in Selecting IS Profession},
 booktitle = {Proceedings of the 2001 ACM SIGCPR Conference on Computer Personnel Research},
 series = {SIGCPR '01},
 year = {2001},
 isbn = {1-58113-363-4},
 location = {San Diego, California, USA},
 pages = {121--124},
 numpages = {4},
 url = {http://doi.acm.org/10.1145/371209.371224},
 doi = {10.1145/371209.371224},
 acmid = {371224},
 publisher = {ACM},
 address = {New York, NY, USA},
}

@article{Moore:2016:PHR:2894216.2894218,
 author = {Moore, Jo Ellen and Hester, Andrea J. and Yager, Susan E.},
 title = {Paving the Higher Road: The Role of Voice in the Retention of IT Workers},
 journal = {SIGMIS Database},
 issue_date = {February 2016},
 volume = {47},
 number = {1},
 month = feb,
 year = {2016},
 issn = {0095-0033},
 pages = {8--28},
 numpages = {21},
 url = {http://doi.acm.org/10.1145/2894216.2894218},
 doi = {10.1145/2894216.2894218},
 acmid = {2894218},
 publisher = {ACM},
 address = {New York, NY, USA},
 keywords = {management of technology professionals, retention, turnover, voice},
}

@inproceedings{Hamouda:2011:FIA:1979742.1979503,
 author = {Hamouda, Hoda A. and Hussein, Mariam M. and Sharaf-El-Deen, Mohamed H. and Abdel-Aziz, Nermeen M. and Hanna, Shady M.},
 title = {Face-back: Who is the Illiterate Again?},
 booktitle = {CHI '11 Extended Abstracts on Human Factors in Computing Systems},
 series = {CHI EA '11},
 year = {2011},
 isbn = {978-1-4503-0268-5},
 location = {Vancouver, BC, Canada},
 pages = {953--958},
 numpages = {6},
 url = {http://doi.acm.org/10.1145/1979742.1979503},
 doi = {10.1145/1979742.1979503},
 acmid = {1979503},
 publisher = {ACM},
 address = {New York, NY, USA},
 keywords = {NGOs, culture, handcrafts, illiteracy, localized service, microfinance, user-centered design, web-based service},
}

@inproceedings{Myers:1991:MPI:111084.111089,
 author = {Myers, Martha E.},
 title = {Motivation and Performance in the Information Systems Field: A Survey of Related Studies},
 booktitle = {Proceedings of the 1991 Conference on SIGCPR},
 series = {SIGCPR '91},
 year = {1991},
 isbn = {0-89791-389-2},
 location = {Athens, Georgia, USA},
 pages = {32--37},
 numpages = {6},
 url = {http://doi.acm.org/10.1145/111084.111089},
 doi = {10.1145/111084.111089},
 acmid = {111089},
 publisher = {ACM},
 address = {New York, NY, USA},
}

@inproceedings{Kanno:2009:CSS:1655925.1655927,
 author = {Kanno, Yasuko and Terada, Masato and Yajima, Hidehiro and Kamamura, Toshinari and Doi, Norihisa},
 title = {A Comparative Study on Structure of the Motivation for Information Security by Security Incident Experiences},
 booktitle = {Proceedings of the 2Nd International Conference on Interaction Sciences: Information Technology, Culture and Human},
 series = {ICIS '09},
 year = {2009},
 isbn = {978-1-60558-710-3},
 location = {Seoul, Korea},
 pages = {9--16},
 numpages = {8},
 url = {http://doi.acm.org/10.1145/1655925.1655927},
 doi = {10.1145/1655925.1655927},
 acmid = {1655927},
 publisher = {ACM},
 address = {New York, NY, USA},
 keywords = {SEM, disincentive, drive, exploratory factor analysis, information security psychology, motivation, security incident},
}

@inproceedings{Hsieh:2009:QAM:1593254.1593260,
 author = {Hsieh, Yen-Hao and Yuan, Soe-Tsyr},
 title = {A Quantitative Approach to Measure Customer Expectation for Service Innovation Within Service Experience Delivery},
 booktitle = {Proceedings of the 11th International Conference on Electronic Commerce},
 series = {ICEC '09},
 year = {2009},
 isbn = {978-1-60558-586-4},
 location = {Taipei, Taiwan},
 pages = {38--46},
 numpages = {9},
 url = {http://doi.acm.org/10.1145/1593254.1593260},
 doi = {10.1145/1593254.1593260},
 acmid = {1593260},
 publisher = {ACM},
 address = {New York, NY, USA},
 keywords = {Fechner's law, customer expectation measurement, expectation, experience, innovation, service experiences delivery, service innovation},
}

@inproceedings{Goette:1998:FLS:274497.274532,
 author = {Goette, Tanya},
 title = {Factors Leading to the Successful Use of Voice Recognition Technology},
 booktitle = {Proceedings of the Third International ACM Conference on Assistive Technologies},
 series = {Assets '98},
 year = {1998},
 isbn = {1-58113-020-1},
 location = {Marina del Rey, California, USA},
 pages = {189--196},
 numpages = {8},
 url = {http://doi.acm.org/10.1145/274497.274532},
 doi = {10.1145/274497.274532},
 acmid = {274532},
 publisher = {ACM},
 address = {New York, NY, USA},
 keywords = {disability access, empirical studies, input/output devices, motor disabilities, speech and voice, user studies},
}

@inproceedings{Mourmant:2008:AEU:1355238.1355280,
 author = {Mourmant, Ga\"{e}tan},
 title = {Adapting and Extending the Unfolding Model of Voluntary Job Turnover to IS Entrepreneurs'},
 booktitle = {Proceedings of the 2008 ACM SIGMIS CPR Conference on Computer Personnel Doctoral Consortium and Research},
 series = {SIGMIS CPR '08},
 year = {2008},
 isbn = {978-1-60558-069-2},
 location = {Charlottesville, VA, USA},
 pages = {168--170},
 numpages = {3},
 url = {http://doi.acm.org/10.1145/1355238.1355280},
 doi = {10.1145/1355238.1355280},
 acmid = {1355280},
 publisher = {ACM},
 address = {New York, NY, USA},
 keywords = {entrepreneurship, job turnover, unfolding model of turnover},
}

@inproceedings{Zambonelli:2002:DIS:544741.544846,
 author = {Zambonelli, Franco and Van Dyke Parunak, H.},
 title = {From Design to Intention: Signs of a Revolution},
 booktitle = {Proceedings of the First International Joint Conference on Autonomous Agents and Multiagent Systems: Part 1},
 series = {AAMAS '02},
 year = {2002},
 isbn = {1-58113-480-0},
 location = {Bologna, Italy},
 pages = {455--456},
 numpages = {2},
 url = {http://doi.acm.org/10.1145/544741.544846},
 doi = {10.1145/544741.544846},
 acmid = {544846},
 publisher = {ACM},
 address = {New York, NY, USA},
}

@article{LeJeune:2010:CGM:1858583.1858604,
 author = {LeJeune, Noel},
 title = {Contract Grading with Mastery Learning in CS 1},
 journal = {J. Comput. Sci. Coll.},
 issue_date = {December 2010},
 volume = {26},
 number = {2},
 month = dec,
 year = {2010},
 issn = {1937-4771},
 pages = {149--156},
 numpages = {8},
 url = {http://dl.acm.org/citation.cfm?id=1858583.1858604},
 acmid = {1858604},
 publisher = {Consortium for Computing Sciences in Colleges},
 address = {USA},
}

@inproceedings{Burke:2002:UEM:544741.544820,
 author = {Burke, Robert and Blumberg, Bruce},
 title = {Using an Ethologically-inspired Model to Learn Apparent Temporal Causality for Planning in Synthetic Creatures},
 booktitle = {Proceedings of the First International Joint Conference on Autonomous Agents and Multiagent Systems: Part 1},
 series = {AAMAS '02},
 year = {2002},
 isbn = {1-58113-480-0},
 location = {Bologna, Italy},
 pages = {326--333},
 numpages = {8},
 url = {http://doi.acm.org/10.1145/544741.544820},
 doi = {10.1145/544741.544820},
 acmid = {544820},
 publisher = {ACM},
 address = {New York, NY, USA},
 keywords = {apparent temporal causality, autonomous agents, ethology, planning, reactive systems, synthetic characters, virtual creatures},
}

@article{Johnson:1999:IAD:342251.342263,
 author = {Johnson, Richard A. and Hardgrave, Bill C. and Doke, E. Reed},
 title = {An Industry Analysis of Developer Beliefs About Object-oriented Systems Development},
 journal = {SIGMIS Database},
 issue_date = {Winter 1999},
 volume = {30},
 number = {1},
 month = jan,
 year = {1999},
 issn = {0095-0033},
 pages = {47--64},
 numpages = {18},
 url = {http://doi.acm.org/10.1145/342251.342263},
 doi = {10.1145/342251.342263},
 acmid = {342263},
 publisher = {ACM},
 address = {New York, NY, USA},
 keywords = {developer beliefs, object-oriented development, software development, theory of planned behavior},
}

@inproceedings{Midden:2011:PPG:2467803.2467804,
 author = {Midden, Cees and Kimura, Hiroaki and Ham, Jaap and Nakajima, Tatsuo and Kleppe, Mieke},
 title = {Persuasive Power in Groups: The Influence of Group Feedback and Individual Comparison Feedback on Energy Consumption Behavior},
 booktitle = {Proceedings of the 6th International Conference on Persuasive Technology: Persuasive Technology and Design: Enhancing Sustainability and Health},
 series = {PERSUASIVE '11},
 year = {2011},
 isbn = {978-1-4503-0669-0},
 location = {Columbus, Ohio, USA},
 pages = {1:1--1:8},
 articleno = {1},
 numpages = {8},
 url = {http://doi.acm.org/10.1145/2467803.2467804},
 doi = {10.1145/2467803.2467804},
 acmid = {2467804},
 publisher = {ACM},
 address = {New York, NY, USA},
 keywords = {comparative feedback, group feedback, persuasive technology},
}

@inproceedings{deAbreu:1993:RSE:158011.158255,
 author = {de Abreu, Aline F. and Conrath, David W.},
 title = {The Role of Stakeholders' Expectations in Predicting Information Systems Implementation Outcomes},
 booktitle = {Proceedings of the 1993 Conference on Computer Personnel Research},
 series = {SIGCPR '93},
 year = {1993},
 isbn = {0-89791-572-0},
 location = {St Louis, Missouri, USA},
 pages = {408--415},
 numpages = {8},
 url = {http://doi.acm.org/10.1145/158011.158255},
 doi = {10.1145/158011.158255},
 acmid = {158255},
 publisher = {ACM},
 address = {New York, NY, USA},
}

@inproceedings{Franca:2010:DMS:1833310.1833324,
 author = {Fran\c{c}a, A. C{\'e}sar C. and da Silva, Fabio Q. B.},
 title = {Designing Motivation Strategies for Software Engineering Teams: An Empirical Study},
 booktitle = {Proceedings of the 2010 ICSE Workshop on Cooperative and Human Aspects of Software Engineering},
 series = {CHASE '10},
 year = {2010},
 isbn = {978-1-60558-966-4},
 location = {Cape Town, South Africa},
 pages = {84--91},
 numpages = {8},
 url = {http://doi.acm.org/10.1145/1833310.1833324},
 doi = {10.1145/1833310.1833324},
 acmid = {1833324},
 publisher = {ACM},
 address = {New York, NY, USA},
 keywords = {motivation, people management, software engineering, software teams},
}

@article{Lederer:1989:ISP:86227.86233,
 author = {Lederer, Albert L. and Mendelow, Aubrey L.},
 title = {Information Systems Planning: Incentives for Effective Action},
 journal = {SIGMIS Database},
 issue_date = {Fall 1989},
 volume = {20},
 number = {3},
 month = jun,
 year = {1989},
 issn = {0095-0033},
 pages = {13--20},
 numpages = {8},
 url = {http://doi.acm.org/10.1145/86227.86233},
 doi = {10.1145/86227.86233},
 acmid = {86233},
 publisher = {ACM},
 address = {New York, NY, USA},
}

@article{O'Donnell:1996:MDC:226650.226665,
 author = {O'Donnell, Paddy and Draper, Stephen W.},
 title = {How Machine Delays Change User Strategies},
 journal = {SIGCHI Bull.},
 issue_date = {April 1996},
 volume = {28},
 number = {2},
 month = apr,
 year = {1996},
 issn = {0736-6906},
 pages = {39--42},
 numpages = {4},
 url = {http://doi.acm.org/10.1145/226650.226665},
 doi = {10.1145/226650.226665},
 acmid = {226665},
 publisher = {ACM},
 address = {New York, NY, USA},
}

@inproceedings{Chernbumroong:2015:GCE:2846712.2846732,
 author = {Chernbumroong, Suepphong and Sureephong, Pradorn},
 title = {Gamification in Classroom, Effect of Categorization of Extrinsic Reward to Motivate Student Learning Performance},
 booktitle = {Proceedings of the International Convention on Rehabilitation Engineering \& Assistive Technology},
 series = {i-CREATe 2015},
 year = {2015},
 pages = {16:1--16:4},
 articleno = {16},
 numpages = {4},
 url = {http://dl.acm.org/citation.cfm?id=2846712.2846732},
 acmid = {2846732},
 publisher = {Singapore Therapeutic, Assistive \& Rehabilitative Technologies (START) Centre},
 address = {Kaki Bukit TechPark II,, Singapore},
 keywords = {Extrinsic Reward, Gamification, Motivation},
}

@inproceedings{Rawassizadeh:2011:FLA:2095697.2095747,
 author = {Rawassizadeh, Reza and Anjomshoaa, Amin and Tomitsch, Martin},
 title = {A Framework for Long-term Archiving of Pervasive Device Information},
 booktitle = {Proceedings of the 9th International Conference on Advances in Mobile Computing and Multimedia},
 series = {MoMM '11},
 year = {2011},
 isbn = {978-1-4503-0785-7},
 location = {Ho Chi Minh City, Vietnam},
 pages = {244--247},
 numpages = {4},
 url = {http://doi.acm.org/10.1145/2095697.2095747},
 doi = {10.1145/2095697.2095747},
 acmid = {2095747},
 publisher = {ACM},
 address = {New York, NY, USA},
 keywords = {digital preservation, personal archive, personal information, pervasive computing},
}

@inproceedings{Outlay:2007:RIS:1235000.1235053,
 author = {Outlay, Christina N.},
 title = {Resizing Information Systems Personnel After IT Outsourcing: Exploring Psychological Contracts, Violations, and Employee Outcomes},
 booktitle = {Proceedings of the 2007 ACM SIGMIS CPR Conference on Computer Personnel Research: The Global Information Technology Workforce},
 series = {SIGMIS CPR '07},
 year = {2007},
 isbn = {978-1-59593-641-7},
 location = {St. Louis, Missouri, USA},
 pages = {224--227},
 numpages = {4},
 url = {http://doi.acm.org/10.1145/1235000.1235053},
 doi = {10.1145/1235000.1235053},
 acmid = {1235053},
 publisher = {ACM},
 address = {New York, NY, USA},
 keywords = {IS personnel, IT outsourcing, psychological contract violation, resizing, strategic information systems planning},
}

@inproceedings{Chung:1994:EPM:186281.186330,
 author = {Chung, Woo Young and Guinan, Patricia J.},
 title = {Effects of Participative Management on the Performance of Software Development Teams},
 booktitle = {Proceedings of the 1994 Computer Personnel Research Conference on Reinventing IS : Managing Information Technology in Changing Organizations: Managing Information Technology in Changing Organizations},
 series = {SIGCPR '94},
 year = {1994},
 isbn = {0-89791-652-2},
 location = {Alexandria, Virginia, USA},
 pages = {252--260},
 numpages = {9},
 url = {http://doi.acm.org/10.1145/186281.186330},
 doi = {10.1145/186281.186330},
 acmid = {186330},
 publisher = {ACM},
 address = {New York, NY, USA},
}

@inproceedings{Han:2018:IBD:3193077.3193079,
 author = {Han, Xiao and Qingdong-Du},
 title = {Interaction Between Big Data and Cognitive Science},
 booktitle = {Proceedings of the 2Nd International Conference on Compute and Data Analysis},
 series = {ICCDA 2018},
 year = {2018},
 isbn = {978-1-4503-6359-4},
 location = {DeKalb, IL, USA},
 pages = {1--5},
 numpages = {5},
 url = {http://doi.acm.org/10.1145/3193077.3193079},
 doi = {10.1145/3193077.3193079},
 acmid = {3193079},
 publisher = {ACM},
 address = {New York, NY, USA},
 keywords = {Big data, cognitive science, correlation},
}

@article{Schell:1998:PCP:292349.292350,
 author = {Schell, George P.},
 title = {Perspectives on Computer Personnel Research},
 journal = {SIGCPR Comput. Pers.},
 issue_date = {April 1998},
 volume = {19},
 number = {2},
 month = apr,
 year = {1998},
 issn = {0160-2497},
 pages = {3--12},
 numpages = {10},
 url = {http://doi.acm.org/10.1145/292349.292350},
 doi = {10.1145/292349.292350},
 acmid = {292350},
 publisher = {ACM},
 address = {New York, NY, USA},
}

@inproceedings{Lunetta:1977:RFT:1499402.1499489,
 author = {Lunetta,Jr., Lawrence F.},
 title = {The Role of a Formal Training Program in Attracting and Developing Computer Professionals},
 booktitle = {Proceedings of the June 13-16, 1977, National Computer Conference},
 series = {AFIPS '77},
 year = {1977},
 location = {Dallas, Texas},
 pages = {487--491},
 numpages = {5},
 url = {http://doi.acm.org/10.1145/1499402.1499489},
 doi = {10.1145/1499402.1499489},
 acmid = {1499489},
 publisher = {ACM},
 address = {New York, NY, USA},
}

@inproceedings{Hopkins:1982:MAO:800067.802117,
 author = {Hopkins, Jeffery A.},
 title = {Matrix: An Alternate Organization Structure for the Exchange and Processing of Information},
 booktitle = {Proceedings of the 10th Annual ACM SIGUCCS Conference on User Services},
 series = {SIGUCCS '82},
 year = {1982},
 isbn = {0-89791-088-5},
 location = {Chicago, Illinois, USA},
 pages = {193--200},
 numpages = {8},
 url = {http://doi.acm.org/10.1145/800067.802117},
 doi = {10.1145/800067.802117},
 acmid = {802117},
 publisher = {ACM},
 address = {New York, NY, USA},
}

@inproceedings{Chen:2001:FUE:501158.501165,
 author = {Chen, Kay-Yut and Fine, Leslie R. and Huberman, Bernardo A.},
 title = {Forecasting Uncertain Events with Small Groups},
 booktitle = {Proceedings of the 3rd ACM Conference on Electronic Commerce},
 series = {EC '01},
 year = {2001},
 isbn = {1-58113-387-1},
 location = {Tampa, Florida, USA},
 pages = {58--64},
 numpages = {7},
 url = {http://doi.acm.org/10.1145/501158.501165},
 doi = {10.1145/501158.501165},
 acmid = {501165},
 publisher = {ACM},
 address = {New York, NY, USA},
 keywords = {Arrow-Debreu Securities, experimental economics, forecasting, information aggregation, markets, prediction},
}

@inproceedings{Lederer:1998:REU:279179.279211,
 author = {Lederer, Albert L. and Maupin, Donna J. and Sena, Mark P. and Zhuang, Youlong},
 title = {The Role of Ease of Use, Usefulness and Attitude in the Prediction of World Wide Web Usage},
 booktitle = {Proceedings of the 1998 ACM SIGCPR Conference on Computer Personnel Research},
 series = {SIGCPR '98},
 year = {1998},
 isbn = {0-89791-959-9},
 location = {Boston, Massachusetts, USA},
 pages = {195--204},
 numpages = {10},
 url = {http://doi.acm.org/10.1145/279179.279211},
 doi = {10.1145/279179.279211},
 acmid = {279211},
 publisher = {ACM},
 address = {New York, NY, USA},
 keywords = {World Wide Web, technology acceptance model},
}

@article{Chamillard:2005:LSA:1151954.1067512,
 author = {Chamillard, A. T. and Sward, Ricky E.},
 title = {Learning Styles Across the Curriculum},
 journal = {SIGCSE Bull.},
 issue_date = {September 2005},
 volume = {37},
 number = {3},
 month = jun,
 year = {2005},
 issn = {0097-8418},
 pages = {241--245},
 numpages = {5},
 url = {http://doi.acm.org/10.1145/1151954.1067512},
 doi = {10.1145/1151954.1067512},
 acmid = {1067512},
 publisher = {ACM},
 address = {New York, NY, USA},
 keywords = {learning styles, student performance},
}

@inproceedings{Chamillard:2005:LSA:1067445.1067512,
 author = {Chamillard, A. T. and Sward, Ricky E.},
 title = {Learning Styles Across the Curriculum},
 booktitle = {Proceedings of the 10th Annual SIGCSE Conference on Innovation and Technology in Computer Science Education},
 series = {ITiCSE '05},
 year = {2005},
 isbn = {1-59593-024-8},
 location = {Caparica, Portugal},
 pages = {241--245},
 numpages = {5},
 url = {http://doi.acm.org/10.1145/1067445.1067512},
 doi = {10.1145/1067445.1067512},
 acmid = {1067512},
 publisher = {ACM},
 address = {New York, NY, USA},
 keywords = {learning styles, student performance},
}

@inproceedings{Johnson:1971:CSE:800184.810479,
 author = {Johnson, Douglas F and Mihal, William L},
 title = {The Computerized Statesman: Further Explorations into the Escalation of Conflict},
 booktitle = {Proceedings of the 1971 26th Annual Conference},
 series = {ACM '71},
 year = {1971},
 pages = {156--168},
 numpages = {13},
 url = {http://doi.acm.org/10.1145/800184.810479},
 doi = {10.1145/800184.810479},
 acmid = {810479},
 publisher = {ACM},
 address = {New York, NY, USA},
 keywords = {Compliance, Computer-controlled experimentation, Conflict resolution, Deterrent and compellent threats, Interaction simulation, Man-computer interaction, Real-time psychological research},
}

@article{Benham:1996:ITA:227005.227006,
 author = {Benham, Harry C. and Raymond, Bruce C.},
 title = {Information Technology Adoption: Evidence from a Voice Mail Introduction},
 journal = {SIGCPR Comput. Pers.},
 issue_date = {Jan. 1996},
 volume = {17},
 number = {1},
 month = jan,
 year = {1996},
 issn = {0160-2497},
 pages = {3--25},
 numpages = {23},
 url = {http://doi.acm.org/10.1145/227005.227006},
 doi = {10.1145/227005.227006},
 acmid = {227006},
 publisher = {ACM},
 address = {New York, NY, USA},
}

@article{Hait:2000:AOP:568965.568969,
 author = {Hait, F{\'e}rial Benachour},
 title = {Agent Oriented Programming with Ada'95: Application to Financial Markets},
 journal = {Ada Lett.},
 issue_date = {March 2000},
 volume = {XX},
 number = {1},
 month = mar,
 year = {2000},
 issn = {1094-3641},
 pages = {67--80},
 numpages = {14},
 url = {http://doi.acm.org/10.1145/568965.568969},
 doi = {10.1145/568965.568969},
 acmid = {568969},
 publisher = {ACM},
 address = {New York, NY, USA},
}

@article{Sutcliffe:2005:ASG:1082983.1083119,
 author = {Sutcliffe, Alistair},
 title = {Applying Small Group Theory to Analysis and Design of CSCW Systems},
 journal = {SIGSOFT Softw. Eng. Notes},
 issue_date = {July 2005},
 volume = {30},
 number = {4},
 month = may,
 year = {2005},
 issn = {0163-5948},
 pages = {1--6},
 numpages = {6},
 url = {http://doi.acm.org/10.1145/1082983.1083119},
 doi = {10.1145/1082983.1083119},
 acmid = {1083119},
 publisher = {ACM},
 address = {New York, NY, USA},
 keywords = {CSCW, social technical environment, system models},
}

@inproceedings{Sutcliffe:2005:ASG:1083106.1083119,
 author = {Sutcliffe, Alistair},
 title = {Applying Small Group Theory to Analysis and Design of CSCW Systems},
 booktitle = {Proceedings of the 2005 Workshop on Human and Social Factors of Software Engineering},
 series = {HSSE '05},
 year = {2005},
 isbn = {1-59593-120-1},
 location = {St. Louis, Missouri},
 pages = {1--6},
 numpages = {6},
 url = {http://doi.acm.org/10.1145/1082983.1083119},
 doi = {10.1145/1082983.1083119},
 acmid = {1083119},
 publisher = {ACM},
 address = {New York, NY, USA},
 keywords = {CSCW, social technical environment, system models},
}

@inproceedings{Byrd:1990:DIM:97709.97720,
 author = {Byrd, Terry A. and Howser,Jr., Richard D.},
 title = {Development of an Instrument to Measure Managers Attitudes Toward Automated Decision Making},
 booktitle = {Proceedings of the 1990 ACM SIGBDP Conference on Trends and Directions in Expert Systems},
 series = {SIGBDP '90},
 year = {1990},
 isbn = {0-89791-416-3},
 location = {Orlando, Florida, USA},
 pages = {141--154},
 numpages = {14},
 url = {http://doi.acm.org/10.1145/97709.97720},
 doi = {10.1145/97709.97720},
 acmid = {97720},
 publisher = {ACM},
 address = {New York, NY, USA},
}

@inproceedings{Kim:2003:SEC:948005.948046,
 author = {Kim, Dan J. and Ferrin, Donald L and Rao, H Raghav},
 title = {A Study of the Effect of Consumer Trust on Consumer Expectations and Satisfaction: The Korean Experience},
 booktitle = {Proceedings of the 5th International Conference on Electronic Commerce},
 series = {ICEC '03},
 year = {2003},
 isbn = {1-58113-788-5},
 location = {Pittsburgh, Pennsylvania, USA},
 pages = {310--315},
 numpages = {6},
 url = {http://doi.acm.org/10.1145/948005.948046},
 doi = {10.1145/948005.948046},
 acmid = {948046},
 publisher = {ACM},
 address = {New York, NY, USA},
 keywords = {consumer satisfaction, consumer trust, expectation-confirmation theory, pre-purchase and post-purchase stages, social exchange theory},
}

@inproceedings{Mathieson:2006:UVW:1125170.1125226,
 author = {Mathieson, Kieran},
 title = {Using Volunteers for IT Work: Research Questions},
 booktitle = {Proceedings of the 2006 ACM SIGMIS CPR Conference on Computer Personnel Research: Forty Four Years of Computer Personnel Research: Achievements, Challenges \&Amp; the Future},
 series = {SIGMIS CPR '06},
 year = {2006},
 isbn = {1-59593-349-2},
 location = {Claremont, California, USA},
 pages = {230--235},
 numpages = {6},
 url = {http://doi.acm.org/10.1145/1125170.1125226},
 doi = {10.1145/1125170.1125226},
 acmid = {1125226},
 publisher = {ACM},
 address = {New York, NY, USA},
 keywords = {NTAP, nonprofit, voluntary organization, volunteer},
}

@inproceedings{Gura:1988:IMS:285730.285779,
 author = {Gura, Carol V. and Abraham, Jacob A.},
 title = {Improved Methods of Simulating RLC Couple and Uncoupled Transmission Lines Based on the Method of Characteristics},
 booktitle = {Proceedings of the 25th ACM/IEEE Design Automation Conference},
 series = {DAC '88},
 year = {1988},
 isbn = {0-8186-8864-5},
 location = {Atlantic City, New Jersey, USA},
 pages = {300--305},
 numpages = {6},
 url = {http://dl.acm.org/citation.cfm?id=285730.285779},
 acmid = {285779},
 publisher = {IEEE Computer Society Press},
 address = {Los Alamitos, CA, USA},
}

@article{Gammerman:2015:ACB:2789272.2886816,
 author = {Gammerman, Alex and Vovk, Vladimir},
 title = {Alexey Chervonenkis's Bibliography},
 journal = {J. Mach. Learn. Res.},
 issue_date = {January 2015},
 volume = {16},
 number = {1},
 month = jan,
 year = {2015},
 issn = {1532-4435},
 pages = {2067--2080},
 numpages = {14},
 url = {http://dl.acm.org/citation.cfm?id=2789272.2886816},
 acmid = {2886816},
 publisher = {JMLR.org},
}

@inproceedings{Wang:2018:EDP:3195863.3196958,
 author = {Wang, Lili and Wang, Yong},
 title = {Do Extra Dollars Paid-off?: An Exploratory Study on Topcoder},
 booktitle = {Proceedings of the 5th International Workshop on Crowd Sourcing in Software Engineering},
 series = {CSI-SE '18},
 year = {2018},
 isbn = {978-1-4503-5733-3},
 location = {Gothenburg, Sweden},
 pages = {21--27},
 numpages = {7},
 url = {http://doi.acm.org/10.1145/3195863.3196958},
 doi = {10.1145/3195863.3196958},
 acmid = {3196958},
 publisher = {ACM},
 address = {New York, NY, USA},
 keywords = {crowdsourcing, pricing strategy, task award, worker behaviors, worker performance},
}

@inproceedings{Franca:2014:MSE:2652524.2652545,
 author = {Fran\c{c}a, C{\'e}sar and Sharp, Helen and da Silva, Fabio Q. B.},
 title = {Motivated Software Engineers Are Engaged and Focused, While Satisfied Ones Are Happy},
 booktitle = {Proceedings of the 8th ACM/IEEE International Symposium on Empirical Software Engineering and Measurement},
 series = {ESEM '14},
 year = {2014},
 isbn = {978-1-4503-2774-9},
 location = {Torino, Italy},
 pages = {32:1--32:8},
 articleno = {32},
 numpages = {8},
 url = {http://doi.acm.org/10.1145/2652524.2652545},
 doi = {10.1145/2652524.2652545},
 acmid = {2652545},
 publisher = {ACM},
 address = {New York, NY, USA},
 keywords = {job satisfaction, software engineers, work motivation},
}

@inproceedings{Neubaum:2014:IIS:2641580.2641604,
 author = {Neubaum, German and Wichmann, Astrid and Eimler, Sabrina C. and Kr\"{a}mer, Nicole C.},
 title = {Investigating Incentives for Students to Provide Peer Feedback in a Semi-Open Online Course: An Experimental Study},
 booktitle = {Proceedings of The International Symposium on Open Collaboration},
 series = {OpenSym '14},
 year = {2014},
 isbn = {978-1-4503-3016-9},
 location = {Berlin, Germany},
 pages = {19:1--19:7},
 articleno = {19},
 numpages = {7},
 url = {http://doi.acm.org/10.1145/2641580.2641604},
 doi = {10.1145/2641580.2641604},
 acmid = {2641604},
 publisher = {ACM},
 address = {New York, NY, USA},
 keywords = {MOOC, incentive, peer assessment, peer feedback},
}

@inproceedings{Hu:2009:LEO:1593254.1593278,
 author = {Hu, Paul Jen-Hwa and Chen, Hsinchun and Hu, Han-Fen},
 title = {Law Enforcement Officers' Acceptance of Advanced e-Government Technology: A Survey Study of COPLNK Mobile},
 booktitle = {Proceedings of the 11th International Conference on Electronic Commerce},
 series = {ICEC '09},
 year = {2009},
 isbn = {978-1-60558-586-4},
 location = {Taipei, Taiwan},
 pages = {160--168},
 numpages = {9},
 url = {http://doi.acm.org/10.1145/1593254.1593278},
 doi = {10.1145/1593254.1593278},
 acmid = {1593278},
 publisher = {ACM},
 address = {New York, NY, USA},
 keywords = {COPLINK Mobile, technology acceptance},
}

@inproceedings{Castelfranchi:2003:PNE:1047788.1047819,
 author = {Castelfranchi, Cristiano and Tummolini, Luca},
 title = {Positive and Negative Expectations and the Deontic Nature of Social Conventions},
 booktitle = {Proceedings of the 9th International Conference on Artificial Intelligence and Law},
 series = {ICAIL '03},
 year = {2003},
 isbn = {1-58113-747-8},
 location = {Scotland, United Kingdom},
 pages = {119--125},
 numpages = {7},
 url = {http://doi.acm.org/10.1145/1047788.1047819},
 doi = {10.1145/1047788.1047819},
 acmid = {1047819},
 publisher = {ACM},
 address = {New York, NY, USA},
 keywords = {convention, coordination, economic and theory, normative expectation, prescription, social norm},
}

@inproceedings{Nakayama:2007:PTA:1235000.1235039,
 author = {Nakayama, Makoto and Sutcliffe, Norma G.},
 title = {Perspective-driven IT Talent Acquisition},
 booktitle = {Proceedings of the 2007 ACM SIGMIS CPR Conference on Computer Personnel Research: The Global Information Technology Workforce},
 series = {SIGMIS CPR '07},
 year = {2007},
 isbn = {978-1-59593-641-7},
 location = {St. Louis, Missouri, USA},
 pages = {171--178},
 numpages = {8},
 url = {http://doi.acm.org/10.1145/1235000.1235039},
 doi = {10.1145/1235000.1235039},
 acmid = {1235039},
 publisher = {ACM},
 address = {New York, NY, USA},
 keywords = {IT personnel evaluation, IT skills, perspective, taxonomy},
}

@article{Hsu:2003:CSM:957758.957766,
 author = {Hsu, Maxwell K. and Chen, H. G. and Jiang, James J. and Klein, Gary},
 title = {Career Satisfaction for Managerial and Technical Anchored IS Personnel in Later Career Stages},
 journal = {SIGMIS Database},
 issue_date = {Fall 2003},
 volume = {34},
 number = {4},
 month = nov,
 year = {2003},
 issn = {0095-0033},
 pages = {64--72},
 numpages = {9},
 url = {http://doi.acm.org/10.1145/957758.957766},
 doi = {10.1145/957758.957766},
 acmid = {957766},
 publisher = {ACM},
 address = {New York, NY, USA},
 keywords = {career anchors, career satisfaction, career stages, information system personnel},
}

@inproceedings{Nassal:2016:MHB:2896958.2896961,
 author = {Nassal, Alexander and Tichy, Matthias},
 title = {Modeling Human Behavior for Software Engineering Simulation Games},
 booktitle = {Proceedings of the 5th International Workshop on Games and Software Engineering},
 series = {GAS '16},
 year = {2016},
 isbn = {978-1-4503-4160-8},
 location = {Austin, Texas},
 pages = {8--14},
 numpages = {7},
 url = {http://doi.acm.org/10.1145/2896958.2896961},
 doi = {10.1145/2896958.2896961},
 acmid = {2896961},
 publisher = {ACM},
 address = {New York, NY, USA},
 keywords = {human behavior, project management, simulation, simulation games, software engineering education},
}

@inproceedings{Schwaiger:2013:AMI:2539150.2539214,
 author = {Schwaiger, Walter S. A. and Abmayer, Michael},
 title = {Accounting and Management Information Systems: A Semantic Integration},
 booktitle = {Proceedings of International Conference on Information Integration and Web-based Applications \&\#38; Services},
 series = {IIWAS '13},
 year = {2013},
 isbn = {978-1-4503-2113-6},
 location = {Vienna, Austria},
 pages = {346:346--346:352},
 articleno = {346},
 numpages = {7},
 url = {http://doi.acm.org/10.1145/2539150.2539214},
 doi = {10.1145/2539150.2539214},
 acmid = {2539214},
 publisher = {ACM},
 address = {New York, NY, USA},
 keywords = {Accounting information systems, REA business ontology, cybernetic management framework, management information systems, probabilistic REA management ontology},
}

@inproceedings{Fowler:2019:ISI:3287324.3287401,
 author = {Fowler, Megan and Cook, Michelle and Plis, Kevin and Schwab, Tim and Sun, Yu-Shan and Sitaraman, Murali and Hallstrom, Jason O. and Hollingsworth, Joseph E.},
 title = {Impact of Steps, Instruction, and Motivation on Learning Symbolic Reasoning Using an Online Tool},
 booktitle = {Proceedings of the 50th ACM Technical Symposium on Computer Science Education},
 series = {SIGCSE '19},
 year = {2019},
 isbn = {978-1-4503-5890-3},
 location = {Minneapolis, MN, USA},
 pages = {1039--1045},
 numpages = {7},
 url = {http://doi.acm.org/10.1145/3287324.3287401},
 doi = {10.1145/3287324.3287401},
 acmid = {3287401},
 publisher = {ACM},
 address = {New York, NY, USA},
 keywords = {attitudes, correctness, motivation, online tool, symbolic reasoning},
}

@article{Suh:1994:ECA:181883.181884,
 author = {Suh, Kunsoo and Kim, Sanghoon and Lee, Jinjoo},
 title = {End-user Computing Abilities and the Use of Information Systems},
 journal = {SIGCPR Comput. Pers.},
 issue_date = {April 1994},
 volume = {15},
 number = {1},
 month = apr,
 year = {1994},
 issn = {0160-2497},
 pages = {3--14},
 numpages = {12},
 url = {http://doi.acm.org/10.1145/181883.181884},
 doi = {10.1145/181883.181884},
 acmid = {181884},
 publisher = {ACM},
 address = {New York, NY, USA},
}

@inproceedings{Wang:2017:CMM:3038535.3038542,
 author = {Wang, Ruijie and Chen, Liming and Solheim, Ivar and Schulz, Trenton and Ayesh, Aladdin},
 title = {Conceptual Motivation Modeling for Students with Dyslexia for Enhanced Assistive Learning},
 booktitle = {Proceedings of the 2017 ACM Workshop on Intelligent Interfaces for Ubiquitous and Smart Learning},
 series = {SmartLearn '17},
 year = {2017},
 isbn = {978-1-4503-4904-8},
 location = {Limassol, Cyprus},
 pages = {11--18},
 numpages = {8},
 url = {http://doi.acm.org/10.1145/3038535.3038542},
 doi = {10.1145/3038535.3038542},
 acmid = {3038542},
 publisher = {ACM},
 address = {New York, NY, USA},
 keywords = {assistive learning software, conceptual model, dyslexia, motivation},
}

@article{Zhang:2012:POO:2398834.2398837,
 author = {Zhang, Xiaoni and Ryan, Sherry D. and Prybutok, Victor R. and Kappelman, Leon},
 title = {Perceived Obsolescence, Organizational Embeddedness, and Turnover of It Workers: An Empirical Study},
 journal = {SIGMIS Database},
 issue_date = {November 2012},
 volume = {43},
 number = {4},
 month = nov,
 year = {2012},
 issn = {0095-0033},
 pages = {12--32},
 numpages = {21},
 url = {http://doi.acm.org/10.1145/2398834.2398837},
 doi = {10.1145/2398834.2398837},
 acmid = {2398837},
 publisher = {ACM},
 address = {New York, NY, USA},
 keywords = {information technology professionals, it workforce, job embeddedness, job satisfaction, organizational embeddedness, perceived skill obsolescence, retention, turnover intention, voluntary turnover},
}

@article{Henry:1995:CSO:219716.219722,
 author = {Henry, John W. and Stone, Robert W.},
 title = {Computer Self-efficacy and Outcome Expectancy: The Effects on the End-user's Job Satisfaction},
 journal = {SIGCPR Comput. Pers.},
 issue_date = {Oct. 1995},
 volume = {16},
 number = {4},
 month = oct,
 year = {1995},
 issn = {0160-2497},
 pages = {15--34},
 numpages = {20},
 url = {http://doi.acm.org/10.1145/219716.219722},
 doi = {10.1145/219716.219722},
 acmid = {219722},
 publisher = {ACM},
 address = {New York, NY, USA},
}

@inproceedings{Lai:2008:AME:1355238.1355257,
 author = {Lai, J.-Y. and Ong, C.-S. and Yang, C.-C. and Wang, C.-T.},
 title = {Assessing and Managing Employee Readiness for Embracing e-Business},
 booktitle = {Proceedings of the 2008 ACM SIGMIS CPR Conference on Computer Personnel Doctoral Consortium and Research},
 series = {SIGMIS CPR '08},
 year = {2008},
 isbn = {978-1-60558-069-2},
 location = {Charlottesville, VA, USA},
 pages = {79--87},
 numpages = {9},
 url = {http://doi.acm.org/10.1145/1355238.1355257},
 doi = {10.1145/1355238.1355257},
 acmid = {1355257},
 publisher = {ACM},
 address = {New York, NY, USA},
 keywords = {e-business, readiness, scale},
}

@inproceedings{Courtois:2012:SCH:2325616.2325621,
 author = {Courtois, C{\'e}dric and Van Lier, Julie},
 title = {Socio-spatial Context and the Habit-goal Interface in Audiovisual Media Consumption: An Inter-paradigmatic Approach},
 booktitle = {Proceedings of the 10th European Conference on Interactive TV and Video},
 series = {EuroITV '12},
 year = {2012},
 isbn = {978-1-4503-1107-6},
 location = {Berlin, Germany},
 pages = {9--18},
 numpages = {10},
 url = {http://doi.acm.org/10.1145/2325616.2325621},
 doi = {10.1145/2325616.2325621},
 acmid = {2325621},
 publisher = {ACM},
 address = {New York, NY, USA},
 keywords = {audiovisual media consumption, domestication theory, inter-paradigmatic research, socio-spatial context},
}

@inproceedings{Ahn:2016:GYW:2971603.2971634,
 author = {Ahn, Daehwan and Park, Hyanghee and Yoo, Byungjoon},
 title = {Which Group Do You Want to Travel with?: A Study of Rating Differences Among Groups on Online Travel Reviews},
 booktitle = {Proceedings of the 18th Annual International Conference on Electronic Commerce: E-Commerce in Smart Connected World},
 series = {ICEC '16},
 year = {2016},
 isbn = {978-1-4503-4222-3},
 location = {Suwon, Republic of Korea},
 pages = {31:1--31:8},
 articleno = {31},
 numpages = {8},
 url = {http://doi.acm.org/10.1145/2971603.2971634},
 doi = {10.1145/2971603.2971634},
 acmid = {2971634},
 publisher = {ACM},
 address = {New York, NY, USA},
 keywords = {group difference, hotel rating, online reviews, online travel, smart tourism},
}

@inproceedings{Mourmant:2012:IUC:2214091.2214107,
 author = {Mourmant, Ga\"{e}tan and Voutsina, Katerina},
 title = {What Should I Understand?: The Concept of Shift of Understanding, a Quote-based Analysis},
 booktitle = {Proceedings of the 50th Annual Conference on Computers and People Research},
 series = {SIGMIS-CPR '12},
 year = {2012},
 isbn = {978-1-4503-1110-6},
 location = {Milwaukee, Wisconsin, USA},
 pages = {49--60},
 numpages = {12},
 url = {http://doi.acm.org/10.1145/2214091.2214107},
 doi = {10.1145/2214091.2214107},
 acmid = {2214107},
 publisher = {ACM},
 address = {New York, NY, USA},
 keywords = {IT entrepreneurial turnover, cognition, entrepreneurial event, shock, turnover},
}

@article{Liang:1986:CSF:16221.16222,
 author = {Liang, Ting Peng},
 title = {Critical Success Factors of Decision Support Systems: An Experimental Study},
 journal = {SIGMIS Database},
 issue_date = {Winter 1986},
 volume = {17},
 number = {2},
 month = jan,
 year = {1986},
 issn = {0095-0033},
 pages = {3--16},
 numpages = {14},
 url = {http://doi.acm.org/10.1145/16221.16222},
 doi = {10.1145/16221.16222},
 acmid = {16222},
 publisher = {ACM},
 address = {New York, NY, USA},
}

@article{Alon:1997:SDU:263867.263927,
 author = {Alon, Noga and Ben-David, Shai and Cesa-Bianchi, Nicol\`{o} and Haussler, David},
 title = {Scale-sensitive Dimensions, Uniform Convergence, and Learnability},
 journal = {J. ACM},
 issue_date = {July 1997},
 volume = {44},
 number = {4},
 month = jul,
 year = {1997},
 issn = {0004-5411},
 pages = {615--631},
 numpages = {17},
 url = {http://doi.acm.org/10.1145/263867.263927},
 doi = {10.1145/263867.263927},
 acmid = {263927},
 publisher = {ACM},
 address = {New York, NY, USA},
 keywords = {PAC learning, Vapnik-Chervonenkis dimension, uniform laws of large numbers},
}

@article{Christensen:2003:DCM:945365.945368,
 author = {Christensen, Stefan W. and Sinclair, Ian and Reed, Philippa A. S.},
 title = {Designing Committees of Models Through Deliberate Weighting of Data Points},
 journal = {J. Mach. Learn. Res.},
 issue_date = {12/1/2003},
 volume = {4},
 month = dec,
 year = {2003},
 issn = {1532-4435},
 pages = {39--66},
 numpages = {28},
 url = {https://doi.org/10.1162/153244304322765630},
 doi = {10.1162/153244304322765630},
 acmid = {945368},
 publisher = {JMLR.org},
}

@inproceedings{Burke:2008:MUM:1460563.1460571,
 author = {Burke, Moira and Kraut, Robert},
 title = {Mopping Up: Modeling Wikipedia Promotion Decisions},
 booktitle = {Proceedings of the 2008 ACM Conference on Computer Supported Cooperative Work},
 series = {CSCW '08},
 year = {2008},
 isbn = {978-1-60558-007-4},
 location = {San Diego, CA, USA},
 pages = {27--36},
 numpages = {10},
 url = {http://doi.acm.org/10.1145/1460563.1460571},
 doi = {10.1145/1460563.1460571},
 acmid = {1460571},
 publisher = {ACM},
 address = {New York, NY, USA},
 keywords = {administrators, collaboration, management, organizational behavior, policy capture, promotion, wikipedia},
}

@inproceedings{Lee:2011:YBL:1940761.1940807,
 author = {Lee, Seoyeon and Sun, Yuan and Thiry, Elizabeth},
 title = {Do You Believe in Love at First Sight: Effects of Media Richness via Modalities on Viewers' Overall Impressions of Online Dating Profiles},
 booktitle = {Proceedings of the 2011 iConference},
 series = {iConference '11},
 year = {2011},
 isbn = {978-1-4503-0121-3},
 location = {Seattle, Washington, USA},
 pages = {332--339},
 numpages = {8},
 url = {http://doi.acm.org/10.1145/1940761.1940807},
 doi = {10.1145/1940761.1940807},
 acmid = {1940807},
 publisher = {ACM},
 address = {New York, NY, USA},
 keywords = {MAIN model, impression formation, media richness theory, modality, online dating, social information processing},
}

@inproceedings{Liikkanen:2013:DIS:2513506.2513522,
 author = {Liikkanen, Lassi A. and G\'{o}mez, Paula G\'{o}mez},
 title = {Designing Interactive Systems for the Experience of Time},
 booktitle = {Proceedings of the 6th International Conference on Designing Pleasurable Products and Interfaces},
 series = {DPPI '13},
 year = {2013},
 isbn = {978-1-4503-2192-1},
 location = {Newcastle upon Tyne, United Kingdom},
 pages = {146--155},
 numpages = {10},
 url = {http://doi.acm.org/10.1145/2513506.2513522},
 doi = {10.1145/2513506.2513522},
 acmid = {2513522},
 publisher = {ACM},
 address = {New York, NY, USA},
 keywords = {HCI design and evaluation methods, concepts and paradigms, interaction design theory, psychology, user experience, user models},
}

@inproceedings{Bruno:2009:CRH:1641804.1641819,
 author = {Bruno, Raffaele and Conti, Marco and Pinizzotto, Antonio},
 title = {Capacity-aware Routing in Heterogeneous Mesh Networks: An Analytical Approach},
 booktitle = {Proceedings of the 12th ACM International Conference on Modeling, Analysis and Simulation of Wireless and Mobile Systems},
 series = {MSWiM '09},
 year = {2009},
 isbn = {978-1-60558-616-8},
 location = {Tenerife, Canary Islands, Spain},
 pages = {73--81},
 numpages = {9},
 url = {http://doi.acm.org/10.1145/1641804.1641819},
 doi = {10.1145/1641804.1641819},
 acmid = {1641819},
 publisher = {ACM},
 address = {New York, NY, USA},
 keywords = {load balancing, performance evaluation, queuing networks, routing, wireless mesh networks},
}

@article{Wall:2018:OMI:3210530.3210536,
 author = {Wall, Jeffrey D. and Singh, Rahul},
 title = {The Organization Man and the Innovator: Theoretical Archetypes to Inform Behavioral Information Security Research},
 journal = {SIGMIS Database},
 issue_date = {April 2018},
 volume = {49},
 number = {SI},
 month = apr,
 year = {2018},
 issn = {0095-0033},
 pages = {67--80},
 numpages = {14},
 url = {http://doi.acm.org/10.1145/3210530.3210536},
 doi = {10.1145/3210530.3210536},
 acmid = {3210536},
 publisher = {ACM},
 address = {New York, NY, USA},
 keywords = {archetype, bricoleur, engineer, information security, innovator, organization man, risk},
}

@inproceedings{Chaporkar:2009:SLI:1530748.1530759,
 author = {Chaporkar, Prasanna and Proutiere, Alexandre and Asnani, Himanshu and Karandikar, Abhay},
 title = {Scheduling with Limited Information in Wireless Systems},
 booktitle = {Proceedings of the Tenth ACM International Symposium on Mobile Ad Hoc Networking and Computing},
 series = {MobiHoc '09},
 year = {2009},
 isbn = {978-1-60558-624-3},
 location = {New Orleans, LA, USA},
 pages = {75--84},
 numpages = {10},
 url = {http://doi.acm.org/10.1145/1530748.1530759},
 doi = {10.1145/1530748.1530759},
 acmid = {1530759},
 publisher = {ACM},
 address = {New York, NY, USA},
 keywords = {cognitive radio, optimal stopping time, queue stability, throughput optimality},
}

@inproceedings{Sharpanskykh:2010:WPS:1838194.1838203,
 author = {Sharpanskykh, Alexei and Stroeve, Sybert},
 title = {Can We Predict Safety Culture?},
 booktitle = {Proceedings of the 9th International Conference on Autonomous Agents and Multiagent Systems: Industry Track},
 series = {AAMAS '10},
 year = {2010},
 isbn = {978-0-9826571-4-0},
 location = {Toronto, Canada},
 pages = {1739--1746},
 numpages = {8},
 url = {http://dl.acm.org/citation.cfm?id=1838194.1838203},
 acmid = {1838203},
 publisher = {International Foundation for Autonomous Agents and Multiagent Systems},
 address = {Richland, SC},
 keywords = {agent-based organizational modeling, model analysis, model validation, safety culture, social simulation},
}

@inproceedings{Zhu:2012:ESL:2145204.2145269,
 author = {Zhu, Haiyi and Kraut, Robert and Kittur, Aniket},
 title = {Effectiveness of Shared Leadership in Online Communities},
 booktitle = {Proceedings of the ACM 2012 Conference on Computer Supported Cooperative Work},
 series = {CSCW '12},
 year = {2012},
 isbn = {978-1-4503-1086-4},
 location = {Seattle, Washington, USA},
 pages = {407--416},
 numpages = {10},
 url = {http://doi.acm.org/10.1145/2145204.2145269},
 doi = {10.1145/2145204.2145269},
 acmid = {2145269},
 publisher = {ACM},
 address = {New York, NY, USA},
 keywords = {motivation, online communities, shared leadership, wikipedia},
}

@inproceedings{Nwokoye:2016:TAM:2998581.2998593,
 author = {Nwokoye, ChukwuNonso H. and Ejiofor, Virginia E. and Orji, Rita and Mbeledeogu, Njideka N.},
 title = {The Topicality of Agent-Based Modeling/Multi Agent Systems in Human Computer Interaction Research: An African Perspective},
 booktitle = {Proceedings of the First African Conference on Human Computer Interaction},
 series = {AfriCHI'16},
 year = {2016},
 isbn = {978-1-4503-4830-0},
 location = {Nairobi, Kenya},
 pages = {80--91},
 numpages = {12},
 url = {http://doi.acm.org/10.1145/2998581.2998593},
 doi = {10.1145/2998581.2998593},
 acmid = {2998593},
 publisher = {ACM},
 address = {New York, NY, USA},
 keywords = {Agent Based Modeling/Multi Agent Systems, Computer Mediated Communication, Computer Supported Cooperative Work, Culture, Embodied Interaction, Social Computing},
}

@article{Luse:2014:USE:2668970.2623198,
 author = {Luse, Andy and Rursch, Julie A. and Jacobson, Doug},
 title = {Utilizing Structural Equation Modeling and Social Cognitive Career Theory to Identify Factors in Choice of IT As a Major},
 journal = {Trans. Comput. Educ.},
 issue_date = {November 2014},
 volume = {14},
 number = {3},
 month = sep,
 year = {2014},
 issn = {1946-6226},
 pages = {19:1--19:19},
 articleno = {19},
 numpages = {19},
 url = {http://doi.acm.org/10.1145/2623198},
 doi = {10.1145/2623198},
 acmid = {2623198},
 publisher = {ACM},
 address = {New York, NY, USA},
 keywords = {Structural equation modeling, interest, self-efficacy, social cognitive career theory},
}

@article{Chin:2014:DMG:2591056.2591058,
 author = {Chin, Wynne W. and Junglas, Iris A. and Schwarz, Andrew and Sundie, Jill M.},
 title = {Don'T Mind the Gap: A Conceptual and Psychometric Analysis of the Individual Evaluation of Discrepancies in the Context of is User Service Satisfaction},
 journal = {SIGMIS Database},
 issue_date = {February 2014},
 volume = {45},
 number = {1},
 month = mar,
 year = {2014},
 issn = {0095-0033},
 pages = {9--28},
 numpages = {20},
 url = {http://doi.acm.org/10.1145/2591056.2591058},
 doi = {10.1145/2591056.2591058},
 acmid = {2591058},
 publisher = {ACM},
 address = {New York, NY, USA},
 keywords = {is service satisfaction, performance-perception gap, psychometric measurement},
}

@article{Graff:2013:MPE:2542546.2542547,
 author = {Graff, Mario and Poli, Riccardo and Flores, Juan J.},
 title = {Models of Performance of Evolutionary Program Induction Algorithms Based on Indicators of Problem Difficulty},
 journal = {Evol. Comput.},
 issue_date = {Winter 2013},
 volume = {21},
 number = {4},
 month = nov,
 year = {2013},
 issn = {1063-6560},
 pages = {533--560},
 numpages = {28},
 url = {http://dx.doi.org/10.1162/EVCO_a_00096},
 doi = {10.1162/EVCO_a_00096},
 acmid = {2542547},
 publisher = {MIT Press},
 address = {Cambridge, MA, USA},
 keywords = {Evolutionary program-induction algorithms, genetic programming, hardness measures, performance forecasting, wind speed forecasting},
}

@article{Kpotufe:2016:GWI:2946645.2946667,
 author = {Kpotufe, Samory and Boularias, Abdeslam and Schultz, Thomas and Kim, Kyoungok},
 title = {Gradients Weights Improve Regression and Classification},
 journal = {J. Mach. Learn. Res.},
 issue_date = {January 2016},
 volume = {17},
 number = {1},
 month = jan,
 year = {2016},
 issn = {1532-4435},
 pages = {672--705},
 numpages = {34},
 url = {http://dl.acm.org/citation.cfm?id=2946645.2946667},
 acmid = {2946667},
 publisher = {JMLR.org},
 keywords = {feature selection, feature weighting, metric learning, nonparametric learning, nonparametric sparsity},
}

@article{Hui:2006:OID:1183463.1183467,
 author = {Hui, Kai-Lung and Tan, Bernard C. Y. and Goh, Chyan-Yee},
 title = {Online Information Disclosure: Motivators and Measurements},
 journal = {ACM Trans. Internet Technol.},
 issue_date = {November 2006},
 volume = {6},
 number = {4},
 month = nov,
 year = {2006},
 issn = {1533-5399},
 pages = {415--441},
 numpages = {27},
 url = {http://doi.acm.org/10.1145/1183463.1183467},
 doi = {10.1145/1183463.1183467},
 acmid = {1183467},
 publisher = {ACM},
 address = {New York, NY, USA},
 keywords = {Information privacy, Internet business, information disclosure, measurement, motivators, personality},
}

@inproceedings{Leighton:1986:TBM:12130.12140,
 author = {Leighton, F T and Shor, P},
 title = {Tight Bounds for Minimax Grid Matching, with Applications to the Average Case Analysis of Algorithms},
 booktitle = {Proceedings of the Eighteenth Annual ACM Symposium on Theory of Computing},
 series = {STOC '86},
 year = {1986},
 isbn = {0-89791-193-8},
 location = {Berkeley, California, USA},
 pages = {91--103},
 numpages = {13},
 url = {http://doi.acm.org/10.1145/12130.12140},
 doi = {10.1145/12130.12140},
 acmid = {12140},
 publisher = {ACM},
 address = {New York, NY, USA},
}

@article{Addario-Berry:2015:ERR:2789272.2886810,
 author = {Addario-Berry, Louigi and Bhamidi, Shankar and Bubeck, S{\'e}bastien and Devroye, Luc and Lugosi, G\'{a}bor and Oliveira, Roberto Imbuzeiro},
 title = {Exceptional Rotations of Random Graphs: A VC Theory},
 journal = {J. Mach. Learn. Res.},
 issue_date = {January 2015},
 volume = {16},
 number = {1},
 month = jan,
 year = {2015},
 issn = {1532-4435},
 pages = {1893--1922},
 numpages = {30},
 url = {http://dl.acm.org/citation.cfm?id=2789272.2886810},
 acmid = {2886810},
 publisher = {JMLR.org},
 keywords = {VC theory, chromatic number, clique number, connectivity, random graphs},
}

@article{Paravastu:2014:UTA:2691517.2691520,
 author = {Paravastu, Narasimha and Gefen, David and Creason, Steve B.},
 title = {Understanding Trust in IT Artifacts: An Evaluation of the Impact of Trustworthiness and Trust on Satisfaction with Antiviral Software},
 journal = {SIGMIS Database},
 issue_date = {November 2014},
 volume = {45},
 number = {4},
 month = nov,
 year = {2014},
 issn = {0095-0033},
 pages = {30--50},
 numpages = {21},
 url = {http://doi.acm.org/10.1145/2691517.2691520},
 doi = {10.1145/2691517.2691520},
 acmid = {2691520},
 publisher = {ACM},
 address = {New York, NY, USA},
 keywords = {antiviral software adoption, software artifact trust and trustworthiness},
}

@article{Leitheiser:1986:CSK:15830.15832,
 author = {Leitheiser, Robert L},
 title = {Computer Support for Knowledge Workers: A Review of Laboratory Experiments},
 journal = {SIGMIS Database},
 issue_date = {Spring 1986},
 volume = {17},
 number = {3},
 month = apr,
 year = {1986},
 issn = {0095-0033},
 pages = {17--46},
 numpages = {30},
 url = {http://doi.acm.org/10.1145/15830.15832},
 doi = {10.1145/15830.15832},
 acmid = {15832},
 publisher = {ACM},
 address = {New York, NY, USA},
}

@article{Rawassizadeh:2013:UGM:2458739.2458801,
 author = {Rawassizadeh, Reza and Tomitsch, Martin and Wac, Katarzyna and Tjoa, A. Min},
 title = {UbiqLog: A Generic Mobile Phone-based Life-log Framework},
 journal = {Personal Ubiquitous Comput.},
 issue_date = {April     2013},
 volume = {17},
 number = {4},
 month = apr,
 year = {2013},
 issn = {1617-4909},
 pages = {621--637},
 numpages = {17},
 url = {http://dx.doi.org/10.1007/s00779-012-0511-8},
 doi = {10.1007/s00779-012-0511-8},
 acmid = {2458801},
 publisher = {Springer-Verlag},
 address = {London, UK, UK},
 keywords = {Life-log, Mobile sensing, Personal digital memory, Smartphone},
}

@article{Maier:2015:RQL:2843824.2843827,
 author = {Maier, Christian and Laumer, Sven and Eckhardt, Andreas and Weitzel, Tim},
 title = {Who Really Quits?: A Longitudinal Analysis of Voluntary Turnover Among IT Personnel},
 journal = {SIGMIS Database},
 issue_date = {November 2015},
 volume = {46},
 number = {4},
 month = nov,
 year = {2015},
 issn = {0095-0033},
 pages = {26--47},
 numpages = {22},
 url = {http://doi.acm.org/10.1145/2843824.2843827},
 doi = {10.1145/2843824.2843827},
 acmid = {2843827},
 publisher = {ACM},
 address = {New York, NY, USA},
 keywords = {dispositional resistance to change, intention-behavior gap, job-related attitudes, personality traits, voluntary turnover behavior},
}

@article{Balozian:2017:RSP:3130515.3130518,
 author = {Balozian, Puzant and Leidner, Dorothy},
 title = {Review of IS Security Policy Compliance: Toward the Building Blocks of an IS Security Theory},
 journal = {SIGMIS Database},
 issue_date = {August 2017},
 volume = {48},
 number = {3},
 month = aug,
 year = {2017},
 issn = {0095-0033},
 pages = {11--43},
 numpages = {33},
 url = {http://doi.acm.org/10.1145/3130515.3130518},
 doi = {10.1145/3130515.3130518},
 acmid = {3130518},
 publisher = {ACM},
 address = {New York, NY, USA},
 keywords = {compliance, information systems security, information systems security policy, insider threat, noncompliance, review},
}

@article{Nikula:2011:MGH:2048931.2048935,
 author = {Nikula, Uolevi and Gotel, Orlena and Kasurinen, Jussi},
 title = {A Motivation Guided Holistic Rehabilitation of the First Programming Course},
 journal = {ACM Trans. Comput. Educ.},
 issue_date = {November 2011},
 volume = {11},
 number = {4},
 month = nov,
 year = {2011},
 issn = {1946-6226},
 pages = {24:1--24:38},
 articleno = {24},
 numpages = {38},
 url = {http://doi.acm.org/10.1145/2048931.2048935},
 doi = {10.1145/2048931.2048935},
 acmid = {2048935},
 publisher = {ACM},
 address = {New York, NY, USA},
 keywords = {CS1, Theory of Constraints, Two-Factor Theory, course redesign, hygiene factors, intrinsic and extrinsic motivators, systems approach},
}

@article{VanErven:2015:FRS:2789272.2886807,
 author = {Van Erven, Tim and Gr\"{u}nwald, Peter D. and Mehta, Nishant A. and Reid, Mark D. and Williamson, Robert C.},
 title = {Fast Rates in Statistical and Online Learning},
 journal = {J. Mach. Learn. Res.},
 issue_date = {January 2015},
 volume = {16},
 number = {1},
 month = jan,
 year = {2015},
 issn = {1532-4435},
 pages = {1793--1861},
 numpages = {69},
 url = {http://dl.acm.org/citation.cfm?id=2789272.2886807},
 acmid = {2886807},
 publisher = {JMLR.org},
 keywords = {Tsybakov margin condition, exp-concavity, fast rates, mixability, statistical learning theory},
}

