@inproceedings{Kapoor:2019:GTC:3304221.3325598,
 author = {Kapoor, Amanpreet},
 title = {A Grounded Theory of Computing Professional Identity Formation},
 booktitle = {Proceedings of the 2019 ACM Conference on Innovation and Technology in Computer Science Education},
 series = {ITiCSE '19},
 year = {2019},
 isbn = {978-1-4503-6301-3},
 location = {Aberdeen, Scotland Uk},
 pages = {334--335},
 numpages = {2},
 url = {http://doi.acm.org/10.1145/3304221.3325598},
 doi = {10.1145/3304221.3325598},
 acmid = {3325598},
 publisher = {ACM},
 address = {New York, NY, USA},
 keywords = {computing professional identity, grounded theory, identity},
}

@inproceedings{Buffum:2015:LNI:2787622.2787734,
 author = {Buffum, Philip Sheridan},
 title = {Leveraging Narrative Interactivity to Foster Computer Science Identities},
 booktitle = {Proceedings of the Eleventh Annual International Conference on International Computing Education Research},
 series = {ICER '15},
 year = {2015},
 isbn = {978-1-4503-3630-7},
 location = {Omaha, Nebraska, USA},
 pages = {247--248},
 numpages = {2},
 url = {http://doi.acm.org/10.1145/2787622.2787734},
 doi = {10.1145/2787622.2787734},
 acmid = {2787734},
 publisher = {ACM},
 address = {New York, NY, USA},
 keywords = {equity, identity formation, middle school, narrative},
}

@inproceedings{Rose:2006:BEC:1150034.1150124,
 author = {Rose, Sage and Robinson, Cecil},
 title = {Beyond Essentialist Critiques: The Co-development of Individual and Society Within Erik Erikson's Psychosocial Theory of Identity Development},
 booktitle = {Proceedings of the 7th International Conference on Learning Sciences},
 series = {ICLS '06},
 year = {2006},
 isbn = {0-8058-6174-2},
 location = {Bloomington, Indiana},
 pages = {620--626},
 numpages = {7},
 url = {http://dl.acm.org/citation.cfm?id=1150034.1150124},
 acmid = {1150124},
 publisher = {International Society of the Learning Sciences},
}

@inproceedings{Buffum:2015:EIN:2793107.2810278,
 author = {Buffum, Philip Sheridan},
 title = {Examining the Impact Narrative Interactivity Has on Fostering Identity Formation in an Educational Game},
 booktitle = {Proceedings of the 2015 Annual Symposium on Computer-Human Interaction in Play},
 series = {CHI PLAY '15},
 year = {2015},
 isbn = {978-1-4503-3466-2},
 location = {London, United Kingdom},
 pages = {395--398},
 numpages = {4},
 url = {http://doi.acm.org/10.1145/2793107.2810278},
 doi = {10.1145/2793107.2810278},
 acmid = {2810278},
 publisher = {ACM},
 address = {New York, NY, USA},
 keywords = {identity formation, k-12 education, narrative interactivity},
}

@inproceedings{DeVane:2010:IIG:1854509.1854758,
 author = {DeVane, Ben},
 title = {Identity in Informal Game-based Learning Environments},
 booktitle = {Proceedings of the 9th International Conference of the Learning Sciences - Volume 2},
 series = {ICLS '10},
 year = {2010},
 location = {Chicago, Illinois},
 pages = {484--485},
 numpages = {2},
 url = {http://dl.acm.org/citation.cfm?id=1854509.1854758},
 acmid = {1854758},
 publisher = {International Society of the Learning Sciences},
}

@inproceedings{Parker:2017:SPI:3105726.3105737,
 author = {Parker, Rick},
 title = {Studying Professional Identity in Software Engineering},
 booktitle = {Proceedings of the 2017 ACM Conference on International Computing Education Research},
 series = {ICER '17},
 year = {2017},
 isbn = {978-1-4503-4968-0},
 location = {Tacoma, Washington, USA},
 pages = {283--284},
 numpages = {2},
 url = {http://doi.acm.org/10.1145/3105726.3105737},
 doi = {10.1145/3105726.3105737},
 acmid = {3105737},
 publisher = {ACM},
 address = {New York, NY, USA},
 keywords = {capstone, communities of practice, concerns-based adoption, professional identity},
}

@inproceedings{Suzuki:1997:IFP:1599773.1599808,
 author = {Suzuki, Hideyuki and Kato, Hiroshi},
 title = {Identity Formation/Transformation As the Process of Collaborative Learning Through AlgoArena},
 booktitle = {Proceedings of the 2Nd International Conference on Computer Support for Collaborative Learning},
 series = {CSCL '97},
 year = {1997},
 location = {Toronto, Ontario, Canada},
 pages = {283--291},
 numpages = {9},
 url = {http://dl.acm.org/citation.cfm?id=1599773.1599808},
 acmid = {1599808},
 publisher = {International Society of the Learning Sciences},
 keywords = {identity, interaction analysis, situated learning, software education},
}

@inproceedings{Marshall:2018:DSI:3196839.3196855,
 author = {Marshall, Andrea and Rode, Jennifer},
 title = {Deconstructing Sociotechnical Identity in Maker Cultures},
 booktitle = {Proceedings of the 4th Conference on Gender \& IT},
 series = {GenderIT '18},
 year = {2018},
 isbn = {978-1-4503-5346-5},
 location = {Heilbronn, Germany},
 pages = {91--100},
 numpages = {10},
 url = {http://doi.acm.org/10.1145/3196839.3196855},
 doi = {10.1145/3196839.3196855},
 acmid = {3196855},
 publisher = {ACM},
 address = {New York, NY, USA},
 keywords = {DIY, HCI, gender, german, identity, innovation, maker movement, making},
}

@inproceedings{Vieweg:2015:LRO:2702613.2702635,
 author = {Vieweg, Sarah and Haimson, Oliver L. and Massimi, Michael and O'Hara, Kenton and Churchill, Elizabeth F.},
 title = {Between the Lines: Reevaluating the Online/Offline Binary},
 booktitle = {Proceedings of the 33rd Annual ACM Conference Extended Abstracts on Human Factors in Computing Systems},
 series = {CHI EA '15},
 year = {2015},
 isbn = {978-1-4503-3146-3},
 location = {Seoul, Republic of Korea},
 pages = {2337--2340},
 numpages = {4},
 url = {http://doi.acm.org/10.1145/2702613.2702635},
 doi = {10.1145/2702613.2702635},
 acmid = {2702635},
 publisher = {ACM},
 address = {New York, NY, USA},
 keywords = {identity, offline, online},
}

@inproceedings{Chen:2007:TCI:1599600.1599622,
 author = {Chen, Der-Thanq Victor and Hung, David Wei Loong},
 title = {Towards a Community Incubator: The ICAP Design Framework for Social Constructivist Educational Designers},
 booktitle = {Proceedings of the 8th Iternational Conference on Computer Supported Collaborative Learning},
 series = {CSCL'07},
 year = {2007},
 isbn = {978-0-6151-5436-7},
 location = {New Brunswick, New Jersey, USA},
 pages = {127--130},
 numpages = {4},
 url = {http://dl.acm.org/citation.cfm?id=1599600.1599622},
 acmid = {1599622},
 publisher = {International Society of the Learning Sciences},
}

@inproceedings{Read:2012:CAC:2212776.2212722,
 author = {Read, Janet C. and Fitton, Daniel and Little, Linda and Horton, Matthew},
 title = {Cool Across Continents, Cultures and Communities},
 booktitle = {CHI '12 Extended Abstracts on Human Factors in Computing Systems},
 series = {CHI EA '12},
 year = {2012},
 isbn = {978-1-4503-1016-1},
 location = {Austin, Texas, USA},
 pages = {2791--2794},
 numpages = {4},
 url = {http://doi.acm.org/10.1145/2212776.2212722},
 doi = {10.1145/2212776.2212722},
 acmid = {2212722},
 publisher = {ACM},
 address = {New York, NY, USA},
 keywords = {communities, cool, culture, design, evaluation, heuristics},
}

@inproceedings{Kari:2006:SFR:1150034.1150195,
 author = {Kari, Kosonen and Kai, Hakkarainen},
 title = {Systematic Formation of Reading Comprehension in Visually Impaired Children},
 booktitle = {Proceedings of the 7th International Conference on Learning Sciences},
 series = {ICLS '06},
 year = {2006},
 isbn = {0-8058-6174-2},
 location = {Bloomington, Indiana},
 pages = {952--953},
 numpages = {2},
 url = {http://dl.acm.org/citation.cfm?id=1150034.1150195},
 acmid = {1150195},
 publisher = {International Society of the Learning Sciences},
}

@inproceedings{2010:LMN:1854509.1854694,
 title = {Learning As Mediated by a Nodal Ecology: Findings from Studies of Gamestar Mechanic and Quest to Learn},
 booktitle = {Proceedings of the 9th International Conference of the Learning Sciences - Volume 2},
 series = {ICLS '10},
 year = {2010},
 location = {Chicago, Illinois},
 pages = {354--355},
 numpages = {2},
 url = {http://dl.acm.org/citation.cfm?id=1854509.1854694},
 acmid = {1854694},
 publisher = {International Society of the Learning Sciences},
key = {{$\!\!$}} ,
}

@article{Junglas:2007:IFL:1314234.1314251,
 author = {Junglas, Iris A. and Johnson, Norman A. and Steel, Douglas J. and Abraham, D. Chon and Loughlin, Paul Mac},
 title = {Identity Formation, Learning Styles and Trust in Virtual Worlds},
 journal = {SIGMIS Database},
 issue_date = {November 2007},
 volume = {38},
 number = {4},
 month = oct,
 year = {2007},
 issn = {0095-0033},
 pages = {90--96},
 numpages = {7},
 url = {http://doi.acm.org/10.1145/1314234.1314251},
 doi = {10.1145/1314234.1314251},
 acmid = {1314251},
 publisher = {ACM},
 address = {New York, NY, USA},
 keywords = {identity formation, learning style, social laboratories, trust, virtual world},
}

@inproceedings{Asbell-Clarke:2012:MBC:2212776.2212818,
 author = {Asbell-Clarke, Jodi and Sylvan, Elisabeth},
 title = {Martian Boneyards: Can a Community of Players Be a Community of Practice?},
 booktitle = {CHI '12 Extended Abstracts on Human Factors in Computing Systems},
 series = {CHI EA '12},
 year = {2012},
 isbn = {978-1-4503-1016-1},
 location = {Austin, Texas, USA},
 pages = {409--418},
 numpages = {10},
 url = {http://doi.acm.org/10.1145/2212776.2212818},
 doi = {10.1145/2212776.2212818},
 acmid = {2212818},
 publisher = {ACM},
 address = {New York, NY, USA},
 keywords = {community knowledge building, game design, game-based learning, scientific inquiry, virtual worlds},
}

@inproceedings{Cassell:2000:SSI:633292.633434,
 author = {Cassell, Justine and Ryokai, Kimiko and Druin, Allison and Klaff, Jack and Laurel, Brenda and Pinkard, Nichole},
 title = {Story Spaces: Interfaces for Children's Voices},
 booktitle = {CHI '00 Extended Abstracts on Human Factors in Computing Systems},
 series = {CHI EA '00},
 year = {2000},
 isbn = {1-58113-248-4},
 location = {The Hague, The Netherlands},
 pages = {243--244},
 numpages = {2},
 url = {http://doi.acm.org/10.1145/633292.633434},
 doi = {10.1145/633292.633434},
 acmid = {633434},
 publisher = {ACM},
 address = {New York, NY, USA},
 keywords = {interfaces for children, storytelling},
}

@article{Lashkari:1999:HDC:954507.954508,
 author = {Lashkari, Deval A. and Gilmore, James},
 title = {High-throughput DNA Chips for Efficient Screening and Analysis},
 journal = {SIGBIO Newsl.},
 issue_date = {August 1999},
 volume = {19},
 number = {2},
 month = aug,
 year = {1999},
 issn = {0163-5697},
 pages = {2--4},
 numpages = {3},
 url = {http://doi.acm.org/10.1145/954507.954508},
 doi = {10.1145/954507.954508},
 acmid = {954508},
 publisher = {ACM},
 address = {New York, NY, USA},
}

@inproceedings{Sun:2017:CEO:3022198.3026348,
 author = {Sun, Na and Rosson, Mary Beth},
 title = {Connection Enablers in Online Learning Community: From Informative Online Personae to Meaningful Social Space},
 booktitle = {Companion of the 2017 ACM Conference on Computer Supported Cooperative Work and Social Computing},
 series = {CSCW '17 Companion},
 year = {2017},
 isbn = {978-1-4503-4688-7},
 location = {Portland, Oregon, USA},
 pages = {315--318},
 numpages = {4},
 url = {http://doi.acm.org/10.1145/3022198.3026348},
 doi = {10.1145/3022198.3026348},
 acmid = {3026348},
 publisher = {ACM},
 address = {New York, NY, USA},
 keywords = {distance education, online community, visualization design},
}

@inproceedings{2010:IFY:1854509.1854706,
 title = {The Identity Formation of Youth with Disabilities Across Academic Disciplines and Social Contexts},
 booktitle = {Proceedings of the 9th International Conference of the Learning Sciences - Volume 2},
 series = {ICLS '10},
 year = {2010},
 location = {Chicago, Illinois},
 pages = {378--379},
 numpages = {2},
 url = {http://dl.acm.org/citation.cfm?id=1854509.1854706},
 acmid = {1854706},
 publisher = {International Society of the Learning Sciences},
key = {{$\!\!$}} ,
}

@inproceedings{Moskal:2017:APE:3105726.3106170,
 author = {Moskal, Adon Christian Michael and Gasson, Joy and Parsons, Dale},
 title = {The 'Art' of Programming: Exploring Student Conceptions of Programming Through the Use of Drawing Methodology},
 booktitle = {Proceedings of the 2017 ACM Conference on International Computing Education Research},
 series = {ICER '17},
 year = {2017},
 isbn = {978-1-4503-4968-0},
 location = {Tacoma, Washington, USA},
 pages = {39--46},
 numpages = {8},
 url = {http://doi.acm.org/10.1145/3105726.3106170},
 doi = {10.1145/3105726.3106170},
 acmid = {3106170},
 publisher = {ACM},
 address = {New York, NY, USA},
 keywords = {drawing methodology, programming education, student affect},
}

@inproceedings{Goldberg:1980:SPP:800088.802813,
 author = {Goldberg, Adele},
 title = {Sharing Problems: Personal Computers As Interpersonal Tools},
 booktitle = {Proceedings of the 3rd ACM SIGSMALL Symposium and the First SIGPC Symposium on Small Systems},
 series = {SIGSMALL '80},
 year = {1980},
 isbn = {0-89791-024-9},
 location = {Palo Alto, California, USA},
 pages = {1--2},
 numpages = {2},
 url = {http://doi.acm.org/10.1145/800088.802813},
 doi = {10.1145/800088.802813},
 acmid = {802813},
 publisher = {ACM},
 address = {New York, NY, USA},
}

@inproceedings{2010:IDS:1854509.1854652,
 title = {I Don'T Do Science: Urban Minority Girls' Science Identity Development in an Informal Authentic Science Context},
 booktitle = {Proceedings of the 9th International Conference of the Learning Sciences - Volume 2},
 series = {ICLS '10},
 year = {2010},
 location = {Chicago, Illinois},
 pages = {270--271},
 numpages = {2},
 url = {http://dl.acm.org/citation.cfm?id=1854509.1854652},
 acmid = {1854652},
 publisher = {International Society of the Learning Sciences},
key = {{$\!\!$}} ,
}

@inproceedings{Szynkiewicz:2019:LTC:3304221.3325597,
 author = {Szynkiewicz, Justyna},
 title = {Learning Through Construction's Influence on IT Students' Identity Formation},
 booktitle = {Proceedings of the 2019 ACM Conference on Innovation and Technology in Computer Science Education},
 series = {ITiCSE '19},
 year = {2019},
 isbn = {978-1-4503-6301-3},
 location = {Aberdeen, Scotland Uk},
 pages = {348--349},
 numpages = {2},
 url = {http://doi.acm.org/10.1145/3304221.3325597},
 doi = {10.1145/3304221.3325597},
 acmid = {3325597},
 publisher = {ACM},
 address = {New York, NY, USA},
 keywords = {active learning, it identity, computer science education, learning through construction},
}

@inproceedings{Rose:2010:LIT:1854509.1854550,
 author = {Ros{\'e}, Carolyn Penstein and Kam, Matthew},
 title = {LearnLab India: Towards "in Vivo" International Comparative Education Research},
 booktitle = {Proceedings of the 9th International Conference of the Learning Sciences - Volume 2},
 series = {ICLS '10},
 year = {2010},
 location = {Chicago, Illinois},
 pages = {102--103},
 numpages = {2},
 url = {http://dl.acm.org/citation.cfm?id=1854509.1854550},
 acmid = {1854550},
 publisher = {International Society of the Learning Sciences},
}

@inproceedings{Frehat:2014:RSN:2668260.2668269,
 author = {Frehat, Mushera and Abu-Shanab, Emad},
 title = {The Role of Social Networking in the Social Reform on Young Society},
 booktitle = {Proceedings of the 6th International Conference on Management of Emergent Digital EcoSystems},
 series = {MEDES '14},
 year = {2014},
 isbn = {978-1-4503-2767-1},
 location = {Buraidah, Al Qassim, Saudi Arabia},
 pages = {5:25--5:26},
 articleno = {5},
 numpages = {2},
 url = {http://doi.acm.org/10.1145/2668260.2668269},
 doi = {10.1145/2668260.2668269},
 acmid = {2668269},
 publisher = {ACM},
 address = {New York, NY, USA},
 keywords = {Jordan, Social networking sites, Social reform, Young society, empirical study},
}

@inproceedings{Carlone:2008:SSI:1599936.1600020,
 author = {Carlone, Heidi and Cook, Melissa and Wong, Jacqueline and Sandoval, William A. and Barton, Angela Calabrese and Tan, Edna and Brickhouse, Nancy},
 title = {Seeing and Supporting Identity Development in Science Education},
 booktitle = {Proceedings of the 8th International Conference on International Conference for the Learning Sciences - Volume 3},
 series = {ICLS'08},
 year = {2008},
 location = {Utrecht, The Netherlands},
 pages = {214--220},
 numpages = {7},
 url = {http://dl.acm.org/citation.cfm?id=1599936.1600020},
 acmid = {1600020},
 publisher = {International Society of the Learning Sciences},
}

@inproceedings{Persson:2001:GSE:634067.634097,
 author = {Persson, Per and Espinoza, Fredrik and Cacciatore, Elenor},
 title = {GeoNotes: Social Enhancement of Physical Space},
 booktitle = {CHI '01 Extended Abstracts on Human Factors in Computing Systems},
 series = {CHI EA '01},
 year = {2001},
 isbn = {1-58113-340-5},
 location = {Seattle, Washington},
 pages = {43--44},
 numpages = {2},
 url = {http://doi.acm.org/10.1145/634067.634097},
 doi = {10.1145/634067.634097},
 acmid = {634097},
 publisher = {ACM},
 address = {New York, NY, USA},
 keywords = {CSCW, augmented reality, positioning technology, social awareness, social navigation},
}

@inproceedings{Kapoor:2019:UCU:3304221.3319764,
 author = {Kapoor, Amanpreet and Gardner-McCune, Christina},
 title = {Understanding CS Undergraduate Students' Professional Identity Through the Lens of Their Professional Development},
 booktitle = {Proceedings of the 2019 ACM Conference on Innovation and Technology in Computer Science Education},
 series = {ITiCSE '19},
 year = {2019},
 isbn = {978-1-4503-6301-3},
 location = {Aberdeen, Scotland Uk},
 pages = {9--15},
 numpages = {7},
 url = {http://doi.acm.org/10.1145/3304221.3319764},
 doi = {10.1145/3304221.3319764},
 acmid = {3319764},
 publisher = {ACM},
 address = {New York, NY, USA},
 keywords = {career choices, identity, professional development, professional identity},
}

@inproceedings{Laferriere:2010:KBI:1854509.1854551,
 author = {Laferriere, Therese and Law, Nancy},
 title = {Knowledge Building International Project (KBIP): A Nested Network of Learning and Knowledge Creation},
 booktitle = {Proceedings of the 9th International Conference of the Learning Sciences - Volume 2},
 series = {ICLS '10},
 year = {2010},
 location = {Chicago, Illinois},
 pages = {103--104},
 numpages = {2},
 url = {http://dl.acm.org/citation.cfm?id=1854509.1854551},
 acmid = {1854551},
 publisher = {International Society of the Learning Sciences},
}

@inproceedings{Handel:2015:VTT:2857070.2857208,
 author = {Handel, Dinah and Hochman, Jessica and Santoro, Doris},
 title = {Visualizing Teacher Tweets: Finding Professional Learning Networks in Topical Networks},
 booktitle = {Proceedings of the 78th ASIS\&T Annual Meeting: Information Science with Impact: Research in and for the Community},
 series = {ASIST '15},
 year = {2015},
 isbn = {0-87715-547-X},
 location = {St. Louis, Missouri},
 pages = {138:1--138:3},
 articleno = {138},
 numpages = {3},
 url = {http://dl.acm.org/citation.cfm?id=2857070.2857208},
 acmid = {2857208},
 publisher = {American Society for Information Science},
 address = {Silver Springs, MD, USA},
 keywords = {information visualization, social network analysis},
}

@inproceedings{Jackson:2016:EWC:2818052.2869129,
 author = {Jackson, Corey and Mugar, Gabriel and Crowston, Kevin and \Osterlund, Carsten},
 title = {Encouraging Work in Citizen Science: Experiments in Goal Setting and Anchoring},
 booktitle = {Proceedings of the 19th ACM Conference on Computer Supported Cooperative Work and Social Computing Companion},
 series = {CSCW '16 Companion},
 year = {2016},
 isbn = {978-1-4503-3950-6},
 location = {San Francisco, California, USA},
 pages = {297--300},
 numpages = {4},
 url = {http://doi.acm.org/10.1145/2818052.2869129},
 doi = {10.1145/2818052.2869129},
 acmid = {2869129},
 publisher = {ACM},
 address = {New York, NY, USA},
 keywords = {citizen science, experiments, goal-setting},
}

@inproceedings{Peters:2015:ICS:2828959.2835020,
 author = {Peters, Anne-Kathrin},
 title = {Investigating Computing Students' Identity Development},
 booktitle = {Proceedings of the 15th Koli Calling Conference on Computing Education Research},
 series = {Koli Calling '15},
 year = {2015},
 isbn = {978-1-4503-4020-5},
 location = {Koli, Finland},
 pages = {175--176},
 numpages = {2},
 url = {http://doi.acm.org/10.1145/2828959.2835020},
 doi = {10.1145/2828959.2835020},
 acmid = {2835020},
 publisher = {ACM},
 address = {New York, NY, USA},
 keywords = {identity, longitudinal, meaning, participation, student experience},
}

@inproceedings{Spiel:2019:QHM:3290607.3311750,
 author = {Spiel, Katta and Keyes, Os and Walker, Ashley Marie and DeVito, Michael A. and Birnholtz, Jeremy and Brul{\'e}, Emeline and Light, Ann and Barlas, P\inar and Hardy, Jean and Ahmed, Alex and Rode, Jennifer A. and Brubaker, Jed R. and Kannabiran, Gopinaath},
 title = {Queer(Ing) HCI: Moving Forward in Theory and Practice},
 booktitle = {Extended Abstracts of the 2019 CHI Conference on Human Factors in Computing Systems},
 series = {CHI EA '19},
 year = {2019},
 isbn = {978-1-4503-5971-9},
 location = {Glasgow, Scotland Uk},
 pages = {SIG11:1--SIG11:4},
 articleno = {SIG11},
 numpages = {4},
 url = {http://doi.acm.org/10.1145/3290607.3311750},
 doi = {10.1145/3290607.3311750},
 acmid = {3311750},
 publisher = {ACM},
 address = {New York, NY, USA},
 keywords = {queer identity, queer interaction, queer practice, queer theory},
}

@inproceedings{Bjorn:1997:PMC:331697.331722,
 author = {Bj\"{o}rn, Michael and Neumann, Christoph},
 title = {Pre-processed, Multilingual Communication on the World-Wide Web},
 booktitle = {Proceedings of the 1997 ACM Symposium on Applied Computing},
 series = {SAC '97},
 year = {1997},
 isbn = {0-89791-850-9},
 location = {San Jose, California, USA},
 pages = {115--117},
 numpages = {3},
 url = {http://doi.acm.org/10.1145/331697.331722},
 doi = {10.1145/331697.331722},
 acmid = {331722},
 publisher = {ACM},
 address = {New York, NY, USA},
 keywords = {WWW, classified ads, formal language, machine translation, relational database},
}

@inproceedings{Greenhow:2007:UOS:1599600.1599644,
 author = {Greenhow, Christine and Schultz, Kimberly},
 title = {Using Online Social Networks to Support Underrepresented Students' Engagement in Postsecondary Education},
 booktitle = {Proceedings of the 8th Iternational Conference on Computer Supported Collaborative Learning},
 series = {CSCL'07},
 year = {2007},
 isbn = {978-0-6151-5436-7},
 location = {New Brunswick, New Jersey, USA},
 pages = {232--233},
 numpages = {2},
 url = {http://dl.acm.org/citation.cfm?id=1599600.1599644},
 acmid = {1599644},
 publisher = {International Society of the Learning Sciences},
}

@article{Gray:2019:DCG:3314846.3301661,
 author = {Gray, Colin M. and Toombs, Austin L. and Owczarzak, Marlo and Watkins, Christopher},
 title = {Digital Civics Goes Abroad},
 journal = {Interactions},
 issue_date = {March - April 2019},
 volume = {26},
 number = {2},
 month = feb,
 year = {2019},
 issn = {1072-5520},
 pages = {74--77},
 numpages = {4},
 url = {http://doi.acm.org/10.1145/3301661},
 doi = {10.1145/3301661},
 acmid = {3301661},
 publisher = {ACM},
 address = {New York, NY, USA},
}

@article{Rambally:1986:ICP:953055.5702,
 author = {Rambally, Gerard K.},
 title = {The Influence of Color on Program Readability and Comprehensibility},
 journal = {SIGCSE Bull.},
 issue_date = {February 1986},
 volume = {18},
 number = {1},
 month = feb,
 year = {1986},
 issn = {0097-8418},
 pages = {173--181},
 numpages = {9},
 url = {http://doi.acm.org/10.1145/953055.5702},
 doi = {10.1145/953055.5702},
 acmid = {5702},
 publisher = {ACM},
 address = {New York, NY, USA},
}

@inproceedings{Rambally:1986:ICP:5600.5702,
 author = {Rambally, Gerard K.},
 title = {The Influence of Color on Program Readability and Comprehensibility},
 booktitle = {Proceedings of the Seventeenth SIGCSE Technical Symposium on Computer Science Education},
 series = {SIGCSE '86},
 year = {1986},
 isbn = {0-89791-178-4},
 location = {Cincinnati, Ohio, USA},
 pages = {173--181},
 numpages = {9},
 url = {http://doi.acm.org/10.1145/5600.5702},
 doi = {10.1145/5600.5702},
 acmid = {5702},
 publisher = {ACM},
 address = {New York, NY, USA},
}

@article{Brey:2005:ESC:1215932.1215933,
 author = {Brey, Philip},
 title = {Evaluating the Social and Cultural Implications of the Internet},
 journal = {SIGCAS Comput. Soc.},
 issue_date = {September 2005},
 volume = {35},
 number = {3},
 month = sep,
 year = {2005},
 issn = {0095-2737},
 articleno = {1},
 url = {http://doi.acm.org/10.1145/1215932.1215933},
 doi = {10.1145/1215932.1215933},
 acmid = {1215933},
 publisher = {ACM},
 address = {New York, NY, USA},
}

@inproceedings{Hermans:2017:MDT:3121283.3121312,
 author = {Hermans, Luc and Broekhuijsen, Mendel and Markopoulos, Panos},
 title = {Memora: A Design for Teenagers to Connect Virtual and Physical Possessions},
 booktitle = {Proceedings of the European Conference on Cognitive Ergonomics 2017},
 series = {ECCE 2017},
 year = {2017},
 isbn = {978-1-4503-5256-7},
 location = {Ume\&aring;, Sweden},
 pages = {121--128},
 numpages = {8},
 url = {http://doi.acm.org/10.1145/3121283.3121312},
 doi = {10.1145/3121283.3121312},
 acmid = {3121312},
 publisher = {ACM},
 address = {New York, NY, USA},
 keywords = {Tangible interaction, digital jewellery, digital photos, photo curation, teenagers, virtual possessions},
}

@inproceedings{Chu:2017:PMO:3141798.3141803,
 author = {Chu, Sharon Lynn and Quek, Francis and Bhangaonkar, Sourabh and Berman, Alexander},
 title = {Physical Making Online: A Study of Children's Maker Websites},
 booktitle = {Proceedings of the 7th Annual Conference on Creativity and Fabrication in Education},
 series = {FabLearn '17},
 year = {2017},
 isbn = {978-1-4503-6349-5},
 location = {Stanford, CA, USA},
 pages = {4:1--4:8},
 articleno = {4},
 numpages = {8},
 url = {http://doi.acm.org/10.1145/3141798.3141803},
 doi = {10.1145/3141798.3141803},
 acmid = {3141803},
 publisher = {ACM},
 address = {New York, NY, USA},
 keywords = {Children, Content analysis, Design, Maker, Making, Mindset, Online community, Self-identity, Websites},
}

@inproceedings{Hernandez:2006:VIA:1501434.1501502,
 author = {Hernandez, Santiago Zapata and Skarmeta, Antonio F. Gomez},
 title = {Virtual Identities in Authentication and Authorization Scenarios},
 booktitle = {Proceedings of the 2006 International Conference on Privacy, Security and Trust: Bridge the Gap Between PST Technologies and Business Services},
 series = {PST '06},
 year = {2006},
 isbn = {1-59593-604-1},
 location = {Markham, Ontario, Canada},
 pages = {57:1--57:4},
 articleno = {57},
 numpages = {4},
 url = {http://doi.acm.org/10.1145/1501434.1501502},
 doi = {10.1145/1501434.1501502},
 acmid = {1501502},
 publisher = {ACM},
 address = {New York, NY, USA},
 keywords = {Daidalos, ID-token, PANA, RegID, SAML, VID, authentication, authorization, diameter, identity},
}

@inproceedings{Clausen:2009:CIS:1499224.1499258,
 author = {Clausen, Lisbeth and Zolner, Mette and S{\o}derberg, Anne-Marie and Worm, Verner},
 title = {Cultural Intelligence As a Strategic Ressource in Multicultural Teams},
 booktitle = {Proceedings of the 2009 International Workshop on Intercultural Collaboration},
 series = {IWIC '09},
 year = {2009},
 isbn = {978-1-60558-502-4},
 location = {Palo Alto, California, USA},
 pages = {211--214},
 numpages = {4},
 url = {http://doi.acm.org/10.1145/1499224.1499258},
 doi = {10.1145/1499224.1499258},
 acmid = {1499258},
 publisher = {ACM},
 address = {New York, NY, USA},
 keywords = {company cases, cultural intelligence, intercultural collaboration, multicultural teams, virutal teams},
}

@inproceedings{Ellison:2018:WTS:3272973.3274544,
 author = {Ellison, Nicole B. and French, Megan and Litt, Eden and Sundar, S. Shyam and Trieu, Penny},
 title = {Without a Trace: How Studying Invisible Interactions Can Help Us Understand Social Media},
 booktitle = {Companion of the 2018 ACM Conference on Computer Supported Cooperative Work and Social Computing},
 series = {CSCW '18},
 year = {2018},
 isbn = {978-1-4503-6018-0},
 location = {Jersey City, NJ, USA},
 pages = {129--132},
 numpages = {4},
 url = {http://doi.acm.org/10.1145/3272973.3274544},
 doi = {10.1145/3272973.3274544},
 acmid = {3274544},
 publisher = {ACM},
 address = {New York, NY, USA},
 keywords = {computer-mediated communication, log data, relational development, social media},
}

@article{Kessler:2015:RRF:2826972.2826982,
 author = {Kessler, Molly},
 title = {Review of "Rhetoric in the Flesh: Trained Vision, Technical Expertise, and the Gross Anatomy Lab. By T. Kenny Fountain" New York, NY: Routledge, 2014.},
 journal = {Commun. Des. Q. Rev},
 issue_date = {August 2015},
 volume = {3},
 number = {4},
 month = sep,
 year = {2015},
 issn = {2166-1200},
 pages = {91--96},
 numpages = {6},
 url = {http://doi.acm.org/10.1145/2826972.2826982},
 doi = {10.1145/2826972.2826982},
 acmid = {2826982},
 publisher = {ACM},
 address = {New York, NY, USA},
}

@inproceedings{Marino:2010:ATE:1920331.1920549,
 author = {Marino, John and Lin, Peyina and Karlova, Natascha and Eisenberg, Mike},
 title = {Avatar Transparency and the Establishment of Trust in Virtual Information Eco-systems},
 booktitle = {Proceedings of the 73rd ASIS\&T Annual Meeting on Navigating Streams in an Information Ecosystem - Volume 47},
 series = {ASIS\&\#38;T '10},
 year = {2010},
 location = {Pittsburgh, Pennsylvania},
 pages = {177:1--177:2},
 articleno = {177},
 numpages = {2},
 url = {http://dl.acm.org/citation.cfm?id=1920331.1920549},
 acmid = {1920549},
 publisher = {American Society for Information Science},
 address = {Silver Springs, MD, USA},
 keywords = {avatar, information problem-solving, trust, virtual worlds},
}

@inproceedings{Dziallas:2016:EGT:2960310.2960353,
 author = {Dziallas, Sebastian},
 title = {Examining Graduateness Through Narratives},
 booktitle = {Proceedings of the 2016 ACM Conference on International Computing Education Research},
 series = {ICER '16},
 year = {2016},
 isbn = {978-1-4503-4449-4},
 location = {Melbourne, VIC, Australia},
 pages = {291--292},
 numpages = {2},
 url = {http://doi.acm.org/10.1145/2960310.2960353},
 doi = {10.1145/2960310.2960353},
 acmid = {2960353},
 publisher = {ACM},
 address = {New York, NY, USA},
 keywords = {graduateness, narrative methodology, qualitative research},
}

@inproceedings{Edelson:2004:ILD:1149126.1149145,
 author = {Edelson, Daniel C. and Joseph, Diana M.},
 title = {The Interest-driven Learning Design Framework: Motivating Learning Through Usefulness},
 booktitle = {Proceedings of the 6th International Conference on Learning Sciences},
 series = {ICLS '04},
 year = {2004},
 location = {Santa Monica, California},
 pages = {166--173},
 numpages = {8},
 url = {http://dl.acm.org/citation.cfm?id=1149126.1149145},
 acmid = {1149145},
 publisher = {International Society of the Learning Sciences},
}

@inproceedings{Dosono:2018:AIW:3148330.3152697,
 author = {Dosono, Bryan},
 title = {AAPI Identity Work on Reddit: Toward Social Support and Collective Action},
 booktitle = {Proceedings of the 2018 ACM Conference on Supporting Groupwork},
 series = {GROUP '18},
 year = {2018},
 isbn = {978-1-4503-5562-9},
 location = {Sanibel Island, Florida, USA},
 pages = {373--378},
 numpages = {6},
 url = {http://doi.acm.org/10.1145/3148330.3152697},
 doi = {10.1145/3148330.3152697},
 acmid = {3152697},
 publisher = {ACM},
 address = {New York, NY, USA},
 keywords = {aapi., impression management, online identity, reddit, social network sites},
}

@inproceedings{Chapman:2008:IEO:1358628.1358818,
 author = {Chapman, Christopher N. and Lahav, Michal},
 title = {International Ethnographic Observation of Social Networking Sites},
 booktitle = {CHI '08 Extended Abstracts on Human Factors in Computing Systems},
 series = {CHI EA '08},
 year = {2008},
 isbn = {978-1-60558-012-8},
 location = {Florence, Italy},
 pages = {3123--3128},
 numpages = {6},
 url = {http://doi.acm.org/10.1145/1358628.1358818},
 doi = {10.1145/1358628.1358818},
 acmid = {1358818},
 publisher = {ACM},
 address = {New York, NY, USA},
 keywords = {ethnography, internet services, social networking},
}

@inproceedings{Gray:2019:TDE:3311927.3325305,
 author = {Gray, Stuart and Hahn, Rachel and Cater, Kirsten and Watson, Debbie and Meineck, Chloe and Metcalfe, Tom},
 title = {Trove: A Digitally Enhanced Memory Box for Looked After and Adopted Children},
 booktitle = {Proceedings of the 18th ACM International Conference on Interaction Design and Children},
 series = {IDC '19},
 year = {2019},
 isbn = {978-1-4503-6690-8},
 location = {Boise, ID, USA},
 pages = {458--463},
 numpages = {6},
 url = {http://doi.acm.org/10.1145/3311927.3325305},
 doi = {10.1145/3311927.3325305},
 acmid = {3325305},
 publisher = {ACM},
 address = {New York, NY, USA},
 keywords = {Children, Life Story Work, Social Care, Tangible User Interfaces},
}

@article{Sowa:1980:CSK:960124.806920,
 author = {Sowa, John F.},
 title = {A Conceptual Schema for Knowledge-based Systems},
 journal = {SIGPLAN Not.},
 issue_date = {Jan 1981},
 volume = {16},
 number = {1},
 month = jun,
 year = {1980},
 issn = {0362-1340},
 pages = {193--195},
 numpages = {3},
 url = {http://doi.acm.org/10.1145/960124.806920},
 doi = {10.1145/960124.806920},
 acmid = {806920},
 publisher = {ACM},
 address = {New York, NY, USA},
}

@inproceedings{Sowa:1980:CSK:800227.806920,
 author = {Sowa, John F.},
 title = {A Conceptual Schema for Knowledge-based Systems},
 booktitle = {Proceedings of the 1980 Workshop on Data Abstraction, Databases and Conceptual Modeling},
 year = {1980},
 isbn = {0-89791-031-1},
 location = {Pingree Park, Colorado, USA},
 pages = {193--195},
 numpages = {3},
 url = {http://doi.acm.org/10.1145/800227.806920},
 doi = {10.1145/800227.806920},
 acmid = {806920},
 publisher = {ACM},
 address = {New York, NY, USA},
}

@article{Sowa:1980:CSK:960126.806920,
 author = {Sowa, John F.},
 title = {A Conceptual Schema for Knowledge-based Systems},
 journal = {SIGMOD Rec.},
 issue_date = {Feb 1981},
 volume = {11},
 number = {2},
 month = jun,
 year = {1980},
 issn = {0163-5808},
 pages = {193--195},
 numpages = {3},
 url = {http://doi.acm.org/10.1145/960126.806920},
 doi = {10.1145/960126.806920},
 acmid = {806920},
 publisher = {ACM},
 address = {New York, NY, USA},
}

@article{Sowa:1980:CSK:960128.806920,
 author = {Sowa, John F.},
 title = {A Conceptual Schema for Knowledge-based Systems},
 journal = {SIGART Bull.},
 issue_date = {Jan 1981},
 number = {74},
 month = jun,
 year = {1980},
 issn = {0163-5719},
 pages = {193--195},
 numpages = {3},
 url = {http://doi.acm.org/10.1145/960128.806920},
 doi = {10.1145/960128.806920},
 acmid = {806920},
 publisher = {ACM},
 address = {New York, NY, USA},
}

@inproceedings{Burns:1998:OTX:296336.296367,
 author = {Burns, William and Smith, Walter},
 title = {Opentag and TMX: XML in the Localization Industry},
 booktitle = {Proceedings of the 16th Annual International Conference on Computer Documentation},
 series = {SIGDOC '98},
 year = {1998},
 isbn = {1-58113-004-X},
 location = {Quebec, Quebec, Canada},
 pages = {137--142},
 numpages = {6},
 url = {http://doi.acm.org/10.1145/296336.296367},
 doi = {10.1145/296336.296367},
 acmid = {296367},
 publisher = {ACM},
 address = {New York, NY, USA},
}

@inproceedings{Taylor:2009:PVP:1508865.1509038,
 author = {Taylor, David Scot and Lurie, Andrei F. and Horstmenn, Cay S. and Johnson, Menko B. and Sharma, Sean K. and Yin, Edward C.},
 title = {Predictive vs. Passive Animation Learning Tools},
 booktitle = {Proceedings of the 40th ACM Technical Symposium on Computer Science Education},
 series = {SIGCSE '09},
 year = {2009},
 isbn = {978-1-60558-183-5},
 location = {Chattanooga, TN, USA},
 pages = {494--498},
 numpages = {5},
 url = {http://doi.acm.org/10.1145/1508865.1509038},
 doi = {10.1145/1508865.1509038},
 acmid = {1509038},
 publisher = {ACM},
 address = {New York, NY, USA},
 keywords = {active learning, animations, research study},
}

@article{Taylor:2009:PVP:1539024.1509038,
 author = {Taylor, David Scot and Lurie, Andrei F. and Horstmenn, Cay S. and Johnson, Menko B. and Sharma, Sean K. and Yin, Edward C.},
 title = {Predictive vs. Passive Animation Learning Tools},
 journal = {SIGCSE Bull.},
 issue_date = {March 2009},
 volume = {41},
 number = {1},
 month = mar,
 year = {2009},
 issn = {0097-8418},
 pages = {494--498},
 numpages = {5},
 url = {http://doi.acm.org/10.1145/1539024.1509038},
 doi = {10.1145/1539024.1509038},
 acmid = {1509038},
 publisher = {ACM},
 address = {New York, NY, USA},
 keywords = {active learning, animations, research study},
}

@inproceedings{Fields:2009:UIA:1599503.1599590,
 author = {Fields, Deborah A.},
 title = {Understanding Identities Across Social Spaces},
 booktitle = {Proceedings of the 9th International Conference on Computer Supported Collaborative Learning - Volume 2},
 series = {CSCL'09},
 year = {2009},
 isbn = {978-1-4092-8598-4},
 location = {Rhodes, Greece},
 pages = {249--251},
 numpages = {3},
 url = {http://dl.acm.org/citation.cfm?id=1599503.1599590},
 acmid = {1599590},
 publisher = {International Society of the Learning Sciences},
}

@inproceedings{Zheng:2015:DMI:2724660.2728689,
 author = {Zheng, Saijing and Rosson, Mary Beth and Shih, Patrick C. and Carroll, John M.},
 title = {Designing MOOCs As Interactive Places for Collaborative Learning},
 booktitle = {Proceedings of the Second (2015) ACM Conference on Learning @ Scale},
 series = {L@S '15},
 year = {2015},
 isbn = {978-1-4503-3411-2},
 location = {Vancouver, BC, Canada},
 pages = {343--346},
 numpages = {4},
 url = {http://doi.acm.org/10.1145/2724660.2728689},
 doi = {10.1145/2724660.2728689},
 acmid = {2728689},
 publisher = {ACM},
 address = {New York, NY, USA},
 keywords = {collaborative learning, moocs, online learning, scenario-based design, space and place, sub-networks},
}

@inproceedings{Chu:2017:IMT:3025453.3025458,
 author = {Chu, Sharon Lynn and Schlegel, Rebecca and Quek, Francis and Christy, Andrew and Chen, Kaiyuan},
 title = {'I Make, Therefore I Am': The Effects of Curriculum-Aligned Making on Children's Self-Identity},
 booktitle = {Proceedings of the 2017 CHI Conference on Human Factors in Computing Systems},
 series = {CHI '17},
 year = {2017},
 isbn = {978-1-4503-4655-9},
 location = {Denver, Colorado, USA},
 pages = {109--120},
 numpages = {12},
 url = {http://doi.acm.org/10.1145/3025453.3025458},
 doi = {10.1145/3025453.3025458},
 acmid = {3025458},
 publisher = {ACM},
 address = {New York, NY, USA},
 keywords = {children, education, learning, maker movement, making, science, self-efficacy, self-identity, stem},
}

@inproceedings{Lampropoulos:2010:ICF:1941530.1941532,
 author = {Lampropoulos, Konstantinos and Diaz-Sanchez, Daniel and Almenares, Florina and Weik, Peter and Denazis, Spyros},
 title = {Introducing a Cross Federation Identity Solution for Converged Network Environments},
 booktitle = {Principles, Systems and Applications of IP Telecommunications},
 series = {IPTComm '10},
 year = {2010},
 isbn = {978-1-4503-0631-7},
 location = {Munich, Germany},
 pages = {1--11},
 numpages = {11},
 url = {http://doi.acm.org/10.1145/1941530.1941532},
 doi = {10.1145/1941530.1941532},
 acmid = {1941532},
 publisher = {ACM},
 address = {New York, NY, USA},
 keywords = {discovery, identity management, privacy, trust management},
}

@inproceedings{Durrant:2013:DSI:2485760.2485778,
 author = {Durrant, Abigail and Hook, Jonathan and McNaney, Roisin and Williams, Keir and Smith, Thomas and Kipling, Mathew and Stockman, Tony and Olivier, Patrick},
 title = {Design to Support Interpersonal Communication in the Special Educational Needs Classroom},
 booktitle = {Proceedings of the 12th International Conference on Interaction Design and Children},
 series = {IDC '13},
 year = {2013},
 isbn = {978-1-4503-1918-8},
 location = {New York, New York, USA},
 pages = {46--55},
 numpages = {10},
 url = {http://doi.acm.org/10.1145/2485760.2485778},
 doi = {10.1145/2485760.2485778},
 acmid = {2485778},
 publisher = {ACM},
 address = {New York, NY, USA},
 keywords = {digital photography, experience-centred design, interaction design for children, special education needs},
}

@inproceedings{Broussard:2016:TUF:3017447.3017513,
 author = {Broussard, Ramona and Doty, Philip},
 title = {Toward an Understanding of Fiction and Information Behavior},
 booktitle = {Proceedings of the 79th ASIS\&T Annual Meeting: Creating Knowledge, Enhancing Lives Through Information \& Technology},
 series = {ASIST '16},
 year = {2016},
 location = {Copenhagen, Denmark},
 pages = {66:1--66:10},
 articleno = {66},
 numpages = {10},
 url = {http://dl.acm.org/citation.cfm?id=3017447.3017513},
 acmid = {3017513},
 publisher = {American Society for Information Science},
 address = {Silver Springs, MD, USA},
 keywords = {fiction, history of information science, information behavior},
}

@inproceedings{Ochsner:2015:LLG:2807565.2807709,
 author = {Ochsner, Amanda},
 title = {Lessons Learned With Girls, Games, and Design},
 booktitle = {Proceedings of the Third Conference on GenderIT},
 series = {GenderIT '15},
 year = {2015},
 isbn = {978-1-4503-3596-6},
 location = {Philadelphia, PA, USA},
 pages = {24--31},
 numpages = {8},
 url = {http://doi.acm.org/10.1145/2807565.2807709},
 doi = {10.1145/2807565.2807709},
 acmid = {2807709},
 publisher = {ACM},
 address = {New York, NY, USA},
 keywords = {game design, game design curricula, game industry, gender},
}

@inproceedings{Lanamaki:2017:BSW:3125433.3125451,
 author = {Lanam\"{a}ki, Arto and Lindman, Juho},
 title = {Before the Sense of 'We': Identity Work As a Bridge from Mass Collaboration to Group Emergence},
 booktitle = {Proceedings of the 13th International Symposium on Open Collaboration},
 series = {OpenSym '17},
 year = {2017},
 isbn = {978-1-4503-5187-4},
 location = {Galway, Ireland},
 pages = {5:1--5:9},
 articleno = {5},
 numpages = {9},
 url = {http://doi.acm.org/10.1145/3125433.3125451},
 doi = {10.1145/3125433.3125451},
 acmid = {3125451},
 publisher = {ACM},
 address = {New York, NY, USA},
 keywords = {Wikipedia, group emergence, identity work, mass collaboration, stigmergy},
}

@inproceedings{Mantilla:2009:EIR:1693042.1693085,
 author = {Mantilla, Camilo Cristancho},
 title = {e-Democracy and Inclusion: The Role for Government Agencies in Mobilizing Participation},
 booktitle = {Proceedings of the 3rd International Conference on Theory and Practice of Electronic Governance},
 series = {ICEGOV '09},
 year = {2009},
 isbn = {978-1-60558-663-2},
 location = {Bogota, Colombia},
 pages = {211--217},
 numpages = {7},
 url = {http://doi.acm.org/10.1145/1693042.1693085},
 doi = {10.1145/1693042.1693085},
 acmid = {1693085},
 publisher = {ACM},
 address = {New York, NY, USA},
 keywords = {discursive democracy, e-democracy, mobilization, political participation},
}

@article{Brey:2006:ESC:1195716.1195721,
 author = {Brey, Philip},
 title = {Evaluating the Social and Cultural Implications of the Internet},
 journal = {SIGCAS Comput. Soc.},
 issue_date = {September 2006},
 volume = {36},
 number = {3},
 month = sep,
 year = {2006},
 issn = {0095-2737},
 pages = {41--48},
 numpages = {8},
 url = {http://doi.acm.org/10.1145/1195716.1195721},
 doi = {10.1145/1195716.1195721},
 acmid = {1195721},
 publisher = {ACM},
 address = {New York, NY, USA},
}

@article{Hekimi:1968:SIP:1061098.1061102,
 author = {Hekimi, D.},
 title = {A Set of I/O Procedures for ECMALGOL},
 journal = {ALGOL Bull.},
 issue_date = {Feb. 1968},
 number = {27},
 month = feb,
 year = {1968},
 issn = {0084-6198},
 pages = {13--23},
 numpages = {11},
 url = {http://dl.acm.org/citation.cfm?id=1061098.1061102},
 acmid = {1061102},
 publisher = {Computer History Museum},
 address = {Mountain View, CA, United States},
}

@inproceedings{Herr:2012:IDG:2212776.2223827,
 author = {Herr, Sascha and R\"{o}sch, Andreas and Beckmann, Christoph and Gross, Tom},
 title = {Informing the Design of Group Recommender Systems},
 booktitle = {CHI '12 Extended Abstracts on Human Factors in Computing Systems},
 series = {CHI EA '12},
 year = {2012},
 isbn = {978-1-4503-1016-1},
 location = {Austin, Texas, USA},
 pages = {2507--2512},
 numpages = {6},
 url = {http://doi.acm.org/10.1145/2212776.2223827},
 doi = {10.1145/2212776.2223827},
 acmid = {2223827},
 publisher = {ACM},
 address = {New York, NY, USA},
 keywords = {group recommender process, group recommender system, social psychology},
}

@inproceedings{Maginnis:1982:TSN:503896.503898,
 author = {Maginnis, P. Tobin},
 title = {ThriftNet: A Simple Networking Strategy},
 booktitle = {Proceedings of the 20th Annual Southeast Regional Conference},
 series = {ACM-SE 20},
 year = {1982},
 isbn = {0-89791-071-0},
 location = {Knoxville, Tennessee},
 pages = {5--8},
 numpages = {4},
 url = {http://doi.acm.org/10.1145/503896.503898},
 doi = {10.1145/503896.503898},
 acmid = {503898},
 publisher = {ACM},
 address = {New York, NY, USA},
}

@inproceedings{Sobie:2014:DCC:2627566.2627578,
 author = {Sobie, Randall},
 title = {Distributed Cloud Computing in High Energy Physics},
 booktitle = {Proceedings of the 2014 ACM SIGCOMM Workshop on Distributed Cloud Computing},
 series = {DCC '14},
 year = {2014},
 isbn = {978-1-4503-2992-7},
 location = {Chicago, Illinois, USA},
 pages = {1--4},
 numpages = {4},
 url = {http://doi.acm.org/10.1145/2627566.2627578},
 doi = {10.1145/2627566.2627578},
 acmid = {2627578},
 publisher = {ACM},
 address = {New York, NY, USA},
 keywords = {cloud computing, high energy physics},
}

@article{Wood:2005:WSE:1081992.1081996,
 author = {Wood, Charles A. and Ow, Terence T.},
 title = {WEBVIEW: An SQL Extension for Joining Corporate Data to Data Derived from the Web},
 journal = {Commun. ACM},
 issue_date = {September 2005},
 volume = {48},
 number = {9},
 month = sep,
 year = {2005},
 issn = {0001-0782},
 pages = {99--104},
 numpages = {6},
 url = {http://doi.acm.org/10.1145/1081992.1081996},
 doi = {10.1145/1081992.1081996},
 acmid = {1081996},
 publisher = {ACM},
 address = {New York, NY, USA},
}

@inproceedings{Zuljevic:2018:WRC:3210604.3210623,
 author = {Zuljevic, Mela and van de Weijer, Marijn and Carabelli, Giulia},
 title = {Walking, Recording and Collaborative Mapping: How Can We Advance PD Methodology by Engaging with Heritage?},
 booktitle = {Proceedings of the 15th Participatory Design Conference: Short Papers, Situated Actions, Workshops and Tutorial - Volume 2},
 series = {PDC '18},
 year = {2018},
 isbn = {978-1-4503-5574-2},
 location = {Hasselt and Genk, Belgium},
 pages = {50:1--50:4},
 articleno = {50},
 numpages = {4},
 url = {http://doi.acm.org/10.1145/3210604.3210623},
 doi = {10.1145/3210604.3210623},
 acmid = {3210623},
 publisher = {ACM},
 address = {New York, NY, USA},
 keywords = {heritage, interdisciplinarity, mutual learning, visualization},
}

@inproceedings{Miller:2010:IIC:1841853.1841879,
 author = {Miller, Jean K.},
 title = {Intercultural Interaction and Collaboration in a Virtual World},
 booktitle = {Proceedings of the 3rd International Conference on Intercultural Collaboration},
 series = {ICIC '10},
 year = {2010},
 isbn = {978-1-4503-0108-4},
 location = {Copenhagen, Denmark},
 pages = {171--174},
 numpages = {4},
 url = {http://doi.acm.org/10.1145/1841853.1841879},
 doi = {10.1145/1841853.1841879},
 acmid = {1841879},
 publisher = {ACM},
 address = {New York, NY, USA},
 keywords = {collaboration, interaction, intercultural, perception, second life, virtual environments, virtual world},
}

@inproceedings{Greenhow:2009:SNE:1600053.1600119,
 author = {Greenhow, Christine},
 title = {Social Networking and Education: Emerging Research Within CSCL},
 booktitle = {Proceedings of the 9th International Conference on Computer Supported Collaborative Learning - Volume 1},
 series = {CSCL'09},
 year = {2009},
 isbn = {978-1-4092-8598-4},
 location = {Rhodes, Greece},
 pages = {454--458},
 numpages = {5},
 url = {http://dl.acm.org/citation.cfm?id=1600053.1600119},
 acmid = {1600119},
 publisher = {International Society of the Learning Sciences},
}

@inproceedings{Kazemitabaar:2015:MTW:2771839.2771883,
 author = {Kazemitabaar, Majeed and Norooz, Leyla and Guha, Mona Leigh and Froehlich, Jon E.},
 title = {MakerShoe: Towards a Wearable e-Textile Construction Kit to Support Creativity, Playful Making, and Self-expression},
 booktitle = {Proceedings of the 14th International Conference on Interaction Design and Children},
 series = {IDC '15},
 year = {2015},
 isbn = {978-1-4503-3590-4},
 location = {Boston, Massachusetts},
 pages = {449--452},
 numpages = {4},
 url = {http://doi.acm.org/10.1145/2771839.2771883},
 doi = {10.1145/2771839.2771883},
 acmid = {2771883},
 publisher = {ACM},
 address = {New York, NY, USA},
 keywords = {construction kits, e-textiles, electronic textiles, wearables},
}

@article{Hoffman:2004:IBI:1005817.1005818,
 author = {Hoffman, Donna L. and Novak, Thomas P. and Venkatesh, Alladi},
 title = {Has the Internet Become Indispensable?},
 journal = {Commun. ACM},
 issue_date = {July 2004},
 volume = {47},
 number = {7},
 month = jul,
 year = {2004},
 issn = {0001-0782},
 pages = {37--42},
 numpages = {6},
 url = {http://doi.acm.org/10.1145/1005817.1005818},
 doi = {10.1145/1005817.1005818},
 acmid = {1005818},
 publisher = {ACM},
 address = {New York, NY, USA},
}

@inproceedings{Redmiles:2005:IEU:1099203.1099248,
 author = {Redmiles, David and Wilensky, Hiroko and Kosaka, Kristie and de Paula, Rogerio},
 title = {What Ideal End Users Teach Us About Collaborative Software},
 booktitle = {Proceedings of the 2005 International ACM SIGGROUP Conference on Supporting Group Work},
 series = {GROUP '05},
 year = {2005},
 isbn = {1-59593-223-2},
 location = {Sanibel Island, Florida, USA},
 pages = {260--263},
 numpages = {4},
 url = {http://doi.acm.org/10.1145/1099203.1099248},
 doi = {10.1145/1099203.1099248},
 acmid = {1099248},
 publisher = {ACM},
 address = {New York, NY, USA},
 keywords = {CSCW, cooperative work, groupware, workplace collaboration},
}

@inproceedings{Blikstein:2013:MMF:2485760.2485884,
 author = {Blikstein, Paulo and Krannich, Dennis},
 title = {The Makers' Movement and FabLabs in Education: Experiences, Technologies, and Research},
 booktitle = {Proceedings of the 12th International Conference on Interaction Design and Children},
 series = {IDC '13},
 year = {2013},
 isbn = {978-1-4503-1918-8},
 location = {New York, New York, USA},
 pages = {613--616},
 numpages = {4},
 url = {http://doi.acm.org/10.1145/2485760.2485884},
 doi = {10.1145/2485760.2485884},
 acmid = {2485884},
 publisher = {ACM},
 address = {New York, NY, USA},
 keywords = {FabLabs, constructionism, digital fabrication, education, making},
}

@inproceedings{Thomas:2019:TMR:3290607.3299024,
 author = {Thomas, Lisa and Sillence, Elizabeth and Elsey, Vicky and Simpson, Emma and Moody, Louise},
 title = {Technology to Mediate Role Conflict in Motherhood},
 booktitle = {Extended Abstracts of the 2019 CHI Conference on Human Factors in Computing Systems},
 series = {CHI EA '19},
 year = {2019},
 isbn = {978-1-4503-5971-9},
 location = {Glasgow, Scotland Uk},
 pages = {W05:1--W05:8},
 articleno = {W05},
 numpages = {8},
 url = {http://doi.acm.org/10.1145/3290607.3299024},
 doi = {10.1145/3290607.3299024},
 acmid = {3299024},
 publisher = {ACM},
 address = {New York, NY, USA},
 keywords = {digital, hci, mothers, role conflict, support, work},
}

@inproceedings{Nicolau:2003:NPC:820189.820193,
 author = {Nicolau,Jr., Dan V. and Fulga, Florin and Nicolau,Sr., Dan V.},
 title = {A New Program to Compute the Surface Properties of Biomolecules},
 booktitle = {Proceedings of the First Asia-Pacific Bioinformatics Conference on Bioinformatics 2003 - Volume 19},
 series = {APBC '03},
 year = {2003},
 isbn = {0-909-92597-6},
 location = {Adelaide, Australia},
 pages = {29--34},
 numpages = {6},
 url = {http://dl.acm.org/citation.cfm?id=820189.820193},
 acmid = {820193},
 publisher = {Australian Computer Society, Inc.},
 address = {Darlinghurst, Australia, Australia},
 keywords = {molecular surface},
}

@inproceedings{Morgan:2010:NAM:1880071.1880098,
 author = {Morgan, Jonathan T. and Zachry, Mark},
 title = {Negotiating with Angry Mastodons: The Wikipedia Policy Environment As Genre Ecology},
 booktitle = {Proceedings of the 16th ACM International Conference on Supporting Group Work},
 series = {GROUP '10},
 year = {2010},
 isbn = {978-1-4503-0387-3},
 location = {Sanibel Island, Florida, USA},
 pages = {165--168},
 numpages = {4},
 url = {http://doi.acm.org/10.1145/1880071.1880098},
 doi = {10.1145/1880071.1880098},
 acmid = {1880098},
 publisher = {ACM},
 address = {New York, NY, USA},
 keywords = {computer-mediated communication, computer-supported cooperative work, sociotechnical systems, wikis},
}

@inproceedings{Patrickson:2017:MCC:3136907.3136917,
 author = {Patrickson, Bronwin},
 title = {Mobilising the Civic Curriculum},
 booktitle = {Proceedings of the 16th World Conference on Mobile and Contextual Learning},
 series = {mLearn 2017},
 year = {2017},
 isbn = {978-1-4503-5255-0},
 location = {Larnaca, Cyprus},
 pages = {3:1--3:4},
 articleno = {3},
 numpages = {4},
 url = {http://doi.acm.org/10.1145/3136907.3136917},
 doi = {10.1145/3136907.3136917},
 acmid = {3136917},
 publisher = {ACM},
 address = {New York, NY, USA},
 keywords = {Civic curriculum, citizenship, civic engagement, mobile learning},
}

@inproceedings{Sayed:2007:MCK:1314161.1314212,
 author = {Sayed, Salil},
 title = {Mobiles Can'T Kiss and Hug, So Lets Meet over Coffee},
 booktitle = {Proceedings of the 2007 Conference on Designing Pleasurable Products and Interfaces},
 series = {DPPI '07},
 year = {2007},
 isbn = {978-1-59593-942-5},
 location = {Helsinki, Finland},
 pages = {505--511},
 numpages = {7},
 url = {http://doi.acm.org/10.1145/1314161.1314212},
 doi = {10.1145/1314161.1314212},
 acmid = {1314212},
 publisher = {ACM},
 address = {New York, NY, USA},
}

@inproceedings{Golder:2004:HRO:1031607.1031668,
 author = {Golder, Scott A. and Donath, Judith},
 title = {Hiding and Revealing in Online Poker Games},
 booktitle = {Proceedings of the 2004 ACM Conference on Computer Supported Cooperative Work},
 series = {CSCW '04},
 year = {2004},
 isbn = {1-58113-810-5},
 location = {Chicago, Illinois, USA},
 pages = {370--373},
 numpages = {4},
 url = {http://doi.acm.org/10.1145/1031607.1031668},
 doi = {10.1145/1031607.1031668},
 acmid = {1031668},
 publisher = {ACM},
 address = {New York, NY, USA},
 keywords = {avatar, handle, identity, poker, reputation, socially interpretable information},
}

@inproceedings{McGinley:2008:MTE:1453805.1453834,
 author = {McGinley, Maurice Joseph},
 title = {A Map of the Television Experience},
 booktitle = {Proceedings of the 1st International Conference on Designing Interactive User Experiences for TV and Video},
 series = {UXTV '08},
 year = {2008},
 isbn = {978-1-60558-100-2},
 location = {Silicon Valley, California, USA},
 pages = {147--150},
 numpages = {4},
 url = {http://doi.acm.org/10.1145/1453805.1453834},
 doi = {10.1145/1453805.1453834},
 acmid = {1453834},
 publisher = {ACM},
 address = {New York, NY, USA},
 keywords = {activity theory, distributed cognition, hci theories, interactive television, phenomenology, television},
}

@inproceedings{Link:2016:OCD:2962132.2962142,
 author = {Link, Georg J.P. and Germonprez, Matt and Goggins, Sean and Hemsley, Jeff and Rand, Bill and Squire, Megan},
 title = {The Open Community Data Exchange: Advancing Data Sharing and Discovery in Open Online Community Science},
 booktitle = {Proceedings of the 12th International Symposium on Open Collaboration Companion},
 series = {OpenSym '16},
 year = {2016},
 isbn = {978-1-4503-4481-4},
 location = {Berlin, Germany},
 pages = {7:1--7:4},
 articleno = {7},
 numpages = {4},
 url = {http://doi.acm.org/10.1145/2962132.2962142},
 doi = {10.1145/2962132.2962142},
 acmid = {2962142},
 publisher = {ACM},
 address = {New York, NY, USA},
 keywords = {Dataset Sharing, Metadata Standard Development, Science of Science, Social Science Datasets, Tool and Infrastructure Development},
}

@article{Davis:2003:CTS:767598.767623,
 author = {Davis, Sarah},
 title = {Campus Tour Scheduler},
 journal = {J. Comput. Sci. Coll.},
 issue_date = {April 2003},
 volume = {18},
 number = {4},
 month = apr,
 year = {2003},
 issn = {1937-4771},
 pages = {146--152},
 numpages = {7},
 url = {http://dl.acm.org/citation.cfm?id=767598.767623},
 acmid = {767623},
 publisher = {Consortium for Computing Sciences in Colleges},
 address = {USA},
}

@inproceedings{Guttmann:2013:CBP:2516911.2516916,
 author = {Guttmann, Christian and Sun, Xingzhi and Rao, Chaitanya and Queiroz, Carlos and Rubinstein, Benjamin I. P.},
 title = {On the Challenges of Balancing Privacy and Utility of Open Health Data},
 booktitle = {Joint Proceedings of the Workshop on AI Problems and Approaches for Intelligent Environments and Workshop on Semantic Cities},
 series = {AIIP '13},
 year = {2013},
 isbn = {978-1-4503-2346-8},
 location = {Beijing, China},
 pages = {43--47},
 numpages = {5},
 url = {http://doi.acm.org/10.1145/2516911.2516916},
 doi = {10.1145/2516911.2516916},
 acmid = {2516916},
 publisher = {ACM},
 address = {New York, NY, USA},
}

@inproceedings{Anderson:2014:EIE:2567948.2579703,
 author = {Anderson, Neil and Hong, Jun},
 title = {Evaluation of Information Extraction Techniques to Label Extracted Data from e-Commerce Web Pages},
 booktitle = {Proceedings of the 23rd International Conference on World Wide Web},
 series = {WWW '14 Companion},
 year = {2014},
 isbn = {978-1-4503-2745-9},
 location = {Seoul, Korea},
 pages = {1275--1278},
 numpages = {4},
 url = {http://doi.acm.org/10.1145/2567948.2579703},
 doi = {10.1145/2567948.2579703},
 acmid = {2579703},
 publisher = {ACM},
 address = {New York, NY, USA},
 keywords = {data item labelling, vision-based extraction},
}

@inproceedings{Wang:2013:GTA:2470654.2470659,
 author = {Wang, Yi-Chia and Burke, Moira and Kraut, Robert E.},
 title = {Gender, Topic, and Audience Response: An Analysis of User-generated Content on Facebook},
 booktitle = {Proceedings of the SIGCHI Conference on Human Factors in Computing Systems},
 series = {CHI '13},
 year = {2013},
 isbn = {978-1-4503-1899-0},
 location = {Paris, France},
 pages = {31--34},
 numpages = {4},
 url = {http://doi.acm.org/10.1145/2470654.2470659},
 doi = {10.1145/2470654.2470659},
 acmid = {2470659},
 publisher = {ACM},
 address = {New York, NY, USA},
 keywords = {computer-mediated communication, facebook, gender, natural language analysis, social networking sites, topics},
}

@inproceedings{Wyld:2017:MFW:3141798.3141820,
 author = {Wyld, Jennifer},
 title = {MakerSpaces As Figured Worlds},
 booktitle = {Proceedings of the 7th Annual Conference on Creativity and Fabrication in Education},
 series = {FabLearn '17},
 year = {2017},
 isbn = {978-1-4503-6349-5},
 location = {Stanford, CA, USA},
 pages = {20:1--20:4},
 articleno = {20},
 numpages = {4},
 url = {http://doi.acm.org/10.1145/3141798.3141820},
 doi = {10.1145/3141798.3141820},
 acmid = {3141820},
 publisher = {ACM},
 address = {New York, NY, USA},
 keywords = {Figured worlds, Maker education, adolescence, authoring, game design, identity, positionality},
}

@inproceedings{Malone:2019:FTH:3308560.3314193,
 author = {Malone, Lin},
 title = {Finding Themselves Between Home and Host Cultures},
 booktitle = {Companion Proceedings of The 2019 World Wide Web Conference},
 series = {WWW '19},
 year = {2019},
 isbn = {978-1-4503-6675-5},
 location = {San Francisco, USA},
 pages = {42--45},
 numpages = {4},
 url = {http://doi.acm.org/10.1145/3308560.3314193},
 doi = {10.1145/3308560.3314193},
 acmid = {3314193},
 publisher = {ACM},
 address = {New York, NY, USA},
 keywords = {Facebook, Hybridity, International Students, Migration, Online Spaces, Social Media},
}

@inproceedings{Matthews:2011:MMS:1979742.1979860,
 author = {Matthews, Mark and Doherty, Gavin},
 title = {My Mobile Story: Therapeutic Storytelling for Children},
 booktitle = {CHI '11 Extended Abstracts on Human Factors in Computing Systems},
 series = {CHI EA '11},
 year = {2011},
 isbn = {978-1-4503-0268-5},
 location = {Vancouver, BC, Canada},
 pages = {2059--2064},
 numpages = {6},
 url = {http://doi.acm.org/10.1145/1979742.1979860},
 doi = {10.1145/1979742.1979860},
 acmid = {1979860},
 publisher = {ACM},
 address = {New York, NY, USA},
 keywords = {children, identity construction, mental health, storytelling, therapy},
}

@inproceedings{Koelle:2018:ARS:3170427.3170620,
 author = {Koelle, Marion and Boll, Susanne and Olsson, Thomas and Williamson, Julie and Profita, Halley and Kane, Shaun and Mitchell, Robb},
 title = {(Un)Acceptable!?!: Re-thinking the Social Acceptability of Emerging Technologies},
 booktitle = {Extended Abstracts of the 2018 CHI Conference on Human Factors in Computing Systems},
 series = {CHI EA '18},
 year = {2018},
 isbn = {978-1-4503-5621-3},
 location = {Montreal QC, Canada},
 pages = {W03:1--W03:8},
 articleno = {W03},
 numpages = {8},
 url = {http://doi.acm.org/10.1145/3170427.3170620},
 doi = {10.1145/3170427.3170620},
 acmid = {3170620},
 publisher = {ACM},
 address = {New York, NY, USA},
 keywords = {emerging technologies, social acceptability, social computing, technology acceptance},
}

@inproceedings{Yin:2017:NOG:3025453.3025720,
 author = {Yin, Kodlee and Aragon, Cecilia and Evans, Sarah and Davis, Katie},
 title = {Where No One Has Gone Before: A Meta-Dataset of the World's Largest Fanfiction Repository},
 booktitle = {Proceedings of the 2017 CHI Conference on Human Factors in Computing Systems},
 series = {CHI '17},
 year = {2017},
 isbn = {978-1-4503-4655-9},
 location = {Denver, Colorado, USA},
 pages = {6106--6110},
 numpages = {5},
 url = {http://doi.acm.org/10.1145/3025453.3025720},
 doi = {10.1145/3025453.3025720},
 acmid = {3025720},
 publisher = {ACM},
 address = {New York, NY, USA},
 keywords = {fanfiction, online communities, youth},
}

@inproceedings{Goggins:2007:CGC:1316624.1316654,
 author = {Goggins, Sean P. and Laffey, James and Tsai, I-Chun},
 title = {Cooperation and Groupness: Community Formation in Small Online Collaborative Groups},
 booktitle = {Proceedings of the 2007 International ACM Conference on Supporting Group Work},
 series = {GROUP '07},
 year = {2007},
 isbn = {978-1-59593-845-9},
 location = {Sanibel Island, Florida, USA},
 pages = {207--216},
 numpages = {10},
 url = {http://doi.acm.org/10.1145/1316624.1316654},
 doi = {10.1145/1316624.1316654},
 acmid = {1316654},
 publisher = {ACM},
 address = {New York, NY, USA},
 keywords = {communities of practice, cscl, cscw, groups, human capital, networks of practice, social capital, teams},
}

@inproceedings{Sinclair:2015:ESF:2828959.2828979,
 author = {Sinclair, Jane and Kalvala, Sara},
 title = {Exploring Societal Factors Affecting the Experience and Engagement of First Year Female Computer Science Undergraduates},
 booktitle = {Proceedings of the 15th Koli Calling Conference on Computing Education Research},
 series = {Koli Calling '15},
 year = {2015},
 isbn = {978-1-4503-4020-5},
 location = {Koli, Finland},
 pages = {107--116},
 numpages = {10},
 url = {http://doi.acm.org/10.1145/2828959.2828979},
 doi = {10.1145/2828959.2828979},
 acmid = {2828979},
 publisher = {ACM},
 address = {New York, NY, USA},
 keywords = {computer science education, gender diversity, student engagement, student expectation},
}

@inproceedings{Mittal:2018:BUO:3209811.3209824,
 author = {Mittal, Shekhar and Reich, Ofir and Mahajan, Aprajit},
 title = {Who is Bogus?: Using One-Sided Labels to Identify Fraudulent Firms from Tax Returns},
 booktitle = {Proceedings of the 1st ACM SIGCAS Conference on Computing and Sustainable Societies},
 series = {COMPASS '18},
 year = {2018},
 isbn = {978-1-4503-5816-3},
 location = {Menlo Park and San Jose, CA, USA},
 pages = {24:1--24:11},
 articleno = {24},
 numpages = {11},
 url = {http://doi.acm.org/10.1145/3209811.3209824},
 doi = {10.1145/3209811.3209824},
 acmid = {3209824},
 publisher = {ACM},
 address = {New York, NY, USA},
 keywords = {Low income economy, Tax evasion, Value added tax},
}

@inproceedings{Tiidenberg:2017:IAO:3097286.3097307,
 author = {Tiidenberg, Katrin and Markham, Annette and Pereira, Gabriel and Rehder, Mads and Dremljuga, Ramona and Sommer, Jannek K. and Dougherty, Meghan},
 title = {"I'm an Addict" and Other Sensemaking Devices: A Discourse Analysis of Self-Reflections on Lived Experience of Social Media},
 booktitle = {Proceedings of the 8th International Conference on Social Media \& Society},
 series = {\#SMSociety17},
 year = {2017},
 isbn = {978-1-4503-4847-8},
 location = {Toronto, ON, Canada},
 pages = {21:1--21:10},
 articleno = {21},
 numpages = {10},
 url = {http://doi.acm.org/10.1145/3097286.3097307},
 doi = {10.1145/3097286.3097307},
 acmid = {3097307},
 publisher = {ACM},
 address = {New York, NY, USA},
 keywords = {Social media, autoethnography, discourse analysis, sensemaking, young people's social media use},
}

@inproceedings{Faber:2007:PET:1297144.1297197,
 author = {Faber, Brenton},
 title = {The Problem of Extraneous Text: Opposition to Organizational Change, Dynamic \& Synoptic Orientations},
 booktitle = {Proceedings of the 25th Annual ACM International Conference on Design of Communication},
 series = {SIGDOC '07},
 year = {2007},
 isbn = {978-1-59593-588-5},
 location = {El Paso, Texas, USA},
 pages = {235--240},
 numpages = {6},
 url = {http://doi.acm.org/10.1145/1297144.1297197},
 doi = {10.1145/1297144.1297197},
 acmid = {1297197},
 publisher = {ACM},
 address = {New York, NY, USA},
 keywords = {discourse studies, dynamic, managing change, organizational communication, resistance to change, synoptic style},
}

@inproceedings{Gottron:2008:CTB:1793274.1793284,
 author = {Gottron, Thomas},
 title = {Clustering Template Based Web Documents},
 booktitle = {Proceedings of the IR Research, 30th European Conference on Advances in Information Retrieval},
 series = {ECIR'08},
 year = {2008},
 isbn = {3-540-78645-7, 978-3-540-78645-0},
 location = {Glasgow, UK},
 pages = {40--51},
 numpages = {12},
 url = {http://dl.acm.org/citation.cfm?id=1793274.1793284},
 acmid = {1793284},
 publisher = {Springer-Verlag},
 address = {Berlin, Heidelberg},
}

@inproceedings{Muniyandi:2011:PBR:1947940.1948054,
 author = {Muniyandi, Amutha Prabakar and Ramasamy, Rajaram and Indrani},
 title = {Password Based Remote Authentication Scheme Using ECC for Smart Card},
 booktitle = {Proceedings of the 2011 International Conference on Communication, Computing \&\#38; Security},
 series = {ICCCS '11},
 year = {2011},
 isbn = {978-1-4503-0464-1},
 location = {Rourkela, Odisha, India},
 pages = {549--554},
 numpages = {6},
 url = {http://doi.acm.org/10.1145/1947940.1948054},
 doi = {10.1145/1947940.1948054},
 acmid = {1948054},
 publisher = {ACM},
 address = {New York, NY, USA},
 keywords = {ECC, Wi-Fi devices, authentication, mobile devices, smartcard},
}

@inproceedings{Kim:2019:TBB:3329189.3329209,
 author = {Kim, Sung-In and Jo, Eunkyung and Ryu, Myeonghan and Cha, Inha and Kim, Young-Ho and Yoo, Heejung and Hong, Hwajung},
 title = {Toward Becoming a Better Self: Understanding Self-Tracking Experiences of Adolescents with Autism Spectrum Disorder Using Custom Trackers},
 booktitle = {Proceedings of the 13th EAI International Conference on Pervasive Computing Technologies for Healthcare},
 series = {PervasiveHealth'19},
 year = {2019},
 isbn = {978-1-4503-6126-2},
 location = {Trento, Italy},
 pages = {169--178},
 numpages = {10},
 url = {http://doi.acm.org/10.1145/3329189.3329209},
 doi = {10.1145/3329189.3329209},
 acmid = {3329209},
 publisher = {ACM},
 address = {New York, NY, USA},
 keywords = {Autism, adolescents, participatory design workshop, self-tracking},
}

@inproceedings{Brubaker:2011:SUI:1958824.1958881,
 author = {Brubaker, Jed R. and Hayes, Gillian R.},
 title = {SELECT * FROM USER: Infrastructure and Socio-technical Representation},
 booktitle = {Proceedings of the ACM 2011 Conference on Computer Supported Cooperative Work},
 series = {CSCW '11},
 year = {2011},
 isbn = {978-1-4503-0556-3},
 location = {Hangzhou, China},
 pages = {369--378},
 numpages = {10},
 url = {http://doi.acm.org/10.1145/1958824.1958881},
 doi = {10.1145/1958824.1958881},
 acmid = {1958881},
 publisher = {ACM},
 address = {New York, NY, USA},
 keywords = {craigslist missed connections, facebook, infrastructure, online communities, representation, social media},
}

@article{Head:2008:PUA:1352322.1352183,
 author = {Head, Christopher C. D. and Wolfman, Steven A.},
 title = {Poogle and the Unknown-answer Assignment: Open-ended, Sharable Cs1 Assignments},
 journal = {SIGCSE Bull.},
 issue_date = {March 2008},
 volume = {40},
 number = {1},
 month = mar,
 year = {2008},
 issn = {0097-8418},
 pages = {133--137},
 numpages = {5},
 url = {http://doi.acm.org/10.1145/1352322.1352183},
 doi = {10.1145/1352322.1352183},
 acmid = {1352183},
 publisher = {ACM},
 address = {New York, NY, USA},
 keywords = {cs1, multi-user, open-ended, poogle, sharable, unknown-answer},
}

@inproceedings{Head:2008:PUA:1352135.1352183,
 author = {Head, Christopher C. D. and Wolfman, Steven A.},
 title = {Poogle and the Unknown-answer Assignment: Open-ended, Sharable Cs1 Assignments},
 booktitle = {Proceedings of the 39th SIGCSE Technical Symposium on Computer Science Education},
 series = {SIGCSE '08},
 year = {2008},
 isbn = {978-1-59593-799-5},
 location = {Portland, OR, USA},
 pages = {133--137},
 numpages = {5},
 url = {http://doi.acm.org/10.1145/1352135.1352183},
 doi = {10.1145/1352135.1352183},
 acmid = {1352183},
 publisher = {ACM},
 address = {New York, NY, USA},
 keywords = {cs1, multi-user, open-ended, poogle, sharable, unknown-answer},
}

@inproceedings{Salisbury:1995:BRC:224401.224699,
 author = {Salisbury, Marnie R. and Seidel, David W. and Booker, Lashon B.},
 title = {A Brief Review of the Command Forces (CFOR) Program},
 booktitle = {Proceedings of the 27th Conference on Winter Simulation},
 series = {WSC '95},
 year = {1995},
 isbn = {0-7803-3018-8},
 location = {Arlington, Virginia, USA},
 pages = {626--633},
 numpages = {8},
 url = {http://dx.doi.org/10.1145/224401.224699},
 doi = {10.1145/224401.224699},
 acmid = {224699},
 publisher = {IEEE Computer Society},
 address = {Washington, DC, USA},
}

@inproceedings{Wise:2019:TCN:3303772.3303840,
 author = {Wise, Alyssa Friend and Cui, Yi},
 title = {Top Concept Networks of Professional Education Reflections},
 booktitle = {Proceedings of the 9th International Conference on Learning Analytics \& Knowledge},
 series = {LAK19},
 year = {2019},
 isbn = {978-1-4503-6256-6},
 location = {Tempe, AZ, USA},
 pages = {260--264},
 numpages = {5},
 url = {http://doi.acm.org/10.1145/3303772.3303840},
 doi = {10.1145/3303772.3303840},
 acmid = {3303840},
 publisher = {ACM},
 address = {New York, NY, USA},
 keywords = {Reflection, concept network, professional education},
}

@inproceedings{Slattery:2009:ETP:1621995.1622052,
 author = {Slattery, Shaun P.},
 title = {"Edit This Page": The Socio-technological Infrastructure of a Wikipedia Article},
 booktitle = {Proceedings of the 27th ACM International Conference on Design of Communication},
 series = {SIGDOC '09},
 year = {2009},
 isbn = {978-1-60558-559-8},
 location = {Bloomington, Indiana, USA},
 pages = {289--296},
 numpages = {8},
 url = {http://doi.acm.org/10.1145/1621995.1622052},
 doi = {10.1145/1621995.1622052},
 acmid = {1622052},
 publisher = {ACM},
 address = {New York, NY, USA},
 keywords = {activity theory, infrastructure, wiki, wikipedia},
}

@inproceedings{Opel:2016:EIF:2987592.2987624,
 author = {Opel, Dawn},
 title = {Ethical Information Flows: Working with/Against the Healthcare Industry's Fascination with Social Media},
 booktitle = {Proceedings of the 34th ACM International Conference on the Design of Communication},
 series = {SIGDOC '16},
 year = {2016},
 isbn = {978-1-4503-4495-1},
 location = {Silver Spring, MD, USA},
 pages = {28:1--28:5},
 articleno = {28},
 numpages = {5},
 url = {http://doi.acm.org/10.1145/2987592.2987624},
 doi = {10.1145/2987592.2987624},
 acmid = {2987624},
 publisher = {ACM},
 address = {New York, NY, USA},
 keywords = {Social media, content strategy, health care, public health},
}

@inproceedings{Roth:2015:PAP:2739011.2739026,
 author = {Roth, Sascha and Schulz, Christopher},
 title = {A Pattern-based Approach to Presentations Using Slide Facilities},
 booktitle = {Proceedings of the 18th European Conference on Pattern Languages of Program},
 series = {EuroPLoP '13},
 year = {2015},
 isbn = {978-1-4503-3465-5},
 location = {Irsee, Germany},
 pages = {15:1--15:12},
 articleno = {15},
 numpages = {12},
 url = {http://doi.acm.org/10.1145/2739011.2739026},
 doi = {10.1145/2739011.2739026},
 acmid = {2739026},
 publisher = {ACM},
 address = {New York, NY, USA},
 keywords = {PowerPoint, pattern, presentation, slide},
}

@inproceedings{Gorea:2018:SSR:3217804.3217930,
 author = {Gorea, Michelle},
 title = {Snap, Scroll, Repeat: Routine Engagements with and Understandings of Visual Communication Among Youth},
 booktitle = {Proceedings of the 9th International Conference on Social Media and Society},
 series = {SMSociety '18},
 year = {2018},
 isbn = {978-1-4503-6334-1},
 location = {Copenhagen, Denmark},
 pages = {286--290},
 numpages = {5},
 url = {http://doi.acm.org/10.1145/3217804.3217930},
 doi = {10.1145/3217804.3217930},
 acmid = {3217930},
 publisher = {ACM},
 address = {New York, NY, USA},
 keywords = {Identity, Images, Social Media, Visual Communication, Youth},
}

@inproceedings{Toledo:2018:UIS:3233824.3233843,
 author = {Toledo, Javier Alejando Jim{\'e}nez and Collazos, C{\'e}sar A. and Cantero, Manuel Ortega and Redondo, Miguel A.},
 title = {User Interface Sketch for the Development of Algorithmic Thinking with Augmented Reality},
 booktitle = {Proceedings of the XIX International Conference on Human Computer Interaction},
 series = {Interacci\&\#243;n 2018},
 year = {2018},
 isbn = {978-1-4503-6491-1},
 location = {Palma, Spain},
 pages = {29:1--29:8},
 articleno = {29},
 numpages = {8},
 url = {http://doi.acm.org/10.1145/3233824.3233843},
 doi = {10.1145/3233824.3233843},
 acmid = {3233843},
 publisher = {ACM},
 address = {New York, NY, USA},
 keywords = {Augmented Reality, UIS, User Interface Sketch, algorithmic thinking, didactic strategy, human-computer interaction},
}

@inproceedings{Barnett:2006:DIT:1150034.1150038,
 author = {Barnett, Michael and Higginbotham, Thomas and Anderson, Janice},
 title = {Didn'T I Tell You That?: Challenges and Tensions in Developing and Sustaining School-university Partnerships},
 booktitle = {Proceedings of the 7th International Conference on Learning Sciences},
 series = {ICLS '06},
 year = {2006},
 isbn = {0-8058-6174-2},
 location = {Bloomington, Indiana},
 pages = {23--29},
 numpages = {7},
 url = {http://dl.acm.org/citation.cfm?id=1150034.1150038},
 acmid = {1150038},
 publisher = {International Society of the Learning Sciences},
}

@inproceedings{Bennerstedt:2009:SOI:1600053.1600113,
 author = {Bennerstedt, Ulrika and Linderoth, Jonas},
 title = {The Spellbound Ones: Illuminating Everyday Collaborative Gaming Practices in a MMORPG},
 booktitle = {Proceedings of the 9th International Conference on Computer Supported Collaborative Learning - Volume 1},
 series = {CSCL'09},
 year = {2009},
 isbn = {978-1-4092-8598-4},
 location = {Rhodes, Greece},
 pages = {404--413},
 numpages = {10},
 url = {http://dl.acm.org/citation.cfm?id=1600053.1600113},
 acmid = {1600113},
 publisher = {International Society of the Learning Sciences},
}

@inproceedings{Smith:1981:ATV:1500412.1500464,
 author = {Smith, Mark K. and Tripp, Leonard L. and Osterweil, Leon J. and Taylor, Richard N. and Howden, William E.},
 title = {An Approach to Transfer Verification and Validation Technology},
 booktitle = {Proceedings of the May 4-7, 1981, National Computer Conference},
 series = {AFIPS '81},
 year = {1981},
 location = {Chicago, Illinois},
 pages = {367--373},
 numpages = {7},
 url = {http://doi.acm.org/10.1145/1500412.1500464},
 doi = {10.1145/1500412.1500464},
 acmid = {1500464},
 publisher = {ACM},
 address = {New York, NY, USA},
}

@inproceedings{Rode:2012:RSC:2370216.2370245,
 author = {Rode, Jennifer A. and Magee, Rachel and Sebastian, Melinda and Black, Alan and Yudell, Rachel and Gibran, Aly and McDonald, Nora and Zimmerman, John},
 title = {Rethinking the Smart Closet As an Opportunity to Enhance the Social Currency of Clothing},
 booktitle = {Proceedings of the 2012 ACM Conference on Ubiquitous Computing},
 series = {UbiComp '12},
 year = {2012},
 isbn = {978-1-4503-1224-0},
 location = {Pittsburgh, Pennsylvania},
 pages = {183--192},
 numpages = {10},
 url = {http://doi.acm.org/10.1145/2370216.2370245},
 doi = {10.1145/2370216.2370245},
 acmid = {2370245},
 publisher = {ACM},
 address = {New York, NY, USA},
 keywords = {gender, material culture, privacy, qualitative, theory},
}

@inproceedings{Mark:2012:BCW:2145204.2145215,
 author = {Mark, Gloria and Bagdouri, Mossaab and Palen, Leysia and Martin, James and Al-Ani, Ban and Anderson, Kenneth},
 title = {Blogs As a Collective War Diary},
 booktitle = {Proceedings of the ACM 2012 Conference on Computer Supported Cooperative Work},
 series = {CSCW '12},
 year = {2012},
 isbn = {978-1-4503-1086-4},
 location = {Seattle, Washington, USA},
 pages = {37--46},
 numpages = {10},
 url = {http://doi.acm.org/10.1145/2145204.2145215},
 doi = {10.1145/2145204.2145215},
 acmid = {2145215},
 publisher = {ACM},
 address = {New York, NY, USA},
 keywords = {blogs, collective identity, crisis, crisis informatics, longitudinal study, topic modeling, war},
}

@inproceedings{Campbell:2016:TPR:2818048.2819934,
 author = {Campbell, Julie and Aragon, Cecilia and Davis, Katie and Evans, Sarah and Evans, Abigail and Randall, David},
 title = {Thousands of Positive Reviews: Distributed Mentoring in Online Fan Communities},
 booktitle = {Proceedings of the 19th ACM Conference on Computer-Supported Cooperative Work \& Social Computing},
 series = {CSCW '16},
 year = {2016},
 isbn = {978-1-4503-3592-8},
 location = {San Francisco, California, USA},
 pages = {691--704},
 numpages = {14},
 url = {http://doi.acm.org/10.1145/2818048.2819934},
 doi = {10.1145/2818048.2819934},
 acmid = {2819934},
 publisher = {ACM},
 address = {New York, NY, USA},
 keywords = {Mentoring, digital youth., distributed mentoring, fanfiction, informal learning, online communities},
}

@inproceedings{Frydenlund:2017:TMI:3106078.3106089,
 author = {Frydenlund, Erika and Padilla, Jose J. and Earnest, David C.},
 title = {A Theoretical Model of Identity Shift in Protracted Refugee Situations},
 booktitle = {Proceedings of the Agent-Directed Simulation Symposium},
 series = {ADS '17},
 year = {2017},
 location = {Virginia Beach, Virginia},
 pages = {11:1--11:12},
 articleno = {11},
 numpages = {12},
 url = {http://dl.acm.org/citation.cfm?id=3106078.3106089},
 acmid = {3106089},
 publisher = {Society for Computer Simulation International},
 address = {San Diego, CA, USA},
 keywords = {agent-based modeling, protraction, refugee identity},
}

@article{Ramseyer:1977:MIG:633615.810649,
 author = {Ramseyer, Richard R. and Dam, Andries van},
 title = {A Multi-microprocessor Implementation of a General Purpose Pipelined CPU},
 journal = {SIGARCH Comput. Archit. News},
 issue_date = {March 1977},
 volume = {5},
 number = {7},
 month = mar,
 year = {1977},
 issn = {0163-5964},
 pages = {29--34},
 numpages = {6},
 url = {http://doi.acm.org/10.1145/633615.810649},
 doi = {10.1145/633615.810649},
 acmid = {810649},
 publisher = {ACM},
 address = {New York, NY, USA},
 keywords = {Array processing, Distributed processing, Microprocessors, Pipeline, Vector machine},
}

@inproceedings{Ramseyer:1977:MIG:800255.810649,
 author = {Ramseyer, Richard R. and Dam, Andries van},
 title = {A Multi-microprocessor Implementation of a General Purpose Pipelined CPU},
 booktitle = {Proceedings of the 4th Annual Symposium on Computer Architecture},
 series = {ISCA '77},
 year = {1977},
 pages = {29--34},
 numpages = {6},
 url = {http://doi.acm.org/10.1145/800255.810649},
 doi = {10.1145/800255.810649},
 acmid = {810649},
 publisher = {ACM},
 address = {New York, NY, USA},
 keywords = {Array processing, Distributed processing, Microprocessors, Pipeline, Vector machine},
}

@inproceedings{Bade:2004:CTD:985692.985706,
 author = {Bade, Ragnar and Schlechtweg, Stefan and Miksch, Silvia},
 title = {Connecting Time-oriented Data and Information to a Coherent Interactive Visualization},
 booktitle = {Proceedings of the SIGCHI Conference on Human Factors in Computing Systems},
 series = {CHI '04},
 year = {2004},
 isbn = {1-58113-702-8},
 location = {Vienna, Austria},
 pages = {105--112},
 numpages = {8},
 url = {http://doi.acm.org/10.1145/985692.985706},
 doi = {10.1145/985692.985706},
 acmid = {985706},
 publisher = {ACM},
 address = {New York, NY, USA},
 keywords = {health care, information visualization, medical application: intensive care units, temporal data modeling and abstraction, user interface design, visualization},
}

@inproceedings{Craig:2013:IGS:2445196.2445328,
 author = {Craig, Annemieke and Coldwell-Neilson, Jo and Beekhuyzen, Jenine},
 title = {Are IT Interventions for Girls a Special Case?},
 booktitle = {Proceeding of the 44th ACM Technical Symposium on Computer Science Education},
 series = {SIGCSE '13},
 year = {2013},
 isbn = {978-1-4503-1868-6},
 location = {Denver, Colorado, USA},
 pages = {451--456},
 numpages = {6},
 url = {http://doi.acm.org/10.1145/2445196.2445328},
 doi = {10.1145/2445196.2445328},
 acmid = {2445328},
 publisher = {ACM},
 address = {New York, NY, USA},
 keywords = {K-12 education, gender and diversity, girls and it, intervention, outreach programs},
}

@inproceedings{Orhun:2008:TFK:1621087.1621091,
 author = {Orhun, Emrah and Hopple, James},
 title = {Theoretical Frameworks for Knowledge Sharing in a Community of Practice},
 booktitle = {Proceedings of the 2008 Euro American Conference on Telematics and Information Systems},
 series = {EATIS '08},
 year = {2008},
 isbn = {978-1-59593-988-3},
 location = {Aracaju, Brazil},
 pages = {4:1--4:7},
 articleno = {4},
 numpages = {7},
 url = {http://doi.acm.org/10.1145/1621087.1621091},
 doi = {10.1145/1621087.1621091},
 acmid = {1621091},
 publisher = {ACM},
 address = {New York, NY, USA},
 keywords = {community of practice, knowledge sharing},
}

@inproceedings{Lee:2019:DFM:3311890.3311902,
 author = {Lee, Sarah Priscilla and Worsley, Marcelo Bonilla},
 title = {Designing for and Facilitating Meaningful Making with Refugee Children},
 booktitle = {Proceedings of FabLearn 2019},
 series = {FL2019},
 year = {2019},
 isbn = {978-1-4503-6244-3},
 location = {New York, NY, USA},
 pages = {89--95},
 numpages = {7},
 url = {http://doi.acm.org/10.1145/3311890.3311902},
 doi = {10.1145/3311890.3311902},
 acmid = {3311902},
 publisher = {ACM},
 address = {New York, NY, USA},
 keywords = {cultural context, making, refugees, summer program},
}

@inproceedings{Kilner:2005:AOP:1149293.1149328,
 author = {Kilner, Peter G. and Hoadley, Christopher M.},
 title = {Anonymity Options and Professional Participation in an Online Community of Practice},
 booktitle = {Proceedings of th 2005 Conference on Computer Support for Collaborative Learning: Learning 2005: The Next 10 Years!},
 series = {CSCL '05},
 year = {2005},
 isbn = {0-8058-5782-6},
 location = {Taipei, Taiwan},
 pages = {272--280},
 numpages = {9},
 url = {http://dl.acm.org/citation.cfm?id=1149293.1149328},
 acmid = {1149328},
 publisher = {International Society of the Learning Sciences},
 keywords = {anonymity, asynchronous discussion, community of practice, facilitation, flaming, moderation, norms, online discussion, participation},
}

@inproceedings{Bricker:2010:UFE:1854509.1854575,
 author = {Bricker, Leah A. and Zimmerman, Heather Toomey and Reeve, Suzanne and Bell, Philip and Barron, Brigid},
 title = {Understanding Families' Educational Decision-making Along Extended Learning Pathways},
 booktitle = {Proceedings of the 9th International Conference of the Learning Sciences - Volume 2},
 series = {ICLS '10},
 year = {2010},
 location = {Chicago, Illinois},
 pages = {141--148},
 numpages = {8},
 url = {http://dl.acm.org/citation.cfm?id=1854509.1854575},
 acmid = {1854575},
 publisher = {International Society of the Learning Sciences},
}

@inproceedings{Hodel:2004:DCB:1026533.1026558,
 author = {Hodel, Thomas B. and Gall, Harald and Dittrich, Klaus R.},
 title = {Dynamic Collaborative Business Processes Within Documents},
 booktitle = {Proceedings of the 22Nd Annual International Conference on Design of Communication: The Engineering of Quality Documentation},
 series = {SIGDOC '04},
 year = {2004},
 isbn = {1-58113-809-1},
 location = {Memphis, Tennessee, USA},
 pages = {97--103},
 numpages = {7},
 url = {http://doi.acm.org/10.1145/1026533.1026558},
 doi = {10.1145/1026533.1026558},
 acmid = {1026558},
 publisher = {ACM},
 address = {New York, NY, USA},
 keywords = {categories, collaborative document processing, computer supported cooperative work (CSCW), document business process technologies, native text database},
}

@inproceedings{Kirman:2009:FRF:1690388.1690415,
 author = {Kirman, Ben and Ferrari, Eva and Lawson, Shaun and Freeman, Jonathan and Lessiter, Jane and Linehan, Conor},
 title = {Familiars: Representing Facebook Users' Social Behaviour Through a Reflective Playful Experience},
 booktitle = {Proceedings of the International Conference on Advances in Computer Enterntainment Technology},
 series = {ACE '09},
 year = {2009},
 isbn = {978-1-60558-864-3},
 location = {Athens, Greece},
 pages = {157--164},
 numpages = {8},
 url = {http://doi.acm.org/10.1145/1690388.1690415},
 doi = {10.1145/1690388.1690415},
 acmid = {1690415},
 publisher = {ACM},
 address = {New York, NY, USA},
 keywords = {representation, social games, social networks},
}

@inproceedings{Nathan:2011:MIS:1940761.1940841,
 author = {Nathan, Lisa P. and Lake, Milli and Grey, Nell Carden and Nilsen, Trond and Utter, Robert F. and Utter, Elizabeth J. and Ring, Mark and Kahn, Zoe and Friedman, Batya},
 title = {Multi-lifespan Information System Design: Investigating a New Design Approach in Rwanda},
 booktitle = {Proceedings of the 2011 iConference},
 series = {iConference '11},
 year = {2011},
 isbn = {978-1-4503-0121-3},
 location = {Seattle, Washington, USA},
 pages = {591--597},
 numpages = {7},
 url = {http://doi.acm.org/10.1145/1940761.1940841},
 doi = {10.1145/1940761.1940841},
 acmid = {1940841},
 publisher = {ACM},
 address = {New York, NY, USA},
 keywords = {access, international justice, multi-lifespan information system design, reuse, value sensitive design, value tensions},
}

@inproceedings{Pal:2017:IID:3084381.3084395,
 author = {Pal, Abhipsa and Ojha, Abhoy Kumar},
 title = {Institutional Isomorphism Due to the Influence of Information Systems and Its Strategic Position},
 booktitle = {Proceedings of the 2017 ACM SIGMIS Conference on Computers and People Research},
 series = {SIGMIS-CPR '17},
 year = {2017},
 isbn = {978-1-4503-5037-2},
 location = {Bangalore, India},
 pages = {147--154},
 numpages = {8},
 url = {http://doi.acm.org/10.1145/3084381.3084395},
 doi = {10.1145/3084381.3084395},
 acmid = {3084395},
 publisher = {ACM},
 address = {New York, NY, USA},
 keywords = {institutional theory, is strategic grid, isomorphism, strategic information systems},
}

@inproceedings{Buffum:2016:ESC:2839509.2844595,
 author = {Buffum, Philip Sheridan and Frankosky, Megan Hardy and Boyer, Kristy Elizabeth and Wiebe, Eric N. and Mott, Bradford W. and Lester, James C.},
 title = {Empowering All Students: Closing the CS Confidence Gap with an In-School Initiative for Middle School Students},
 booktitle = {Proceedings of the 47th ACM Technical Symposium on Computing Science Education},
 series = {SIGCSE '16},
 year = {2016},
 isbn = {978-1-4503-3685-7},
 location = {Memphis, Tennessee, USA},
 pages = {382--387},
 numpages = {6},
 url = {http://doi.acm.org/10.1145/2839509.2844595},
 doi = {10.1145/2839509.2844595},
 acmid = {2844595},
 publisher = {ACM},
 address = {New York, NY, USA},
 keywords = {broadening participation, in-school outreach, middle school},
}

@inproceedings{Chapin:1969:CFO:800195.805938,
 author = {Chapin, Ned},
 title = {A Comparison of File Organization Techniques},
 booktitle = {Proceedings of the 1969 24th National Conference},
 series = {ACM '69},
 year = {1969},
 pages = {273--283},
 numpages = {11},
 url = {http://doi.acm.org/10.1145/800195.805938},
 doi = {10.1145/800195.805938},
 acmid = {805938},
 publisher = {ACM},
 address = {New York, NY, USA},
 keywords = {Access, Chains, Data management, Data structures, File maintenance, Files, Graph theory, Hierarchial organization, Indexed-sequential organization, Inverted lists, Links, Lists, Partitioned organization, Pointers, Positional organization, Random access, Records, Ring organization, Sequential organization, Software support, Strings},
}

@inproceedings{Abiteboul:1984:NFN:588011.588038,
 author = {Abiteboul, Serge and Bidoit, Nicole},
 title = {Non First Normal Form Relations to Represent Hierarchically Organized Data},
 booktitle = {Proceedings of the 3rd ACM SIGACT-SIGMOD Symposium on Principles of Database Systems},
 series = {PODS '84},
 year = {1984},
 isbn = {0-89791-128-8},
 location = {Waterloo, Ontario, Canada},
 pages = {191--200},
 numpages = {10},
 url = {http://doi.acm.org/10.1145/588011.588038},
 doi = {10.1145/588011.588038},
 acmid = {588038},
 publisher = {ACM},
 address = {New York, NY, USA},
}

@article{Payton:2019:CNI:3328504.3319422,
 author = {Payton, Fay Cobb and Berki, Eleni},
 title = {Countering the Negative Image of Women in Computing},
 journal = {Commun. ACM},
 issue_date = {May 2019},
 volume = {62},
 number = {5},
 month = apr,
 year = {2019},
 issn = {0001-0782},
 pages = {56--63},
 numpages = {8},
 url = {http://doi.acm.org/10.1145/3319422},
 doi = {10.1145/3319422},
 acmid = {3319422},
 publisher = {ACM},
 address = {New York, NY, USA},
}

@inproceedings{Espinoza:2001:GSN:647987.741330,
 author = {Espinoza, Fredrik and Persson, Per and Sandin, Anna and Nystr\"{o}m, Hanna and Cacciatore, Elenor and Bylund, Markus},
 title = {GeoNotes: Social and Navigational Aspects of Location-Based Information Systems},
 booktitle = {Proceedings of the 3rd International Conference on Ubiquitous Computing},
 series = {UbiComp '01},
 year = {2001},
 isbn = {3-540-42614-0},
 location = {Atlanta, Georgia, USA},
 pages = {2--17},
 numpages = {16},
 url = {http://dl.acm.org/citation.cfm?id=647987.741330},
 acmid = {741330},
 publisher = {Springer-Verlag},
 address = {Berlin, Heidelberg},
}

@article{Wilkes:1970:CAM:362686.362690,
 author = {Wilkes, Mary Allen},
 title = {Conversational Access to a 2048-word Machine},
 journal = {Commun. ACM},
 issue_date = {July 1970},
 volume = {13},
 number = {7},
 month = jul,
 year = {1970},
 issn = {0001-0782},
 pages = {407--414},
 numpages = {8},
 url = {http://doi.acm.org/10.1145/362686.362690},
 doi = {10.1145/362686.362690},
 acmid = {362690},
 publisher = {ACM},
 address = {New York, NY, USA},
 keywords = {LAP6, LINC, conversational computer access, display editing, display oriented system, filing algorithms, layering, man-machine communication, on-line editing, on-line efficiency, on-line environment, scroll editing, small machine system, tape filing, tape oriented system, text editing},
}

@inproceedings{Nath:2017:DIW:3047273.3047319,
 author = {Nath, Manjit and Barah, Pallabi},
 title = {Digital India and Women: Bridging the Digital Gender Divide},
 booktitle = {Proceedings of the 10th International Conference on Theory and Practice of Electronic Governance},
 series = {ICEGOV '17},
 year = {2017},
 isbn = {978-1-4503-4825-6},
 location = {New Delhi AA, India},
 pages = {302--310},
 numpages = {9},
 url = {http://doi.acm.org/10.1145/3047273.3047319},
 doi = {10.1145/3047273.3047319},
 acmid = {3047319},
 publisher = {ACM},
 address = {New York, NY, USA},
 keywords = {Digital India, Digital Locker, MyGov, empowerment, equality, framework, gender, technology, women},
}

@inproceedings{Vatrapu:2011:CCL:2090116.2090136,
 author = {Vatrapu, Ravi},
 title = {Cultural Considerations in Learning Analytics},
 booktitle = {Proceedings of the 1st International Conference on Learning Analytics and Knowledge},
 series = {LAK '11},
 year = {2011},
 isbn = {978-1-4503-0944-8},
 location = {Banff, Alberta, Canada},
 pages = {127--133},
 numpages = {7},
 url = {http://doi.acm.org/10.1145/2090116.2090136},
 doi = {10.1145/2090116.2090136},
 acmid = {2090136},
 publisher = {ACM},
 address = {New York, NY, USA},
 keywords = {behavior, cognition, communication, computers, general terms, human-computer interaction (HCI), learning analytics, online learning culture},
}

@inproceedings{Peppler:2008:DDC:1599871.1599896,
 author = {Peppler, Kylie A. and Kafai, Yasmin B.},
 title = {Developing a Design Culture in a Computer Clubhouse: The Role of Local Practices and Mediators},
 booktitle = {Proceedings of the 8th International Conference on International Conference for the Learning Sciences - Volume 2},
 series = {ICLS'08},
 year = {2008},
 location = {Utrecht, The Netherlands},
 pages = {196--203},
 numpages = {8},
 url = {http://dl.acm.org/citation.cfm?id=1599871.1599896},
 acmid = {1599896},
 publisher = {International Society of the Learning Sciences},
}

@inproceedings{Rorrer:2018:NSU:3159450.3159510,
 author = {Rorrer, Audrey Smith and Allen, Joseph and Zuo, Huifang},
 title = {A National Study of Undergraduate Research Experiences in Computing: Implications for Culturally Relevant Pedagogy},
 booktitle = {Proceedings of the 49th ACM Technical Symposium on Computer Science Education},
 series = {SIGCSE '18},
 year = {2018},
 isbn = {978-1-4503-5103-4},
 location = {Baltimore, Maryland, USA},
 pages = {604--609},
 numpages = {6},
 url = {http://doi.acm.org/10.1145/3159450.3159510},
 doi = {10.1145/3159450.3159510},
 acmid = {3159510},
 publisher = {ACM},
 address = {New York, NY, USA},
 keywords = {computing education, culturally relevant pedagogy, gender, undergraduate research experiences, underrepresented minority},
}

@inproceedings{Dziallas:2017:FLY:3059009.3059049,
 author = {Dziallas, Sebastian and Fincher, Sally and Johnson, Colin G. and Utting, Ian},
 title = {A First Look at the Year in Computing},
 booktitle = {Proceedings of the 2017 ACM Conference on Innovation and Technology in Computer Science Education},
 series = {ITiCSE '17},
 year = {2017},
 isbn = {978-1-4503-4704-4},
 location = {Bologna, Italy},
 pages = {275--280},
 numpages = {6},
 url = {http://doi.acm.org/10.1145/3059009.3059049},
 doi = {10.1145/3059009.3059049},
 acmid = {3059049},
 publisher = {ACM},
 address = {New York, NY, USA},
 keywords = {curriculum, non-majors, qualitative research, student experience},
}

@inproceedings{Bos:2004:IED:1031607.1031679,
 author = {Bos, Nathan and Shami, N. Sadat and Olson, Judith S. and Cheshin, Arik and Nan, Ning},
 title = {In-group/Out-group Effects in Distributed Teams: An Experimental Simulation},
 booktitle = {Proceedings of the 2004 ACM Conference on Computer Supported Cooperative Work},
 series = {CSCW '04},
 year = {2004},
 isbn = {1-58113-810-5},
 location = {Chicago, Illinois, USA},
 pages = {429--436},
 numpages = {8},
 url = {http://doi.acm.org/10.1145/1031607.1031679},
 doi = {10.1145/1031607.1031679},
 acmid = {1031679},
 publisher = {ACM},
 address = {New York, NY, USA},
 keywords = {collocation, computer-mediated communication, distant collaboration, distributed group work, telecommuting, telework, virtual teams},
}

@inproceedings{Friedman:2003:HCO:642611.642660,
 author = {Friedman, Batya and Kahn,Jr., Peter H. and Hagman, Jennifer},
 title = {Hardware Companions?: What Online AIBO Discussion Forums Reveal About the Human-robotic Relationship},
 booktitle = {Proceedings of the SIGCHI Conference on Human Factors in Computing Systems},
 series = {CHI '03},
 year = {2003},
 isbn = {1-58113-630-7},
 location = {Ft. Lauderdale, Florida, USA},
 pages = {273--280},
 numpages = {8},
 url = {http://doi.acm.org/10.1145/642611.642660},
 doi = {10.1145/642611.642660},
 acmid = {642660},
 publisher = {ACM},
 address = {New York, NY, USA},
 keywords = {companionship, ethics, human values, human-robotic relationship, moral development, online community, online discussion forums, robotic pets, social responses to technology, user conceptions, value sensitive design, virtual pets},
}

@inproceedings{Poole:2013:IDR:2485760.2485766,
 author = {Poole, Erika S. and Peyton, Tamara},
 title = {Interaction Design Research with Adolescents: Methodological Challenges and Best Practices},
 booktitle = {Proceedings of the 12th International Conference on Interaction Design and Children},
 series = {IDC '13},
 year = {2013},
 isbn = {978-1-4503-1918-8},
 location = {New York, New York, USA},
 pages = {211--217},
 numpages = {7},
 url = {http://doi.acm.org/10.1145/2485760.2485766},
 doi = {10.1145/2485760.2485766},
 acmid = {2485766},
 publisher = {ACM},
 address = {New York, NY, USA},
 keywords = {adolescents, interaction design, research methods},
}

@article{Schwartz:1993:UPM:152535.152542,
 author = {Schwartz, David G. and Sterling, Leon S.},
 title = {Using a Prolog Meta-programming Approach for a Blackboard Application},
 journal = {SIGAPP Appl. Comput. Rev.},
 issue_date = {Winter 1993},
 volume = {1},
 number = {1},
 month = jan,
 year = {1993},
 issn = {1559-6915},
 pages = {26--34},
 numpages = {9},
 url = {http://doi.acm.org/10.1145/152535.152542},
 doi = {10.1145/152535.152542},
 acmid = {152542},
 publisher = {ACM},
 address = {New York, NY, USA},
 keywords = {Prolog, blackboard systems, distributed systems, meta-programming, portfolio management},
}

@inproceedings{Su:1990:SPB:255237.255244,
 author = {Su, Bogong and Wang, Jian and Tang, Zhizhong and Zhao, Wei and Wu, Yimin},
 title = {A Software Pipelining Based VLIW Architecture and Optimizing Compiler},
 booktitle = {Proceedings of the 23rd Annual Workshop and Symposium on Microprogramming and Microarchitecture},
 series = {MICRO 23},
 year = {1990},
 isbn = {0-89791-413-9},
 location = {Orlando, Florida, USA},
 pages = {17--27},
 numpages = {11},
 url = {http://dl.acm.org/citation.cfm?id=255237.255244},
 acmid = {255244},
 publisher = {IEEE Computer Society Press},
 address = {Los Alamitos, CA, USA},
}

@article{Park:2015:LPE:2716508.2716537,
 author = {Park, Tina and Chira, Peter and Miller, Kimberly and Nugent, Lisa},
 title = {Living Profiles: An Example of User-centered Design in Developing a Teen-oriented Personal Health Record},
 journal = {Personal Ubiquitous Comput.},
 issue_date = {January   2015},
 volume = {19},
 number = {1},
 month = jan,
 year = {2015},
 issn = {1617-4909},
 pages = {69--77},
 numpages = {9},
 url = {http://dx.doi.org/10.1007/s00779-014-0812-1},
 doi = {10.1007/s00779-014-0812-1},
 acmid = {2716537},
 publisher = {Springer-Verlag},
 address = {London, UK, UK},
 keywords = {Adolescents, Human-centered design, Personal health record},
}

@inproceedings{Gray:2016:MRA:2851581.2892571,
 author = {Gray, Colin M. and Toombs, Austin L. and McKay, Christian},
 title = {Meaning Reconstruction As an Approach to Analyze Critical Dimensions of HCI Research},
 booktitle = {Proceedings of the 2016 CHI Conference Extended Abstracts on Human Factors in Computing Systems},
 series = {CHI EA '16},
 year = {2016},
 isbn = {978-1-4503-4082-3},
 location = {San Jose, California, USA},
 pages = {328--340},
 numpages = {13},
 url = {http://doi.acm.org/10.1145/2851581.2892571},
 doi = {10.1145/2851581.2892571},
 acmid = {2892571},
 publisher = {ACM},
 address = {New York, NY, USA},
 keywords = {critical theory, reconstructive analysis, rigor},
}

@inproceedings{Rode:2018:CMB:3196839.3196854,
 author = {Rode, Jennifer A. and Cucuiat, Veronica},
 title = {Computational Making, Binary Gender and LEGO},
 booktitle = {Proceedings of the 4th Conference on Gender \& IT},
 series = {GenderIT '18},
 year = {2018},
 isbn = {978-1-4503-5346-5},
 location = {Heilbronn, Germany},
 pages = {35--42},
 numpages = {8},
 url = {http://doi.acm.org/10.1145/3196839.3196854},
 doi = {10.1145/3196839.3196854},
 acmid = {3196854},
 publisher = {ACM},
 address = {New York, NY, USA},
 keywords = {LEGO, STEAM, STEM, arts mathematics, children, computational making, computational thinking, education, engineering, gender, science, technology},
}

@inproceedings{Malhotra:1997:EVC:353071.353089,
 author = {Malhotra, Arvind and Gosain, Sanjay and Hars, Alexander},
 title = {Evolution of a Virtual Community: Understanding Design Issues Through a Longitudinal Study},
 booktitle = {Proceedings of the Eighteenth International Conference on Information Systems},
 series = {ICIS '97},
 year = {1997},
 location = {Atlanta, Georgia, USA},
 pages = {59--74},
 numpages = {16},
 url = {http://dl.acm.org/citation.cfm?id=353071.353089},
 acmid = {353089},
 publisher = {Association for Information Systems},
 address = {Atlanta, GA, USA},
 keywords = {Internet, computer mediated communication, evolutionary design, information systems design, longitudinal study, participative design, virtual communities},
}

@inproceedings{Ossanna:1965:CIS:1463891.1463916,
 author = {Ossanna, J. F. and Mikus, L. E. and Dunten, S. D.},
 title = {Communications and Input/Output Switching in a Multiplex Computing System},
 booktitle = {Proceedings of the November 30--December 1, 1965, Fall Joint Computer Conference, Part I},
 series = {AFIPS '65 (Fall, part I)},
 year = {1965},
 location = {Las Vegas, Nevada},
 pages = {231--241},
 numpages = {11},
 url = {http://doi.acm.org/10.1145/1463891.1463916},
 doi = {10.1145/1463891.1463916},
 acmid = {1463916},
 publisher = {ACM},
 address = {New York, NY, USA},
}

@inproceedings{Yang:2013:EFN:2492517.2500300,
 author = {Yang, Hsieh-Hua and Wu, Chyi-In},
 title = {Evolution of Friendship Network and Daily Activities of High School Students},
 booktitle = {Proceedings of the 2013 IEEE/ACM International Conference on Advances in Social Networks Analysis and Mining},
 series = {ASONAM '13},
 year = {2013},
 isbn = {978-1-4503-2240-9},
 location = {Niagara, Ontario, Canada},
 pages = {1221--1228},
 numpages = {8},
 url = {http://doi.acm.org/10.1145/2492517.2500300},
 doi = {10.1145/2492517.2500300},
 acmid = {2500300},
 publisher = {ACM},
 address = {New York, NY, USA},
 keywords = {daily activity, friendship network, high school student, network evolotion, social network analysis},
}

@inproceedings{Rountree:2009:IRT:1862712.1862733,
 author = {Rountree, Janet and Rountree, Nathan},
 title = {Issues Regarding Threshold Concepts in Computer Science},
 booktitle = {Proceedings of the Eleventh Australasian Conference on Computing Education - Volume 95},
 series = {ACE '09},
 year = {2009},
 isbn = {978-1-920682-76-7},
 location = {Wellington, New Zealand},
 pages = {139--146},
 numpages = {8},
 url = {http://dl.acm.org/citation.cfm?id=1862712.1862733},
 acmid = {1862733},
 publisher = {Australian Computer Society, Inc.},
 address = {Darlinghurst, Australia, Australia},
 keywords = {computer science education, liminal space, threshold concepts},
}

@inproceedings{Martin:2010:CDS:1841853.1841876,
 author = {Martin, Jolie M. and Gonzalez, Cleotilde},
 title = {The Cultural Determinants of Strategic Bias: A Study of Conflict Resolution in an Interactive Computer Game},
 booktitle = {Proceedings of the 3rd International Conference on Intercultural Collaboration},
 series = {ICIC '10},
 year = {2010},
 isbn = {978-1-4503-0108-4},
 location = {Copenhagen, Denmark},
 pages = {151--160},
 numpages = {10},
 url = {http://doi.acm.org/10.1145/1841853.1841876},
 doi = {10.1145/1841853.1841876},
 acmid = {1841876},
 publisher = {ACM},
 address = {New York, NY, USA},
 keywords = {behavior, conflict resolution, culture, dynamic decision making, game theory, identity, judgment, risk, strategy, uncertainty},
}

@inproceedings{Yeo:2016:RSS:2930971.2930990,
 author = {Yeo, Tien Ee Dominic and Ng, Yu Leung},
 title = {The Roles of Sensation Seeking and Gratifications Sought in Social Networking Apps Use and Attendant Sexual Behaviors},
 booktitle = {Proceedings of the 7th 2016 International Conference on Social Media \& Society},
 series = {SMSociety '16},
 year = {2016},
 isbn = {978-1-4503-3938-4},
 location = {London, United Kingdom},
 pages = {18:1--18:9},
 articleno = {18},
 numpages = {9},
 url = {http://doi.acm.org/10.1145/2930971.2930990},
 doi = {10.1145/2930971.2930990},
 acmid = {2930990},
 publisher = {ACM},
 address = {New York, NY, USA},
 keywords = {men who have sex with men, mobile applications, sexual partnering, sexual sensation seeking, social networking sites, uses and gratifications},
}

@inproceedings{Kafai:2008:CGD:1599812.1599863,
 author = {Kafai, Yasmin B.},
 title = {Considering Gender in Digital Games: Implications for Serious Game Designs in the Learning Sciences},
 booktitle = {Proceedings of the 8th International Conference on International Conference for the Learning Sciences - Volume 1},
 series = {ICLS'08},
 year = {2008},
 location = {Utrecht, The Netherlands},
 pages = {422--429},
 numpages = {8},
 url = {http://dl.acm.org/citation.cfm?id=1599812.1599863},
 acmid = {1599863},
 publisher = {International Society of the Learning Sciences},
}

@inproceedings{Neumann:2017:MDE:3027063.3052756,
 author = {Neumann, Stephanie and Banks, Richard and D\"{o}rk, Marian},
 title = {Memory Dialogue: Exploring Artefact-Based Memory Sharing},
 booktitle = {Proceedings of the 2017 CHI Conference Extended Abstracts on Human Factors in Computing Systems},
 series = {CHI EA '17},
 year = {2017},
 isbn = {978-1-4503-4656-6},
 location = {Denver, Colorado, USA},
 pages = {884--895},
 numpages = {12},
 url = {http://doi.acm.org/10.1145/3027063.3052756},
 doi = {10.1145/3027063.3052756},
 acmid = {3052756},
 publisher = {ACM},
 address = {New York, NY, USA},
 keywords = {artefacts, autobiographical memory, mementos, memories, memory sharing, study, user experience},
}

@inproceedings{Davis:2014:MCS:2538862.2538960,
 author = {Davis, Don and Yuen, Timothy and Berland, Matthew},
 title = {Multiple Case Study of Nerd Identity in a CS1 Class},
 booktitle = {Proceedings of the 45th ACM Technical Symposium on Computer Science Education},
 series = {SIGCSE '14},
 year = {2014},
 isbn = {978-1-4503-2605-6},
 location = {Atlanta, Georgia, USA},
 pages = {325--330},
 numpages = {6},
 url = {http://doi.acm.org/10.1145/2538862.2538960},
 doi = {10.1145/2538862.2538960},
 acmid = {2538960},
 publisher = {ACM},
 address = {New York, NY, USA},
 keywords = {CS identity, case study, nerd, qualitative},
}

@inproceedings{Mara:2017:LUR:3121113.3121239,
 author = {Mara, Andrew},
 title = {Leveraging UX Research Method Shifts to Uncover Guiding User Metaphors},
 booktitle = {Proceedings of the 35th ACM International Conference on the Design of Communication},
 series = {SIGDOC '17},
 year = {2017},
 isbn = {978-1-4503-5160-7},
 location = {Halifax, Nova Scotia, Canada},
 pages = {20:1--20:7},
 articleno = {20},
 numpages = {7},
 url = {http://doi.acm.org/10.1145/3121113.3121239},
 doi = {10.1145/3121113.3121239},
 acmid = {3121239},
 publisher = {ACM},
 address = {New York, NY, USA},
 keywords = {UX, affordances, experience design, field research, framework negotiation, identity, metaphor, metaphor theory, mixed methods, place},
}

@article{Franz:1997:SB:265563.265576,
 author = {Franz, Michael and Kistler, Thomas},
 title = {Slim Binaries},
 journal = {Commun. ACM},
 issue_date = {Dec. 1997},
 volume = {40},
 number = {12},
 month = dec,
 year = {1997},
 issn = {0001-0782},
 pages = {87--94},
 numpages = {8},
 url = {http://doi.acm.org/10.1145/265563.265576},
 doi = {10.1145/265563.265576},
 acmid = {265576},
 publisher = {ACM},
 address = {New York, NY, USA},
}

@inproceedings{Gegenfurtner:2010:MDG:1854360.1854425,
 author = {Gegenfurtner, Andreas and Siewiorek, Anna},
 title = {The Many Dimensions of Having a Good Eye: A Methodological Reflection of Metaphors in Visual Cognition Analysis},
 booktitle = {Proceedings of the 9th International Conference of the Learning Sciences - Volume 1},
 series = {ICLS '10},
 year = {2010},
 location = {Chicago, Illinois},
 pages = {508--515},
 numpages = {8},
 url = {http://dl.acm.org/citation.cfm?id=1854360.1854425},
 acmid = {1854425},
 publisher = {International Society of the Learning Sciences},
}

@inproceedings{Halverson:2004:NIC:1149126.1149155,
 author = {Halverson, Erica Rosenfeld},
 title = {Narrative and Identity: Constructing Oppositional Identities in Performance Communities},
 booktitle = {Proceedings of the 6th International Conference on Learning Sciences},
 series = {ICLS '04},
 year = {2004},
 location = {Santa Monica, California},
 pages = {246--253},
 numpages = {8},
 url = {http://dl.acm.org/citation.cfm?id=1149126.1149155},
 acmid = {1149155},
 publisher = {International Society of the Learning Sciences},
}

@inproceedings{Jiang:2009:MBD:1690219.1690268,
 author = {Jiang, Long and Yang, Shiquan and Zhou, Ming and Liu, Xiaohua and Zhu, Qingsheng},
 title = {Mining Bilingual Data from the Web with Adaptively Learnt Patterns},
 booktitle = {Proceedings of the Joint Conference of the 47th Annual Meeting of the ACL and the 4th International Joint Conference on Natural Language Processing of the AFNLP: Volume 2 - Volume 2},
 series = {ACL '09},
 year = {2009},
 isbn = {978-1-932432-46-6},
 location = {Suntec, Singapore},
 pages = {870--878},
 numpages = {9},
 url = {http://dl.acm.org/citation.cfm?id=1690219.1690268},
 acmid = {1690268},
 publisher = {Association for Computational Linguistics},
 address = {Stroudsburg, PA, USA},
}

@inproceedings{Montrym:1997:IRG:258734.258871,
 author = {Montrym, John S. and Baum, Daniel R. and Dignam, David L. and Migdal, Christopher J.},
 title = {InfiniteReality: A Real-time Graphics System},
 booktitle = {Proceedings of the 24th Annual Conference on Computer Graphics and Interactive Techniques},
 series = {SIGGRAPH '97},
 year = {1997},
 isbn = {0-89791-896-7},
 pages = {293--302},
 numpages = {10},
 url = {https://doi.org/10.1145/258734.258871},
 doi = {10.1145/258734.258871},
 acmid = {258871},
 publisher = {ACM Press/Addison-Wesley Publishing Co.},
 address = {New York, NY, USA},
}

@inproceedings{Bettivia:2016:PIU:3017447.3017485,
 author = {Bettivia, Rhiannon S.},
 title = {The Power of Imaginary Users: Designated Communities in the OAIS Reference Model},
 booktitle = {Proceedings of the 79th ASIS\&T Annual Meeting: Creating Knowledge, Enhancing Lives Through Information \& Technology},
 series = {ASIST '16},
 year = {2016},
 location = {Copenhagen, Denmark},
 pages = {38:1--38:9},
 articleno = {38},
 numpages = {9},
 url = {http://dl.acm.org/citation.cfm?id=3017447.3017485},
 acmid = {3017485},
 publisher = {American Society for Information Science},
 address = {Silver Springs, MD, USA},
 keywords = {OAIS, archives, audits, designated communities, preservation repositories},
}

@inproceedings{Borg:2011:BIT:2070821.2070825,
 author = {Borg, Markus and Pfahl, Dietmar},
 title = {Do Better IR Tools Improve the Accuracy of Engineers' Traceability Recovery?},
 booktitle = {Proceedings of the International Workshop on Machine Learning Technologies in Software Engineering},
 series = {MALETS '11},
 year = {2011},
 isbn = {978-1-4503-1022-2},
 location = {Lawrence, Kansas, USA},
 pages = {27--34},
 numpages = {8},
 url = {http://doi.acm.org/10.1145/2070821.2070825},
 doi = {10.1145/2070821.2070825},
 acmid = {2070825},
 publisher = {ACM},
 address = {New York, NY, USA},
 keywords = {controlled experiment, equivalence testing, information retrieval, requirements traceability},
}

@article{Jacky:1983:GPD:358141.358145,
 author = {Jacky, Jonathan P. and Kalet, Ira J.},
 title = {A General Purpose Data Entry Program},
 journal = {Commun. ACM},
 issue_date = {June 1983},
 volume = {26},
 number = {6},
 month = jun,
 year = {1983},
 issn = {0001-0782},
 pages = {409--417},
 numpages = {9},
 url = {http://doi.acm.org/10.1145/358141.358145},
 doi = {10.1145/358141.358145},
 acmid = {358145},
 publisher = {ACM},
 address = {New York, NY, USA},
 keywords = {heterogeneous databases, interactive systems, modeling, simulation, software engineering},
}

@inproceedings{Clarke-Midura:2018:NPM:3159450.3159525,
 author = {Clarke-Midura, Jody and Poole, Frederick and Pantic, Katarina and Hamilton, Megan and Sun, Chongning and Allan, Vicki},
 title = {How Near Peer Mentoring Affects Middle School Mentees},
 booktitle = {Proceedings of the 49th ACM Technical Symposium on Computer Science Education},
 series = {SIGCSE '18},
 year = {2018},
 isbn = {978-1-4503-5103-4},
 location = {Baltimore, Maryland, USA},
 pages = {664--669},
 numpages = {6},
 url = {http://doi.acm.org/10.1145/3159450.3159525},
 doi = {10.1145/3159450.3159525},
 acmid = {3159525},
 publisher = {ACM},
 address = {New York, NY, USA},
 keywords = {app inventor, middle school youth, near-peer mentors},
}

@inproceedings{Kapoor:2019:UCU:3287324.3287408,
 author = {Kapoor, Amanpreet and Gardner-McCune, Christina},
 title = {Understanding CS Undergraduate Students' Professional Development Through the Lens of Internship Experiences},
 booktitle = {Proceedings of the 50th ACM Technical Symposium on Computer Science Education},
 series = {SIGCSE '19},
 year = {2019},
 isbn = {978-1-4503-5890-3},
 location = {Minneapolis, MN, USA},
 pages = {852--858},
 numpages = {7},
 url = {http://doi.acm.org/10.1145/3287324.3287408},
 doi = {10.1145/3287324.3287408},
 acmid = {3287408},
 publisher = {ACM},
 address = {New York, NY, USA},
 keywords = {computing careers, curricula improvement, industry, internship, professional development, retention},
}

@inproceedings{Ross:1976:FFH:1499799.1499909,
 author = {Ross, N. Phillip and Katzper, Meyer},
 title = {A Framework for Federal Health Data Collection},
 booktitle = {Proceedings of the June 7-10, 1976, National Computer Conference and Exposition},
 series = {AFIPS '76},
 year = {1976},
 location = {New York, New York},
 pages = {803--810},
 numpages = {8},
 url = {http://doi.acm.org/10.1145/1499799.1499909},
 doi = {10.1145/1499799.1499909},
 acmid = {1499909},
 publisher = {ACM},
 address = {New York, NY, USA},
}

@inproceedings{Engelmann:2019:SST:3314183.3323846,
 author = {Engelmann, Severin and Grossklags, Jens},
 title = {Setting the Stage: Towards Principles for Reasonable Image Inferences},
 booktitle = {Adjunct Publication of the 27th Conference on User Modeling, Adaptation and Personalization},
 series = {UMAP'19 Adjunct},
 year = {2019},
 isbn = {978-1-4503-6711-0},
 location = {Larnaca, Cyprus},
 pages = {301--307},
 numpages = {7},
 url = {http://doi.acm.org/10.1145/3314183.3323846},
 doi = {10.1145/3314183.3323846},
 acmid = {3323846},
 publisher = {ACM},
 address = {New York, NY, USA},
 keywords = {image data, machine learning, reasonable inferences},
}

@inproceedings{Ying:2019:OWG:3287324.3287380,
 author = {Ying, Kimberly Michelle and Pezzullo, Lydia G. and Ahmed, Mohona and Crompton, Kassandra and Blanchard, Jeremiah and Boyer, Kristy Elizabeth},
 title = {In Their Own Words: Gender Differences in Student Perceptions of Pair Programming},
 booktitle = {Proceedings of the 50th ACM Technical Symposium on Computer Science Education},
 series = {SIGCSE '19},
 year = {2019},
 isbn = {978-1-4503-5890-3},
 location = {Minneapolis, MN, USA},
 pages = {1053--1059},
 numpages = {7},
 url = {http://doi.acm.org/10.1145/3287324.3287380},
 doi = {10.1145/3287324.3287380},
 acmid = {3287380},
 publisher = {ACM},
 address = {New York, NY, USA},
 keywords = {gender, pair programming, undergraduate education},
}

@inproceedings{Gronbaek:2007:IPC:1255047.1255061,
 author = {Gr{\o}nb{\ae}k, Kaj and Iversen, Ole S. and Kortbek, Karen Johanne and Nielsen, Kaspar Rosengreen and Aagaard, Louise},
 title = {IGameFloor: A Platform for Co-located Collaborative Games},
 booktitle = {Proceedings of the International Conference on Advances in Computer Entertainment Technology},
 series = {ACE '07},
 year = {2007},
 isbn = {978-1-59593-640-0},
 location = {Salzburg, Austria},
 pages = {64--71},
 numpages = {8},
 url = {http://doi.acm.org/10.1145/1255047.1255061},
 doi = {10.1145/1255047.1255061},
 acmid = {1255061},
 publisher = {ACM},
 address = {New York, NY, USA},
 keywords = {co-located collaborative games, interactive floor, social gaming and entertainment, vision based tracking},
}

@inproceedings{Zolyomi:2018:VIS:3173574.3174073,
 author = {Zolyomi, Annuska and Ross, Anne Spencer and Bhattacharya, Arpita and Milne, Lauren and Munson, Sean A.},
 title = {Values, Identity, and Social Translucence: Neurodiverse Student Teams in Higher Education},
 booktitle = {Proceedings of the 2018 CHI Conference on Human Factors in Computing Systems},
 series = {CHI '18},
 year = {2018},
 isbn = {978-1-4503-5620-6},
 location = {Montreal QC, Canada},
 pages = {499:1--499:13},
 articleno = {499},
 numpages = {13},
 url = {http://doi.acm.org/10.1145/3173574.3174073},
 doi = {10.1145/3173574.3174073},
 acmid = {3174073},
 publisher = {ACM},
 address = {New York, NY, USA},
 keywords = {autism, collaboration, neurodiversity, value-sensitive design},
}

@article{Zalesky:2009:BCS:1514070.1514092,
 author = {Zalesky, Andrew},
 title = {To Burst or Circuit Switch?},
 journal = {IEEE/ACM Trans. Netw.},
 issue_date = {February 2009},
 volume = {17},
 number = {1},
 month = feb,
 year = {2009},
 issn = {1063-6692},
 pages = {305--318},
 numpages = {14},
 url = {http://dx.doi.org/10.1109/TNET.2008.923718},
 doi = {10.1109/TNET.2008.923718},
 acmid = {1514092},
 publisher = {IEEE Press},
 address = {Piscataway, NJ, USA},
 keywords = {all-optical switching, blocking probability, optical burst switching, optical circuit switching, path decomposition, stochastic performance modeling, vacation queue},
}

@inproceedings{Lin:2013:OVE:2441776.2441927,
 author = {Lin, Peyina and Farnham, Shelly D.},
 title = {Opportunities via Extended Networks for Teens' Informal Learning},
 booktitle = {Proceedings of the 2013 Conference on Computer Supported Cooperative Work},
 series = {CSCW '13},
 year = {2013},
 isbn = {978-1-4503-1331-5},
 location = {San Antonio, Texas, USA},
 pages = {1341--1352},
 numpages = {12},
 url = {http://doi.acm.org/10.1145/2441776.2441927},
 doi = {10.1145/2441776.2441927},
 acmid = {2441927},
 publisher = {ACM},
 address = {New York, NY, USA},
 keywords = {informal learning, mixed methods, motivation, relatedness, social media, social networks, teens, ties},
}

@inproceedings{Mehlenbacher:2010:SMS:1878450.1878462,
 author = {Mehlenbacher, Brad and McKone, Sarah and Grant, Christine and Bowles, Tuere and Peretti, Steve and Martin, Pamela},
 title = {Social Media for Sustainable Engineering Communication},
 booktitle = {Proceedings of the 28th ACM International Conference on Design of Communication},
 series = {SIGDOC '10},
 year = {2010},
 isbn = {978-1-4503-0403-0},
 location = {S\&\#227;o Carlos, S\&\#227;o Paulo, Brazil},
 pages = {65--72},
 numpages = {8},
 url = {http://doi.acm.org/10.1145/1878450.1878462},
 doi = {10.1145/1878450.1878462},
 acmid = {1878462},
 publisher = {ACM},
 address = {New York, NY, USA},
 keywords = {collaboration, community, social media, social networking applications, user demographics},
}

@article{vanderPloeg:1999:WBB:382042.382051,
 author = {van der Ploeg, Irma},
 title = {Written on the Body: Biometrics and Identity},
 journal = {SIGCAS Comput. Soc.},
 issue_date = {March 1999},
 volume = {29},
 number = {1},
 month = mar,
 year = {1999},
 issn = {0095-2737},
 pages = {37--44},
 numpages = {8},
 url = {http://doi.acm.org/10.1145/382042.382051},
 doi = {10.1145/382042.382051},
 acmid = {382051},
 publisher = {ACM},
 address = {New York, NY, USA},
}

@inproceedings{Yue:2019:AIM:3328529.3328544,
 author = {Yue, Zhiying and Stefanone, Michael A.},
 title = {Applying an Integrative Model of Behavioral Prediction to Sharing Sexual Images of Oneself Online},
 booktitle = {Proceedings of the 10th International Conference on Social Media and Society},
 series = {SMSociety '19},
 year = {2019},
 isbn = {978-1-4503-6651-9},
 location = {Toronto, ON, Canada},
 pages = {49--58},
 numpages = {10},
 url = {http://doi.acm.org/10.1145/3328529.3328544},
 doi = {10.1145/3328529.3328544},
 acmid = {3328544},
 publisher = {ACM},
 address = {New York, NY, USA},
 keywords = {Sexual image sharing, gender differences, selective self-presentation, social media},
}

@inproceedings{Kirk:2016:USE:2901790.2901874,
 author = {Kirk, David S. and Durrant, Abigail and Wood, Gavin and Leong, Tuck Wah and Wright, Peter},
 title = {Understanding the Sociality of Experience in Mobile Music Listening with Pocketsong},
 booktitle = {Proceedings of the 2016 ACM Conference on Designing Interactive Systems},
 series = {DIS '16},
 year = {2016},
 isbn = {978-1-4503-4031-1},
 location = {Brisbane, QLD, Australia},
 pages = {50--61},
 numpages = {12},
 url = {http://doi.acm.org/10.1145/2901790.2901874},
 doi = {10.1145/2901790.2901874},
 acmid = {2901874},
 publisher = {ACM},
 address = {New York, NY, USA},
 keywords = {mobile, music, self-expression, sociality, technology probe},
}

@article{Ashish:2018:MRB:3208074.3177874,
 author = {Ashish, Naveen and Patawari, Arihant},
 title = {Machine Reading of Biomedical Data Dictionaries},
 journal = {J. Data and Information Quality},
 issue_date = {May 2018},
 volume = {9},
 number = {4},
 month = may,
 year = {2018},
 issn = {1936-1955},
 pages = {21:1--21:20},
 articleno = {21},
 numpages = {20},
 url = {http://doi.acm.org/10.1145/3177874},
 doi = {10.1145/3177874},
 acmid = {3177874},
 publisher = {ACM},
 address = {New York, NY, USA},
 keywords = {Document extraction, machine-learning classification},
}

@article{Hecht:1976:FSR:356678.356681,
 author = {Hecht, H.},
 title = {Fault-Tolerant Software for Real-Time Applications},
 journal = {ACM Comput. Surv.},
 issue_date = {Dec. 1976},
 volume = {8},
 number = {4},
 month = dec,
 year = {1976},
 issn = {0360-0300},
 pages = {391--407},
 numpages = {17},
 url = {http://doi.acm.org/10.1145/356678.356681},
 doi = {10.1145/356678.356681},
 acmid = {356681},
 publisher = {ACM},
 address = {New York, NY, USA},
}

@inproceedings{Liao:2010:COC:1753326.1753658,
 author = {Liao, Qinying and Pan, Yingxin and Zhou, Michelle X. and Ma, Fei},
 title = {Chinese Online Communities: Balancing Managementcontrol and Individual Autonomy},
 booktitle = {Proceedings of the SIGCHI Conference on Human Factors in Computing Systems},
 series = {CHI '10},
 year = {2010},
 isbn = {978-1-60558-929-9},
 location = {Atlanta, Georgia, USA},
 pages = {2193--2202},
 numpages = {10},
 url = {http://doi.acm.org/10.1145/1753326.1753658},
 doi = {10.1145/1753326.1753658},
 acmid = {1753658},
 publisher = {ACM},
 address = {New York, NY, USA},
 keywords = {china, community management, online communities, online governance, social software},
}

@inproceedings{Kou:2018:TPO:3148330.3148352,
 author = {Kou, Yubo and Gray, Colin M.},
 title = {Towards Professionalization in an Online Community of Emerging Occupation: Discourses Among UX Practitioners},
 booktitle = {Proceedings of the 2018 ACM Conference on Supporting Groupwork},
 series = {GROUP '18},
 year = {2018},
 isbn = {978-1-4503-5562-9},
 location = {Sanibel Island, Florida, USA},
 pages = {322--334},
 numpages = {13},
 url = {http://doi.acm.org/10.1145/3148330.3148352},
 doi = {10.1145/3148330.3148352},
 acmid = {3148352},
 publisher = {ACM},
 address = {New York, NY, USA},
 keywords = {community of practice, discourse analysis, online communities, professionalization, user experience design, ux},
}

@inproceedings{Galewicz:2017:CIO:3125571.3125595,
 author = {Galewicz, Oskar and Cul{\'e}n, Alma Leora},
 title = {Co-creating Interactive Obstacles and DIY Skateboarding Spaces},
 booktitle = {Proceedings of the 12th Biannual Conference on Italian SIGCHI Chapter},
 series = {CHItaly '17},
 year = {2017},
 isbn = {978-1-4503-5237-6},
 location = {Cagliari, Italy},
 pages = {27:1--27:10},
 articleno = {27},
 numpages = {10},
 url = {http://doi.acm.org/10.1145/3125571.3125595},
 doi = {10.1145/3125571.3125595},
 acmid = {3125595},
 publisher = {ACM},
 address = {New York, NY, USA},
 keywords = {DIY, creativity, empowerment, maker spaces, participatory cultures, skateboarding, sound interactions},
}

@inproceedings{Xu:2011:SKU:1958824.1958854,
 author = {Xu, Yan and Cao, Xiang and Sellen, Abigail and Herbrich, Ralf and Graepel, Thore},
 title = {Sociable Killers: Understanding Social Relationships in an Online First-person Shooter Game},
 booktitle = {Proceedings of the ACM 2011 Conference on Computer Supported Cooperative Work},
 series = {CSCW '11},
 year = {2011},
 isbn = {978-1-4503-0556-3},
 location = {Hangzhou, China},
 pages = {197--206},
 numpages = {10},
 url = {http://doi.acm.org/10.1145/1958824.1958854},
 doi = {10.1145/1958824.1958854},
 acmid = {1958854},
 publisher = {ACM},
 address = {New York, NY, USA},
 keywords = {first-person shooter games, online games, social relationship},
}

@inproceedings{Forte:2016:SAT:2957276.2957282,
 author = {Forte, Andrea and Agosto, Denise and Dickard, Michael and Magee, Rachel},
 title = {The Strength of Awkward Ties: Online Interactions Between High School Students and Adults},
 booktitle = {Proceedings of the 19th International Conference on Supporting Group Work},
 series = {GROUP '16},
 year = {2016},
 isbn = {978-1-4503-4276-6},
 location = {Sanibel Island, Florida, USA},
 pages = {375--383},
 numpages = {9},
 url = {http://doi.acm.org/10.1145/2957276.2957282},
 doi = {10.1145/2957276.2957282},
 acmid = {2957282},
 publisher = {ACM},
 address = {New York, NY, USA},
 keywords = {homophily, policy, question asking, schools, social media, social network sites (sns), teens},
}

@inproceedings{Lykke:2016:UED:2854946.2854965,
 author = {Lykke, Marianne and Jantzen, Christian},
 title = {User Experience Dimensions: A Systematic Approach to Experiential Qualities for Evaluating Information Interaction in Museums},
 booktitle = {Proceedings of the 2016 ACM on Conference on Human Information Interaction and Retrieval},
 series = {CHIIR '16},
 year = {2016},
 isbn = {978-1-4503-3751-9},
 location = {Carrboro, North Carolina, USA},
 pages = {81--90},
 numpages = {10},
 url = {http://doi.acm.org/10.1145/2854946.2854965},
 doi = {10.1145/2854946.2854965},
 acmid = {2854965},
 publisher = {ACM},
 address = {New York, NY, USA},
 keywords = {archives, evaluation, experience dimensions, experiential quality, museums, user experience, walk-along method},
}

@inproceedings{Toombs:2015:PCF:2702123.2702522,
 author = {Toombs, Austin L. and Bardzell, Shaowen and Bardzell, Jeffrey},
 title = {The Proper Care and Feeding of Hackerspaces: Care Ethics and Cultures of Making},
 booktitle = {Proceedings of the 33rd Annual ACM Conference on Human Factors in Computing Systems},
 series = {CHI '15},
 year = {2015},
 isbn = {978-1-4503-3145-6},
 location = {Seoul, Republic of Korea},
 pages = {629--638},
 numpages = {10},
 url = {http://doi.acm.org/10.1145/2702123.2702522},
 doi = {10.1145/2702123.2702522},
 acmid = {2702522},
 publisher = {ACM},
 address = {New York, NY, USA},
 keywords = {care, care ethics, ethnography, hackerspace, hci},
}

@inproceedings{Leong:2013:RSP:2470654.2466122,
 author = {Leong, Tuck W. and Wright, Peter C.},
 title = {Revisiting Social Practices Surrounding Music},
 booktitle = {Proceedings of the SIGCHI Conference on Human Factors in Computing Systems},
 series = {CHI '13},
 year = {2013},
 isbn = {978-1-4503-1899-0},
 location = {Paris, France},
 pages = {951--960},
 numpages = {10},
 url = {http://doi.acm.org/10.1145/2470654.2466122},
 doi = {10.1145/2470654.2466122},
 acmid = {2466122},
 publisher = {ACM},
 address = {New York, NY, USA},
 keywords = {design, digital music, household, sociality},
}

@article{Welty:1981:HFC:319628.319656,
 author = {Welty, Charles and Stemple, David W.},
 title = {Human Factors Comparison of a Procedural and a Nonprocedural Query Language},
 journal = {ACM Trans. Database Syst.},
 issue_date = {Dec. 1981},
 volume = {6},
 number = {4},
 month = dec,
 year = {1981},
 issn = {0362-5915},
 pages = {626--649},
 numpages = {24},
 url = {http://doi.acm.org/10.1145/319628.319656},
 doi = {10.1145/319628.319656},
 acmid = {319656},
 publisher = {ACM},
 address = {New York, NY, USA},
 keywords = {database systems, human factors, procedural and nonprocedural languages, query languages},
}

@inproceedings{Prior:2013:UAB:2470654.2466210,
 author = {Prior, Suzanne and Waller, Annalu and Black, Rolf and Kroll, Thilo},
 title = {Use of an Agile Bridge in the Development of Assistive Technology},
 booktitle = {Proceedings of the SIGCHI Conference on Human Factors in Computing Systems},
 series = {CHI '13},
 year = {2013},
 isbn = {978-1-4503-1899-0},
 location = {Paris, France},
 pages = {1579--1588},
 numpages = {10},
 url = {http://doi.acm.org/10.1145/2470654.2466210},
 doi = {10.1145/2470654.2466210},
 acmid = {2466210},
 publisher = {ACM},
 address = {New York, NY, USA},
 keywords = {agile methodology, assistive technology, severe speech and physical impairments, user centred design},
}

@inproceedings{Ahern:2007:OPP:1240624.1240683,
 author = {Ahern, Shane and Eckles, Dean and Good, Nathaniel S. and King, Simon and Naaman, Mor and Nair, Rahul},
 title = {Over-exposed?: Privacy Patterns and Considerations in Online and Mobile Photo Sharing},
 booktitle = {Proceedings of the SIGCHI Conference on Human Factors in Computing Systems},
 series = {CHI '07},
 year = {2007},
 isbn = {978-1-59593-593-9},
 location = {San Jose, California, USA},
 pages = {357--366},
 numpages = {10},
 url = {http://doi.acm.org/10.1145/1240624.1240683},
 doi = {10.1145/1240624.1240683},
 acmid = {1240683},
 publisher = {ACM},
 address = {New York, NY, USA},
 keywords = {context-aware, location-aware, online content, photo sharing, photos, privacy, social software},
}

@article{Wali:2017:ECL:3097269.3047406,
 author = {Wali, Wafa and Gargouri, Bilel and Hamadou, Adelmajid Ben},
 title = {Evaluating the Content of LMF Standardized Dictionaries: A Practical Experiment on Arabic Language},
 journal = {ACM Trans. Asian Low-Resour. Lang. Inf. Process.},
 issue_date = {September 2017},
 volume = {16},
 number = {4},
 month = may,
 year = {2017},
 issn = {2375-4699},
 pages = {22:1--22:20},
 articleno = {22},
 numpages = {20},
 url = {http://doi.acm.org/10.1145/3047406},
 doi = {10.1145/3047406},
 acmid = {3047406},
 publisher = {ACM},
 address = {New York, NY, USA},
 keywords = {Arabic language, LMF standardized dictionaries, LMF-ISO 24613, anomalies' detection},
}

@inproceedings{Lievrouw:2006:OAN:1147261.1147279,
 author = {Lievrouw, Leah A.},
 title = {Oppositional and Activist New Media: Remediation, Reconfiguration, Participation},
 booktitle = {Proceedings of the Ninth Conference on Participatory Design: Expanding Boundaries in Design - Volume 1},
 series = {PDC '06},
 year = {2006},
 isbn = {1-59593-460-X},
 location = {Trento, Italy},
 pages = {115--124},
 numpages = {10},
 url = {http://doi.acm.org/10.1145/1147261.1147279},
 doi = {10.1145/1147261.1147279},
 acmid = {1147279},
 publisher = {ACM},
 address = {New York, NY, USA},
 keywords = {access, activism, alternative media, digital arts, hacktivism, indymedia, intellectual property, internet, new media, policy, social movements, social networks},
}

@inproceedings{Haimson:2015:OIE:2702123.2702270,
 author = {Haimson, Oliver L. and Bowser, Anne E. and Melcer, Edward F. and Churchill, Elizabeth F.},
 title = {Online Inspiration and Exploration for Identity Reinvention},
 booktitle = {Proceedings of the 33rd Annual ACM Conference on Human Factors in Computing Systems},
 series = {CHI '15},
 year = {2015},
 isbn = {978-1-4503-3145-6},
 location = {Seoul, Republic of Korea},
 pages = {3809--3818},
 numpages = {10},
 url = {http://doi.acm.org/10.1145/2702123.2702270},
 doi = {10.1145/2702123.2702270},
 acmid = {2702270},
 publisher = {ACM},
 address = {New York, NY, USA},
 keywords = {identity transitions, lgbtq, online identity, social curation sites, social networking sites, transgender},
}

@inproceedings{McCarthy:1967:TDB:1465482.1465582,
 author = {McCarthy, John and Brian, Dow and Feldman, Gary and Allen, John},
 title = {THOR: A Display Based Time Sharing System},
 booktitle = {Proceedings of the April 18-20, 1967, Spring Joint Computer Conference},
 series = {AFIPS '67 (Spring)},
 year = {1967},
 location = {Atlantic City, New Jersey},
 pages = {623--633},
 numpages = {11},
 url = {http://doi.acm.org/10.1145/1465482.1465582},
 doi = {10.1145/1465482.1465582},
 acmid = {1465582},
 publisher = {ACM},
 address = {New York, NY, USA},
}

@article{Opel:2017:DOR:3071078.3071084,
 author = {Opel, Dawn},
 title = {Designing Online Resources for Safety Net Healthcare Providers: Users' Needs and the Evidence-based Medicine Paradigm},
 journal = {Commun. Des. Q. Rev},
 issue_date = {September 2016},
 volume = {4},
 number = {3},
 month = mar,
 year = {2017},
 issn = {2166-1200},
 pages = {35--45},
 numpages = {11},
 url = {http://doi.acm.org/10.1145/3071078.3071084},
 doi = {10.1145/3071078.3071084},
 acmid = {3071084},
 publisher = {ACM},
 address = {New York, NY, USA},
 keywords = {evidence-based medicine, health communication, healthcare payment and service delivery reform, safety net organizations, systematic review, user research},
}

@inproceedings{Sibley:1965:IPN:800197.806074,
 author = {Sibley, R. A.},
 title = {Invited Papers\&Mdash;3: A New Programming Language: PL/1},
 booktitle = {Proceedings of the 1965 20th National Conference},
 series = {ACM '65},
 year = {1965},
 location = {Cleveland, Ohio, USA},
 pages = {543--563},
 numpages = {21},
 url = {http://doi.acm.org/10.1145/800197.806074},
 doi = {10.1145/800197.806074},
 acmid = {806074},
 publisher = {ACM},
 address = {New York, NY, USA},
}

@inproceedings{Olieman:2017:GAC:3132218.3132237,
 author = {Olieman, Alex and Beelen, Kaspar and van Lange, Milan and Kamps, Jaap and Marx, Maarten},
 title = {Good Applications for Crummy Entity Linkers?: The Case of Corpus Selection in Digital Humanities},
 booktitle = {Proceedings of the 13th International Conference on Semantic Systems},
 series = {Semantics2017},
 year = {2017},
 isbn = {978-1-4503-5296-3},
 location = {Amsterdam, Netherlands},
 pages = {81--88},
 numpages = {8},
 url = {http://doi.acm.org/10.1145/3132218.3132237},
 doi = {10.1145/3132218.3132237},
 acmid = {3132237},
 publisher = {ACM},
 address = {New York, NY, USA},
 keywords = {Corpus Selection, Digital Humanities, Entity Linking Evaluation, Interactive Information Retrieval, Real-World Applications, Semantically-Enhanced Search},
}

@inproceedings{Morgan:2013:TSC:2441776.2441871,
 author = {Morgan, Jonathan T. and Bouterse, Siko and Walls, Heather and Stierch, Sarah},
 title = {Tea and Sympathy: Crafting Positive New User Experiences on Wikipedia},
 booktitle = {Proceedings of the 2013 Conference on Computer Supported Cooperative Work},
 series = {CSCW '13},
 year = {2013},
 isbn = {978-1-4503-1331-5},
 location = {San Antonio, Texas, USA},
 pages = {839--848},
 numpages = {10},
 url = {http://doi.acm.org/10.1145/2441776.2441871},
 doi = {10.1145/2441776.2441871},
 acmid = {2441871},
 publisher = {ACM},
 address = {New York, NY, USA},
 keywords = {collaboration, gender, new users, socialization, user experience, wikipedia},
}

@inproceedings{Campbell:2004:MSI:1011870.1011878,
 author = {Campbell, Nancy},
 title = {Making Sense of Imbrication: Popular Technology and "Inside-out" Methodologies},
 booktitle = {Proceedings of the Eighth Conference on Participatory Design: Artful Integration: Interweaving Media, Materials and Practices - Volume 1},
 series = {PDC 04},
 year = {2004},
 isbn = {1-58113-851-2},
 location = {Toronto, Ontario, Canada},
 pages = {65--73},
 numpages = {9},
 url = {http://doi.acm.org/10.1145/1011870.1011878},
 doi = {10.1145/1011870.1011878},
 acmid = {1011878},
 publisher = {ACM},
 address = {New York, NY, USA},
 keywords = {participatory action research (PAR), popular technology education, technological citizenship},
}

@inproceedings{Searle:2015:BNU:2787622.2787724,
 author = {Searle, Kristin A. and Kafai, Yasmin B.},
 title = {Boys' Needlework: Understanding Gendered and Indigenous Perspectives on Computing and Crafting with Electronic Textiles},
 booktitle = {Proceedings of the Eleventh Annual International Conference on International Computing Education Research},
 series = {ICER '15},
 year = {2015},
 isbn = {978-1-4503-3630-7},
 location = {Omaha, Nebraska, USA},
 pages = {31--39},
 numpages = {9},
 url = {http://doi.acm.org/10.1145/2787622.2787724},
 doi = {10.1145/2787622.2787724},
 acmid = {2787724},
 publisher = {ACM},
 address = {New York, NY, USA},
 keywords = {american indian/alaska native, broadening participation in computing, electronic textiles, gender, indigenous peoples, k-12},
}

@inproceedings{Bayor:2018:CPA:3292147.3292167,
 author = {Bayor, Andrew and Bircanin, Filip and Sitbon, Laurianne and Ploderer, Bernd and Koplick, Stewart and Brereton, Margot},
 title = {Characterizing Participation Across Social Media Sites Amongst Young Adults with Intellectual Disability},
 booktitle = {Proceedings of the 30th Australian Conference on Computer-Human Interaction},
 series = {OzCHI '18},
 year = {2018},
 isbn = {978-1-4503-6188-0},
 location = {Melbourne, Australia},
 pages = {113--122},
 numpages = {10},
 url = {http://doi.acm.org/10.1145/3292147.3292167},
 doi = {10.1145/3292147.3292167},
 acmid = {3292167},
 publisher = {ACM},
 address = {New York, NY, USA},
 keywords = {competencies, intellectual disability, online participation, social media, socio-technical issues},
}

@article{Kasapakis:2015:PGF:2802680.2802686,
 author = {Kasapakis, Vlasios and Gavalas, Damianos and Bubaris, Nikos},
 title = {Pervasive Games Field Trials: Recruitment of Eligible Participants Through Preliminary Game Phases},
 journal = {Personal Ubiquitous Comput.},
 issue_date = {July      2015},
 volume = {19},
 number = {3-4},
 month = jul,
 year = {2015},
 issn = {1617-4909},
 pages = {523--536},
 numpages = {14},
 url = {http://dx.doi.org/10.1007/s00779-015-0846-z},
 doi = {10.1007/s00779-015-0846-z},
 acmid = {2802686},
 publisher = {Springer-Verlag},
 address = {London, UK, UK},
 keywords = {Android, Evaluation, Evaluator subject, Field trial, Pervasive games},
}

@inproceedings{Shin:2013:SVS:2480362.2480709,
 author = {Shin, Dongwan and Yao, Huiping and Rosi, Une},
 title = {Supporting Visual Security Cues for WebView-based Android Apps},
 booktitle = {Proceedings of the 28th Annual ACM Symposium on Applied Computing},
 series = {SAC '13},
 year = {2013},
 isbn = {978-1-4503-1656-9},
 location = {Coimbra, Portugal},
 pages = {1867--1876},
 numpages = {10},
 url = {http://doi.acm.org/10.1145/2480362.2480709},
 doi = {10.1145/2480362.2480709},
 acmid = {2480709},
 publisher = {ACM},
 address = {New York, NY, USA},
 keywords = {Android security, SSLstripping, visual security cues, webview},
}

@article{Shih:2012:VCT:2382593.2382599,
 author = {Shih, Chengwei and Lee, Chengwei and Tsai, Richard Tzonghan and Hsu, Wenlian},
 title = {Validating Contradiction in Texts Using Online Co-Mention Pattern Checking},
 issue_date = {December 2012},
 volume = {11},
 number = {4},
 month = dec,
 year = {2012},
 issn = {1530-0226},
 pages = {17:1--17:21},
 articleno = {17},
 numpages = {21},
 url = {http://doi.acm.org/10.1145/2382593.2382599},
 doi = {10.1145/2382593.2382599},
 acmid = {2382599},
 publisher = {ACM},
 address = {New York, NY, USA},
 keywords = {Chinese, Textual entailment, Web mining, contradiction detection},
}

@inproceedings{Alhadad:2018:ATD:3170358.3170390,
 author = {Alhadad, Sakinah S. J. and Thompson, Kate and Knight, Simon and Lewis, Melinda and Lodge, Jason M.},
 title = {Analytics-enabled Teaching As Design: Reconceptualisation and Call for Research},
 booktitle = {Proceedings of the 8th International Conference on Learning Analytics and Knowledge},
 series = {LAK '18},
 year = {2018},
 isbn = {978-1-4503-6400-3},
 location = {Sydney, New South Wales, Australia},
 pages = {427--435},
 numpages = {9},
 url = {http://doi.acm.org/10.1145/3170358.3170390},
 doi = {10.1145/3170358.3170390},
 acmid = {3170390},
 publisher = {ACM},
 address = {New York, NY, USA},
 keywords = {analytics, design cognition, ethics, institutional culture, professional learning, teacher identity, teaching as design, team teaching},
}

@inproceedings{Hart-Davidson:2012:ASB:2379057.2379109,
 author = {Hart-Davidson, William and Zachry, Mark and Spinuzzi, Clay},
 title = {Activity Streams: Building Context to Coordinate Writing Activity in Collaborative Teams},
 booktitle = {Proceedings of the 30th ACM International Conference on Design of Communication},
 series = {SIGDOC '12},
 year = {2012},
 isbn = {978-1-4503-1497-8},
 location = {Seattle, Washington, USA},
 pages = {279--288},
 numpages = {10},
 url = {http://doi.acm.org/10.1145/2379057.2379109},
 doi = {10.1145/2379057.2379109},
 acmid = {2379109},
 publisher = {ACM},
 address = {New York, NY, USA},
 keywords = {activity streams, collaboration, lifestreaming, proposals, workstreaming},
}

@inproceedings{Huang:2013:DHC:2470654.2470743,
 author = {Huang, Shih-Wen and Fu, Wai-Tat},
 title = {Don'T Hide in the Crowd!: Increasing Social Transparency Between Peer Workers Improves Crowdsourcing Outcomes},
 booktitle = {Proceedings of the SIGCHI Conference on Human Factors in Computing Systems},
 series = {CHI '13},
 year = {2013},
 isbn = {978-1-4503-1899-0},
 location = {Paris, France},
 pages = {621--630},
 numpages = {10},
 url = {http://doi.acm.org/10.1145/2470654.2470743},
 doi = {10.1145/2470654.2470743},
 acmid = {2470743},
 publisher = {ACM},
 address = {New York, NY, USA},
 keywords = {crowdsourcing, human computation, social facilitation, social loafing, social transparency},
}

@inproceedings{Ferguson:2013:ELA:2460296.2460313,
 author = {Ferguson, Rebecca and Wei, Zhongyu and He, Yulan and Buckingham Shum, Simon},
 title = {An Evaluation of Learning Analytics to Identify Exploratory Dialogue in Online Discussions},
 booktitle = {Proceedings of the Third International Conference on Learning Analytics and Knowledge},
 series = {LAK '13},
 year = {2013},
 isbn = {978-1-4503-1785-6},
 location = {Leuven, Belgium},
 pages = {85--93},
 numpages = {9},
 url = {http://doi.acm.org/10.1145/2460296.2460313},
 doi = {10.1145/2460296.2460313},
 acmid = {2460313},
 publisher = {ACM},
 address = {New York, NY, USA},
 keywords = {<i>k</i>-nearest neighbour, MaxEnt, SocialLearn, computational linguistics, cue-phrase matching, discourse analytics, educational assessment, educational dialogue, exploratory dialogue, learning analytics, self-training framework, social learning, social learning analytics, synchronous dialogue},
}

@inproceedings{Murphy-Hill:2008:BBS:1368088.1368146,
 author = {Murphy-Hill, Emerson and Black, Andrew P.},
 title = {Breaking the Barriers to Successful Refactoring: Observations and Tools for Extract Method},
 booktitle = {Proceedings of the 30th International Conference on Software Engineering},
 series = {ICSE '08},
 year = {2008},
 isbn = {978-1-60558-079-1},
 location = {Leipzig, Germany},
 pages = {421--430},
 numpages = {10},
 url = {http://doi.acm.org/10.1145/1368088.1368146},
 doi = {10.1145/1368088.1368146},
 acmid = {1368146},
 publisher = {ACM},
 address = {New York, NY, USA},
 keywords = {environments, refactoring, tools, usability},
}

@article{Thomas:2016:AVB:2896600.2896639,
 author = {Thomas, Lisa and Briggs, Pam},
 title = {Assessing the Value of Brief Automated Biographies},
 journal = {Personal Ubiquitous Comput.},
 issue_date = {February  2016},
 volume = {20},
 number = {1},
 month = feb,
 year = {2016},
 issn = {1617-4909},
 pages = {37--49},
 numpages = {13},
 url = {http://dx.doi.org/10.1007/s00779-015-0896-2},
 doi = {10.1007/s00779-015-0896-2},
 acmid = {2896639},
 publisher = {Springer-Verlag},
 address = {London, UK, UK},
 keywords = {Facebook, Intel, Life-review, Museum of Me, Qualitative methods, Reminiscence},
}

@inproceedings{Katzeff:2006:VSM:1182475.1182508,
 author = {Katzeff, Cecilia and Ware, Vanessa},
 title = {Video Storytelling As Mediation of Organizational Learning},
 booktitle = {Proceedings of the 4th Nordic Conference on Human-computer Interaction: Changing Roles},
 series = {NordiCHI '06},
 year = {2006},
 isbn = {1-59593-325-5},
 location = {Oslo, Norway},
 pages = {311--320},
 numpages = {10},
 url = {http://doi.acm.org/10.1145/1182475.1182508},
 doi = {10.1145/1182475.1182508},
 acmid = {1182508},
 publisher = {ACM},
 address = {New York, NY, USA},
 keywords = {communities of practice, music festival, storytelling, video, volunteer work, workplace learning},
}

@inproceedings{Dziallas:2016:AGC:2960310.2960317,
 author = {Dziallas, Sebastian and Fincher, Sally},
 title = {Aspects of Graduateness in Computing Students' Narratives},
 booktitle = {Proceedings of the 2016 ACM Conference on International Computing Education Research},
 series = {ICER '16},
 year = {2016},
 isbn = {978-1-4503-4449-4},
 location = {Melbourne, VIC, Australia},
 pages = {181--190},
 numpages = {10},
 url = {http://doi.acm.org/10.1145/2960310.2960317},
 doi = {10.1145/2960310.2960317},
 acmid = {2960317},
 publisher = {ACM},
 address = {New York, NY, USA},
 keywords = {boundary objects, graduateness, narrative methods, qualitative research, turning points, year in industry},
}

@inproceedings{Cardelli:1984:CFL:800055.802037,
 author = {Cardelli, Luca},
 title = {Compiling a Functional Language},
 booktitle = {Proceedings of the 1984 ACM Symposium on LISP and Functional Programming},
 series = {LFP '84},
 year = {1984},
 isbn = {0-89791-142-3},
 location = {Austin, Texas, USA},
 pages = {208--217},
 numpages = {10},
 url = {http://doi.acm.org/10.1145/800055.802037},
 doi = {10.1145/800055.802037},
 acmid = {802037},
 publisher = {ACM},
 address = {New York, NY, USA},
}

@inproceedings{McBeath:2017:MGB:3078072.3079721,
 author = {McBeath, Jasmine K. and Dur\'{a}n, Richard P. and Harlow, Danielle B.},
 title = {Not My Gumdrop Buttons!: Youth Tool Use in Designing an Electronic Shrek-themed Bean Bag Toss},
 booktitle = {Proceedings of the 2017 Conference on Interaction Design and Children},
 series = {IDC '17},
 year = {2017},
 isbn = {978-1-4503-4921-5},
 location = {Stanford, California, USA},
 pages = {61--72},
 numpages = {12},
 url = {http://doi.acm.org/10.1145/3078072.3079721},
 doi = {10.1145/3078072.3079721},
 acmid = {3079721},
 publisher = {ACM},
 address = {New York, NY, USA},
 keywords = {Latino, art, craft, cultural historical activity theory, design-based research, digital fabrication, engineering education, gender, girls in stem, making, technology, tool use},
}

@inproceedings{Anderson:2017:GRP:3102071.3102094,
 author = {Anderson, Emma and Walker, Justice and Kafai, Yasmin B. and Lui, Debora},
 title = {The Gender and Race of Pixels: An Exploration of Intersectional Identity Representation and Construction Within Minecraft and Its Community},
 booktitle = {Proceedings of the 12th International Conference on the Foundations of Digital Games},
 series = {FDG '17},
 year = {2017},
 isbn = {978-1-4503-5319-9},
 location = {Hyannis, Massachusetts},
 pages = {17:1--17:10},
 articleno = {17},
 numpages = {10},
 url = {http://doi.acm.org/10.1145/3102071.3102094},
 doi = {10.1145/3102071.3102094},
 acmid = {3102094},
 publisher = {ACM},
 address = {New York, NY, USA},
 keywords = {gender, intersectionality, minecraft, race, youth gamers},
}

@inproceedings{Gray:2014:EDC:2556288.2557264,
 author = {Gray, Colin M.},
 title = {Evolution of Design Competence in UX Practice},
 booktitle = {Proceedings of the SIGCHI Conference on Human Factors in Computing Systems},
 series = {CHI '14},
 year = {2014},
 isbn = {978-1-4503-2473-1},
 location = {Toronto, Ontario, Canada},
 pages = {1645--1654},
 numpages = {10},
 url = {http://doi.acm.org/10.1145/2556288.2557264},
 doi = {10.1145/2556288.2557264},
 acmid = {2557264},
 publisher = {ACM},
 address = {New York, NY, USA},
 keywords = {competence, design capability, expertise, identity, ux practice},
}

@inproceedings{Gray:2014:EDC:2611528.2557264,
 author = {Gray, Colin M.},
 title = {Evolution of Design Competence in UX Practice},
 booktitle = {Proceedings of the 32Nd Annual ACM Conference on Human Factors in Computing Systems},
 series = {CHI '14},
 year = {2014},
 isbn = {978-1-4503-2473-1},
 location = {Toronto, Ontario, Canada},
 pages = {1645--1654},
 numpages = {10},
 url = {http://doi.acm.org/10.1145/2556288.2557264},
 doi = {10.1145/2556288.2557264},
 acmid = {2557264},
 publisher = {ACM},
 address = {New York, NY, USA},
 keywords = {competence, design capability, expertise, identity, ux practice},
}

@inproceedings{Drescher:2018:MPV:3173574.3174134,
 author = {Drescher, Christian and Wallner, Guenter and Kriglstein, Simone and Sifa, Rafet and Drachen, Anders and Pohl, Margit},
 title = {What Moves Players?: Visual Data Exploration of Twitter and Gameplay Data},
 booktitle = {Proceedings of the 2018 CHI Conference on Human Factors in Computing Systems},
 series = {CHI '18},
 year = {2018},
 isbn = {978-1-4503-5620-6},
 location = {Montreal QC, Canada},
 pages = {560:1--560:13},
 articleno = {560},
 numpages = {13},
 url = {http://doi.acm.org/10.1145/3173574.3174134},
 doi = {10.1145/3173574.3174134},
 acmid = {3174134},
 publisher = {ACM},
 address = {New York, NY, USA},
 keywords = {destiny, gameplay data, online community, twitter},
}

@inproceedings{Bennett:2016:ILP:2858036.2858564,
 author = {Bennett, Cynthia L. and Cen, Keting and Steele, Katherine M. and Rosner, Daniela K.},
 title = {An Intimate Laboratory?: Prostheses As a Tool for Experimenting with Identity and Normalcy},
 booktitle = {Proceedings of the 2016 CHI Conference on Human Factors in Computing Systems},
 series = {CHI '16},
 year = {2016},
 isbn = {978-1-4503-3362-7},
 location = {San Jose, California, USA},
 pages = {1745--1756},
 numpages = {12},
 url = {http://doi.acm.org/10.1145/2858036.2858564},
 doi = {10.1145/2858036.2858564},
 acmid = {2858564},
 publisher = {ACM},
 address = {New York, NY, USA},
 keywords = {ability, assistive technology, design interventions, identity, normalcy, prostheses},
}

@inproceedings{Seitz:1967:AAM:2402536.2402542,
 author = {Seitz, Robert N. and Wood, Lawrence H. and Ely, Charles A.},
 title = {AMTRAN: Automatic Mathematical Translation},
 booktitle = {Symposium on Interactive Systems for Experimental Applied Mathematics: Proceedings of the Association for Computing Machinery Inc. Symposium},
 year = {1967},
 location = {Washington, D.C.},
 pages = {44--66},
 numpages = {23},
 url = {http://doi.acm.org/10.1145/2402536.2402542},
 doi = {10.1145/2402536.2402542},
 acmid = {2402542},
 publisher = {ACM},
 address = {New York, NY, USA},
}

@article{Benker:1989:KKC:74926.74947,
 author = {Benker, H. and Beacco, J. M. and Dorochevsky, M. and Jeffr{\'e}, Th. and P\"{o}hlmann, A. and Noy{\'e}, J. and Poterie, B. and Syre, J. C. and Thibault, O. and Watzlawik, G.},
 title = {KCM: A Knowledge Crunching Machine},
 journal = {SIGARCH Comput. Archit. News},
 issue_date = {June 1989},
 volume = {17},
 number = {3},
 month = apr,
 year = {1989},
 issn = {0163-5964},
 pages = {186--194},
 numpages = {9},
 url = {http://doi.acm.org/10.1145/74926.74947},
 doi = {10.1145/74926.74947},
 acmid = {74947},
 publisher = {ACM},
 address = {New York, NY, USA},
}

@inproceedings{Benker:1989:KKC:74925.74947,
 author = {Benker, H. and Beacco, J. M. and Dorochevsky, M. and Jeffr{\'e}, Th. and P\"{o}hlmann, A. and Noy{\'e}, J. and Poterie, B. and Syre, J. C. and Thibault, O. and Watzlawik, G.},
 title = {KCM: A Knowledge Crunching Machine},
 booktitle = {Proceedings of the 16th Annual International Symposium on Computer Architecture},
 series = {ISCA '89},
 year = {1989},
 isbn = {0-89791-319-1},
 location = {Jerusalem, Israel},
 pages = {186--194},
 numpages = {9},
 url = {http://doi.acm.org/10.1145/74925.74947},
 doi = {10.1145/74925.74947},
 acmid = {74947},
 publisher = {ACM},
 address = {New York, NY, USA},
}

@article{Shacham:2004:CCT:1042031.1042034,
 author = {Shacham, Hovav and Boneh, Dan and Rescorla, Eric},
 title = {Client-side Caching for TLS},
 journal = {ACM Trans. Inf. Syst. Secur.},
 issue_date = {November 2004},
 volume = {7},
 number = {4},
 month = nov,
 year = {2004},
 issn = {1094-9224},
 pages = {553--575},
 numpages = {23},
 url = {http://doi.acm.org/10.1145/1042031.1042034},
 doi = {10.1145/1042031.1042034},
 acmid = {1042034},
 publisher = {ACM},
 address = {New York, NY, USA},
 keywords = {Bloom filters, TLS, session cache, wireless networks},
}

@inproceedings{Rowland:2015:AAP:2832932.2832955,
 author = {Rowland, Duncan and Appiah-Kubi, Kwamena and Shipp, Victoria and Mortier, Richard and Benford, Steve},
 title = {Annotation and Anonymity: Playful Photo-sharing by Visiting Groups of Teenagers},
 booktitle = {Proceedings of the 12th International Conference on Advances in Computer Entertainment Technology},
 series = {ACE '15},
 year = {2015},
 isbn = {978-1-4503-3852-3},
 location = {Iskandar, Malaysia},
 pages = {2:1--2:10},
 articleno = {2},
 numpages = {10},
 url = {http://doi.acm.org/10.1145/2832932.2832955},
 doi = {10.1145/2832932.2832955},
 acmid = {2832955},
 publisher = {ACM},
 address = {New York, NY, USA},
 keywords = {humour, photos, playfulness, sharing, social groups},
}

@article{Sutherland:1974:RPC:360767.360802,
 author = {Sutherland, Ivan E. and Hodgman, Gary W.},
 title = {Reentrant Polygon Clipping},
 journal = {Commun. ACM},
 issue_date = {Jan. 1974},
 volume = {17},
 number = {1},
 month = jan,
 year = {1974},
 issn = {0001-0782},
 pages = {32--42},
 numpages = {11},
 url = {http://doi.acm.org/10.1145/360767.360802},
 doi = {10.1145/360767.360802},
 acmid = {360802},
 publisher = {ACM},
 address = {New York, NY, USA},
 keywords = {clipping, computer graphics, hidden-suface},
}

@inproceedings{Hitchens:2012:IPP:2336727.2336738,
 author = {Hitchens, Michael and Drachen, Anders and Richards, Deborah},
 title = {An Investigation of Player to Player Character Identification via Personal Pronouns},
 booktitle = {Proceedings of The 8th Australasian Conference on Interactive Entertainment: Playing the System},
 series = {IE '12},
 year = {2012},
 isbn = {978-1-4503-1410-7},
 location = {Auckland, New Zealand},
 pages = {11:1--11:11},
 articleno = {11},
 numpages = {11},
 url = {http://doi.acm.org/10.1145/2336727.2336738},
 doi = {10.1145/2336727.2336738},
 acmid = {2336738},
 publisher = {ACM},
 address = {New York, NY, USA},
 keywords = {empirical research, identification, player character, video games},
}

@inproceedings{Cook:2009:CCA:1531674.1531681,
 author = {Cook, Eric and Teasley, Stephanie D. and Ackerman, Mark S.},
 title = {Contribution, Commercialization \& Audience: Understanding Participation in an Online Creative Community},
 booktitle = {Proceedings of the ACM 2009 International Conference on Supporting Group Work},
 series = {GROUP '09},
 year = {2009},
 isbn = {978-1-60558-500-0},
 location = {Sanibel Island, Florida, USA},
 pages = {41--50},
 numpages = {10},
 url = {http://doi.acm.org/10.1145/1531674.1531681},
 doi = {10.1145/1531674.1531681},
 acmid = {1531681},
 publisher = {ACM},
 address = {New York, NY, USA},
 keywords = {amateurs, audiences, commercialization, community of practice, creativity, learning, online community, professionals, user-generated content},
}

@inproceedings{Blodgett:2009:RBE:1556460.1556481,
 author = {Blodgett, Bridget M.},
 title = {And the Ringleaders Were Banned: An Examination of Protest in Virtual Worlds},
 booktitle = {Proceedings of the Fourth International Conference on Communities and Technologies},
 series = {C\&\#38;T '09},
 year = {2009},
 isbn = {978-1-60558-713-4},
 location = {University Park, PA, USA},
 pages = {135--144},
 numpages = {10},
 url = {http://doi.acm.org/10.1145/1556460.1556481},
 doi = {10.1145/1556460.1556481},
 acmid = {1556481},
 publisher = {ACM},
 address = {New York, NY, USA},
 keywords = {collective action, computer mediated communication, everquest, hacktivism, virtual worlds, world of warcraft},
}

@inproceedings{Ruthven:2019:MMF:3295750.3298938,
 author = {Ruthven, Ian},
 title = {Making Meaning: A Focus for Information Interactions Research},
 booktitle = {Proceedings of the 2019 Conference on Human Information Interaction and Retrieval},
 series = {CHIIR '19},
 year = {2019},
 isbn = {978-1-4503-6025-8},
 location = {Glasgow, Scotland UK},
 pages = {163--171},
 numpages = {9},
 url = {http://doi.acm.org/10.1145/3295750.3298938},
 doi = {10.1145/3295750.3298938},
 acmid = {3298938},
 publisher = {ACM},
 address = {New York, NY, USA},
 keywords = {information interaction, information use, meaning-making, search},
}

@article{McGee:1962:PCM:368637.368823,
 author = {McGee, William C.},
 title = {The Property Classification Method of File Design and Processing},
 journal = {Commun. ACM},
 issue_date = {Aug. 1962},
 volume = {5},
 number = {8},
 month = aug,
 year = {1962},
 issn = {0001-0782},
 pages = {450--458},
 numpages = {9},
 url = {http://doi.acm.org/10.1145/368637.368823},
 doi = {10.1145/368637.368823},
 acmid = {368823},
 publisher = {ACM},
 address = {New York, NY, USA},
}

@inproceedings{Boichak:2017:BVM:3097286.3097289,
 author = {Boichak, Olga},
 title = {Battlefront Volunteers: Mapping and Deconstructing Civilian Resilience Networks in Ukraine},
 booktitle = {Proceedings of the 8th International Conference on Social Media \& Society},
 series = {\#SMSociety17},
 year = {2017},
 isbn = {978-1-4503-4847-8},
 location = {Toronto, ON, Canada},
 pages = {3:1--3:10},
 articleno = {3},
 numpages = {10},
 url = {http://doi.acm.org/10.1145/3097286.3097289},
 doi = {10.1145/3097286.3097289},
 acmid = {3097289},
 publisher = {ACM},
 address = {New York, NY, USA},
 keywords = {Battlefront volunteers, Facebook, Ukraine, anti-terrorist operation (ATO), civilian resilience, platform-enabled action networks, social infrastructures},
}

@article{Perlis:1964:FL:363921.363936,
 author = {Perlis, A. J.},
 title = {A Format Language},
 journal = {Commun. ACM},
 issue_date = {Feb. 1964},
 volume = {7},
 number = {2},
 month = feb,
 year = {1964},
 issn = {0001-0782},
 pages = {89--97},
 numpages = {9},
 url = {http://doi.acm.org/10.1145/363921.363936},
 doi = {10.1145/363921.363936},
 acmid = {363936},
 publisher = {ACM},
 address = {New York, NY, USA},
}

@inproceedings{Lundstr\&\#246;m:2015:PSD:2783446.2783563,
 author = {Lundstr\"{o}m, Malin and \AAberg, Johan and Blomkvist, Johan},
 title = {Perceptions of Software Developers' Empathy with Designers},
 booktitle = {Proceedings of the 2015 British HCI Conference},
 series = {British HCI '15},
 year = {2015},
 isbn = {978-1-4503-3643-7},
 location = {Lincoln, Lincolnshire, United Kingdom},
 pages = {239--246},
 numpages = {8},
 url = {http://doi.acm.org/10.1145/2783446.2783563},
 doi = {10.1145/2783446.2783563},
 acmid = {2783563},
 publisher = {ACM},
 address = {New York, NY, USA},
 keywords = {agile development, communication, empathy, phenomenology, user-centred design},
}

@inproceedings{Guldenpfennig:2012:UHD:2399016.2399063,
 author = {G\"{u}ldenpfennig, Florian and Reitberger, Wolfgang and Fitzpatrick, Geraldine},
 title = {Of Unkempt Hair, Dirty Shirts and Smiling Faces: Capturing Behind the Mobile Camera},
 booktitle = {Proceedings of the 7th Nordic Conference on Human-Computer Interaction: Making Sense Through Design},
 series = {NordiCHI '12},
 year = {2012},
 isbn = {978-1-4503-1482-4},
 location = {Copenhagen, Denmark},
 pages = {298--307},
 numpages = {10},
 url = {http://doi.acm.org/10.1145/2399016.2399063},
 doi = {10.1145/2399016.2399063},
 acmid = {2399063},
 publisher = {ACM},
 address = {New York, NY, USA},
 keywords = {exploratory user study, front facing camera, image use, mobile phone, photography, photos, smart phone},
}

@inproceedings{Femmer:2013:DIW:2486788.2486929,
 author = {Femmer, Henning and Ganesan, Dharmalingam and Lindvall, Mikael and McComas, David},
 title = {Detecting Inconsistencies in Wrappers: A Case Study},
 booktitle = {Proceedings of the 2013 International Conference on Software Engineering},
 series = {ICSE '13},
 year = {2013},
 isbn = {978-1-4673-3076-3},
 location = {San Francisco, CA, USA},
 pages = {1022--1031},
 numpages = {10},
 url = {http://dl.acm.org/citation.cfm?id=2486788.2486929},
 acmid = {2486929},
 publisher = {IEEE Press},
 address = {Piscataway, NJ, USA},
}

@article{Cheng:2017:PIC:3076125.3076129,
 author = {Cheng, Liang and Li, Zhangtan and Zhang, Yi and Zhang, Yang and Lee, Insup},
 title = {Protecting Interoperable Clinical Environment with Authentication},
 journal = {SIGBED Rev.},
 issue_date = {March 2017},
 volume = {14},
 number = {2},
 month = mar,
 year = {2017},
 issn = {1551-3688},
 pages = {34--43},
 numpages = {10},
 url = {http://doi.acm.org/10.1145/3076125.3076129},
 doi = {10.1145/3076125.3076129},
 acmid = {3076129},
 publisher = {ACM},
 address = {New York, NY, USA},
 keywords = {authentication, integrated clinical environment, medical cyber physical system},
}

@inproceedings{Hao:2011:OTF:2009916.2010020,
 author = {Hao, Qiang and Cai, Rui and Pang, Yanwei and Zhang, Lei},
 title = {From One Tree to a Forest: A Unified Solution for Structured Web Data Extraction},
 booktitle = {Proceedings of the 34th International ACM SIGIR Conference on Research and Development in Information Retrieval},
 series = {SIGIR '11},
 year = {2011},
 isbn = {978-1-4503-0757-4},
 location = {Beijing, China},
 pages = {775--784},
 numpages = {10},
 url = {http://doi.acm.org/10.1145/2009916.2010020},
 doi = {10.1145/2009916.2010020},
 acmid = {2010020},
 publisher = {ACM},
 address = {New York, NY, USA},
 keywords = {information extraction, site-level information, structured data, vertical knowledge},
}

@article{Mishra:2016:AAD:3007263.3007280,
 author = {Mishra, Aurosish and Chavan, Shasank and Holloway, Allison and Lahiri, Tirthankar and Liu, Zhen Hua and Chakkappen, Sunil and Lui, Dennis and Subramanian, Vinita and Kumar, Ramesh and Colgan, Maria and Kamp, Jesse and Mukherjee, Niloy and Marwah, Vineet},
 title = {Accelerating Analytics with Dynamic In-memory Expressions},
 journal = {Proc. VLDB Endow.},
 issue_date = {September 2016},
 volume = {9},
 number = {13},
 month = sep,
 year = {2016},
 issn = {2150-8097},
 pages = {1437--1448},
 numpages = {12},
 url = {https://doi.org/10.14778/3007263.3007280},
 doi = {10.14778/3007263.3007280},
 acmid = {3007280},
 publisher = {VLDB Endowment},
}

@inproceedings{Ashok:2017:WSR:3025171.3025229,
 author = {Ashok, Vikas and Puzis, Yury and Borodin, Yevgen and Ramakrishnan, I.V.},
 title = {Web Screen Reading Automation Assistance Using Semantic Abstraction},
 booktitle = {Proceedings of the 22Nd International Conference on Intelligent User Interfaces},
 series = {IUI '17},
 year = {2017},
 isbn = {978-1-4503-4348-0},
 location = {Limassol, Cyprus},
 pages = {407--418},
 numpages = {12},
 url = {http://doi.acm.org/10.1145/3025171.3025229},
 doi = {10.1145/3025171.3025229},
 acmid = {3025229},
 publisher = {ACM},
 address = {New York, NY, USA},
 keywords = {accessibility, assistant, automation, blind users, blindness, natural interfaces, screen-reader, web browsing},
}

@inproceedings{Lindtner:2012:CAI:2145204.2145220,
 author = {Lindtner, Silvia and Anderson, Ken and Dourish, Paul},
 title = {Cultural Appropriation: Information Technologies As Sites of Transnational Imagination},
 booktitle = {Proceedings of the ACM 2012 Conference on Computer Supported Cooperative Work},
 series = {CSCW '12},
 year = {2012},
 isbn = {978-1-4503-1086-4},
 location = {Seattle, Washington, USA},
 pages = {77--86},
 numpages = {10},
 url = {http://doi.acm.org/10.1145/2145204.2145220},
 doi = {10.1145/2145204.2145220},
 acmid = {2145220},
 publisher = {ACM},
 address = {New York, NY, USA},
 keywords = {cultural appropriation, globalization, imagination, multi-sited ethnography, politics, transnational},
}

@inproceedings{Woelfer:2011:HYP:1978942.1979190,
 author = {Woelfer, Jill Palzkill and Hendry, David G.},
 title = {Homeless Young People and Living with Personal Digital Artifacts},
 booktitle = {Proceedings of the SIGCHI Conference on Human Factors in Computing Systems},
 series = {CHI '11},
 year = {2011},
 isbn = {978-1-4503-0228-9},
 location = {Vancouver, BC, Canada},
 pages = {1697--1706},
 numpages = {10},
 url = {http://doi.acm.org/10.1145/1978942.1979190},
 doi = {10.1145/1978942.1979190},
 acmid = {1979190},
 publisher = {ACM},
 address = {New York, NY, USA},
 keywords = {access, attachment, homeless young people, iPods, infrastructure, mobile phones, personal digital artifacts},
}

@article{Cohen:2001:GCS:358974.358979,
 author = {Cohen, Donald J. and Prusak, Laurence},
 title = {In Good Company: How Social Capital Makes Organizations Work},
 journal = {Ubiquity},
 issue_date = {January 1 - January 31, 2001},
 volume = {2001},
 number = {January},
 month = jan,
 year = {2001},
 issn = {1530-2180},
 articleno = {3},
 url = {http://doi.acm.org/10.1145/358974.358979},
 doi = {10.1145/358974.358979},
 acmid = {358979},
 publisher = {ACM},
 address = {New York, NY, USA},
}

@inproceedings{Dourish:2010:HES:1858171.1858173,
 author = {Dourish, Paul},
 title = {HCI and Environmental Sustainability: The Politics of Design and the Design of Politics},
 booktitle = {Proceedings of the 8th ACM Conference on Designing Interactive Systems},
 series = {DIS '10},
 year = {2010},
 isbn = {978-1-4503-0103-9},
 location = {Aarhus, Denmark},
 pages = {1--10},
 numpages = {10},
 url = {http://doi.acm.org/10.1145/1858171.1858173},
 doi = {10.1145/1858171.1858173},
 acmid = {1858173},
 publisher = {ACM},
 address = {New York, NY, USA},
 keywords = {environmental justice, environmental sustainability, environmentality, political ecology, scale, social networks},
}

@inproceedings{Baborska-Narozny:2016:ERF:2930971.2930989,
 author = {Baborska-Narozny, Magdalena and Stirling, Eve and Stevenson, Fionn},
 title = {Exploring the Relationship Between a 'Facebook Group' and Face-to-Face Interactions in 'Weak-Tie' Residential Communities},
 booktitle = {Proceedings of the 7th 2016 International Conference on Social Media \& Society},
 series = {SMSociety '16},
 year = {2016},
 isbn = {978-1-4503-3938-4},
 location = {London, United Kingdom},
 pages = {17:1--17:8},
 articleno = {17},
 numpages = {8},
 url = {http://doi.acm.org/10.1145/2930971.2930989},
 doi = {10.1145/2930971.2930989},
 acmid = {2930989},
 publisher = {ACM},
 address = {New York, NY, USA},
 keywords = {Facebook Group, case-study, home use collective action, residential community, self-organising initiative},
}

@inproceedings{Thayer:2017:BFC:3105726.3106176,
 author = {Thayer, Kyle and Ko, Andrew J.},
 title = {Barriers Faced by Coding Bootcamp Students},
 booktitle = {Proceedings of the 2017 ACM Conference on International Computing Education Research},
 series = {ICER '17},
 year = {2017},
 isbn = {978-1-4503-4968-0},
 location = {Tacoma, Washington, USA},
 pages = {245--253},
 numpages = {9},
 url = {http://doi.acm.org/10.1145/3105726.3106176},
 doi = {10.1145/3105726.3106176},
 acmid = {3106176},
 publisher = {ACM},
 address = {New York, NY, USA},
 keywords = {career change, coding bootcamps, communities of practice, computer science education},
}

@article{Ward:1986:IRH:15698.15701,
 author = {Ward, Jean Renard and Blesser, Barry},
 title = {Interactive Recognition of Handprinted Characters for Computer Input},
 journal = {SIGCHI Bull.},
 issue_date = {July 1986},
 volume = {18},
 number = {1},
 month = jul,
 year = {1986},
 issn = {0736-6906},
 pages = {44--57},
 numpages = {14},
 url = {http://doi.acm.org/10.1145/15698.15701},
 doi = {10.1145/15698.15701},
 acmid = {15701},
 publisher = {ACM},
 address = {New York, NY, USA},
}

@article{Henderson:2007:PPR:1327325.1327327,
 author = {Henderson, K. A. and Spinello, R. A. and Lipinski, T. A.},
 title = {Prudent Policy?: Reassessing the Digital Millennium Copyright Act},
 journal = {SIGCAS Comput. Soc.},
 issue_date = {November 2007},
 volume = {37},
 number = {2},
 month = nov,
 year = {2007},
 issn = {0095-2737},
 pages = {25--40},
 numpages = {16},
 url = {http://doi.acm.org/10.1145/1327325.1327327},
 doi = {10.1145/1327325.1327327},
 acmid = {1327327},
 publisher = {ACM},
 address = {New York, NY, USA},
 keywords = {access and circumvention, decryption technology, digital millenium copyright act, digital rights management, fair use},
}

@inproceedings{LaFrance:2012:RFO:2132176.2132188,
 author = {LaFrance, Danielle and Nathan, Lisa},
 title = {Revolutionaries Will Not Be Friended: 'Owning' Activism Through Social Networking},
 booktitle = {Proceedings of the 2012 iConference},
 series = {iConference '12},
 year = {2012},
 isbn = {978-1-4503-0782-6},
 location = {Toronto, Ontario, Canada},
 pages = {89--96},
 numpages = {8},
 url = {http://doi.acm.org/10.1145/2132176.2132188},
 doi = {10.1145/2132176.2132188},
 acmid = {2132188},
 publisher = {ACM},
 address = {New York, NY, USA},
 keywords = {activism, community, precarious labour, semiocapitalism, social capital, social networking},
}

@inproceedings{Butler:2008:DLB:1357054.1357227,
 author = {Butler, Brian and Joyce, Elisabeth and Pike, Jacqueline},
 title = {Don'T Look Now, but We'Ve Created a Bureaucracy: The Nature and Roles of Policies and Rules in Wikipedia},
 booktitle = {Proceedings of the SIGCHI Conference on Human Factors in Computing Systems},
 series = {CHI '08},
 year = {2008},
 isbn = {978-1-60558-011-1},
 location = {Florence, Italy},
 pages = {1101--1110},
 numpages = {10},
 url = {http://doi.acm.org/10.1145/1357054.1357227},
 doi = {10.1145/1357054.1357227},
 acmid = {1357227},
 publisher = {ACM},
 address = {New York, NY, USA},
 keywords = {collaboration, community, dynamics, policies, policy, rules, wikipedia, wikis},
}

@inproceedings{Repplinger:2009:EXD:1559764.1559774,
 author = {Repplinger, Michael and L\"{o}ffler, Alexander and Schug, Benjamin and Slusallek, Philipp},
 title = {Extending X3D for Distributed Multimedia Processing and Control},
 booktitle = {Proceedings of the 14th International Conference on 3D Web Technology},
 series = {Web3D '09},
 year = {2009},
 isbn = {978-1-60558-432-4},
 location = {Darmstadt, Germany},
 pages = {61--69},
 numpages = {9},
 url = {http://doi.acm.org/10.1145/1559764.1559774},
 doi = {10.1145/1559764.1559774},
 acmid = {1559774},
 publisher = {ACM},
 address = {New York, NY, USA},
 keywords = {X3D, distributed and parallel processing, distributed flow graph, distributed processing, multimedia middleware},
}

@inproceedings{Juhlin:2014:LTT:2611105.2557315,
 author = {Juhlin, Oskar and Engstr\"{o}m, Arvid and \"{O}nnevall, Elin},
 title = {Long Tail TV Revisited: From Ordinary Camera Phone Use to Pro-am Video Production},
 booktitle = {Proceedings of the 32Nd Annual ACM Conference on Human Factors in Computing Systems},
 series = {CHI '14},
 year = {2014},
 isbn = {978-1-4503-2473-1},
 location = {Toronto, Ontario, Canada},
 pages = {1325--1334},
 numpages = {10},
 url = {http://doi.acm.org/10.1145/2556288.2557315},
 doi = {10.1145/2556288.2557315},
 acmid = {2557315},
 publisher = {ACM},
 address = {New York, NY, USA},
 keywords = {camera phones, ethnography, identity, learning, live video, media studies, mimicking, negotiation, organization theory, pro-am, user-generated content, video},
}

@inproceedings{Juhlin:2014:LTT:2556288.2557315,
 author = {Juhlin, Oskar and Engstr\"{o}m, Arvid and \"{O}nnevall, Elin},
 title = {Long Tail TV Revisited: From Ordinary Camera Phone Use to Pro-am Video Production},
 booktitle = {Proceedings of the SIGCHI Conference on Human Factors in Computing Systems},
 series = {CHI '14},
 year = {2014},
 isbn = {978-1-4503-2473-1},
 location = {Toronto, Ontario, Canada},
 pages = {1325--1334},
 numpages = {10},
 url = {http://doi.acm.org/10.1145/2556288.2557315},
 doi = {10.1145/2556288.2557315},
 acmid = {2557315},
 publisher = {ACM},
 address = {New York, NY, USA},
 keywords = {camera phones, ethnography, identity, learning, live video, media studies, mimicking, negotiation, organization theory, pro-am, user-generated content, video},
}

@inproceedings{Taylor:2017:SCG:3025453.3025775,
 author = {Taylor, Samuel Hardman and Hutson, Jevan Alexander and Alicea, Tyler Richard},
 title = {Social Consequences of Grindr Use: Extending the Internet-Enhanced Self-Disclosure Hypothesis},
 booktitle = {Proceedings of the 2017 CHI Conference on Human Factors in Computing Systems},
 series = {CHI '17},
 year = {2017},
 isbn = {978-1-4503-4655-9},
 location = {Denver, Colorado, USA},
 pages = {6645--6657},
 numpages = {13},
 url = {http://doi.acm.org/10.1145/3025453.3025775},
 doi = {10.1145/3025453.3025775},
 acmid = {3025775},
 publisher = {ACM},
 address = {New York, NY, USA},
 keywords = {grindr, internalized homophobia, loneliness, self-disclosure, sexting},
}

@inproceedings{Gurzick:2009:TDT:1555619.1555634,
 author = {Gurzick, David and Lutters, Wayne G.},
 title = {Towards a Design Theory for Online Communities},
 booktitle = {Proceedings of the 4th International Conference on Design Science Research in Information Systems and Technology},
 series = {DESRIST '09},
 year = {2009},
 isbn = {978-1-60558-408-9},
 location = {Philadelphia, Pennsylvania},
 pages = {11:1--11:20},
 articleno = {11},
 numpages = {20},
 url = {http://doi.acm.org/10.1145/1555619.1555634},
 doi = {10.1145/1555619.1555634},
 acmid = {1555634},
 publisher = {ACM},
 address = {New York, NY, USA},
 keywords = {design guidelines, design science, online communities},
}

@article{Walters:2001:PSE:503345.503347,
 author = {Walters, Gregory J.},
 title = {Privacy and Security: An Ethical Analysis},
 journal = {SIGCAS Comput. Soc.},
 issue_date = {June 2001},
 volume = {31},
 number = {2},
 month = jun,
 year = {2001},
 issn = {0095-2737},
 pages = {8--23},
 numpages = {16},
 url = {http://doi.acm.org/10.1145/503345.503347},
 doi = {10.1145/503345.503347},
 acmid = {503347},
 publisher = {ACM},
 address = {New York, NY, USA},
}

@inproceedings{Livingston:2014:PVC:2531602.2531661,
 author = {Livingston, Ian J. and Gutwin, Carl and Mandryk, Regan L. and Birk, Max},
 title = {How Players Value Their Characters in World of Warcraft},
 booktitle = {Proceedings of the 17th ACM Conference on Computer Supported Cooperative Work \&\#38; Social Computing},
 series = {CSCW '14},
 year = {2014},
 isbn = {978-1-4503-2540-0},
 location = {Baltimore, Maryland, USA},
 pages = {1333--1343},
 numpages = {11},
 url = {http://doi.acm.org/10.1145/2531602.2531661},
 doi = {10.1145/2531602.2531661},
 acmid = {2531661},
 publisher = {ACM},
 address = {New York, NY, USA},
 keywords = {avatars, character value, characters, world of warcraft},
}

@article{Gach:2017:LYE:3171581.3134682,
 author = {Gach, Katie Z. and Fiesler, Casey and Brubaker, Jed R.},
 title = {\&Ldquo;Control Your Emotions, Potter\&Rdquo;: An Analysis of Grief Policing on Facebook in Response to Celebrity Death},
 journal = {Proc. ACM Hum.-Comput. Interact.},
 issue_date = {November 2017},
 volume = {1},
 number = {CSCW},
 month = dec,
 year = {2017},
 issn = {2573-0142},
 pages = {47:1--47:18},
 articleno = {47},
 numpages = {18},
 url = {http://doi.acm.org/10.1145/3134682},
 doi = {10.1145/3134682},
 acmid = {3134682},
 publisher = {ACM},
 address = {New York, NY, USA},
 keywords = {celebrity death, computer-mediated communication, death, facebook, grief policing, social media, social norms},
}

@inproceedings{Ringland:2019:PPA:3290605.3300518,
 author = {Ringland, Kathryn E.},
 title = {A Place to Play: The (Dis)Abled Embodied Experience for Autistic Children in Online Spaces},
 booktitle = {Proceedings of the 2019 CHI Conference on Human Factors in Computing Systems},
 series = {CHI '19},
 year = {2019},
 isbn = {978-1-4503-5970-2},
 location = {Glasgow, Scotland Uk},
 pages = {288:1--288:14},
 articleno = {288},
 numpages = {14},
 url = {http://doi.acm.org/10.1145/3290605.3300518},
 doi = {10.1145/3290605.3300518},
 acmid = {3300518},
 publisher = {ACM},
 address = {New York, NY, USA},
 keywords = {autism, communication, disability, embodied experience, inclusion, social interaction, social media, virtual worlds},
}

@inproceedings{Savitt:1967:ANC:1465482.1465496,
 author = {Savitt, D. A. and Love,Jr., H. H. and Troop, R. E.},
 title = {ASP: A New Concept in Language and Machine Organization},
 booktitle = {Proceedings of the April 18-20, 1967, Spring Joint Computer Conference},
 series = {AFIPS '67 (Spring)},
 year = {1967},
 location = {Atlantic City, New Jersey},
 pages = {87--102},
 numpages = {16},
 url = {http://doi.acm.org/10.1145/1465482.1465496},
 doi = {10.1145/1465482.1465496},
 acmid = {1465496},
 publisher = {ACM},
 address = {New York, NY, USA},
}

@inproceedings{Pal:2013:MAA:2516604.2516623,
 author = {Pal, Joyojeet and Ammari, Tawfiq and Mahalingam, Ramaswami and Alfaro, Ana Maria Huaita and Lakshmanan, Meera},
 title = {Marginality, Aspiration and Accessibility in ICTD},
 booktitle = {Proceedings of the Sixth International Conference on Information and Communication Technologies and Development: Full Papers - Volume 1},
 series = {ICTD '13},
 year = {2013},
 isbn = {978-1-4503-1906-5},
 location = {Cape Town, South Africa},
 pages = {68--78},
 numpages = {11},
 url = {http://doi.acm.org/10.1145/2516604.2516623},
 doi = {10.1145/2516604.2516623},
 acmid = {2516623},
 publisher = {ACM},
 address = {New York, NY, USA},
 keywords = {India, Jordan, Peru, access technology, assistive technology},
}

@inproceedings{Weibert:2016:LCC:2957276.2957306,
 author = {Weibert, Anne and Sprenger, Mary-Ann and Randall, Dave and Wulf, Volker},
 title = {Lifecycles of Computer Clubs: Rhythms and Patterns of Collaboration and Learning in an Intercultural Setting},
 booktitle = {Proceedings of the 19th International Conference on Supporting Group Work},
 series = {GROUP '16},
 year = {2016},
 isbn = {978-1-4503-4276-6},
 location = {Sanibel Island, Florida, USA},
 pages = {137--147},
 numpages = {11},
 url = {http://doi.acm.org/10.1145/2957276.2957306},
 doi = {10.1145/2957276.2957306},
 acmid = {2957306},
 publisher = {ACM},
 address = {New York, NY, USA},
 keywords = {children, collaboration, computer club, intercultural, lifecycles},
}

@inproceedings{Park:2013:EFI:2441776.2441823,
 author = {Park, Taiwoo and Lee, Uichin and Lee, Bupjae and Lee, Haechan and Son, Sanghun and Song, Seokyoung and Song, Junehwa},
 title = {ExerSync: Facilitating Interpersonal Synchrony in Social Exergames},
 booktitle = {Proceedings of the 2013 Conference on Computer Supported Cooperative Work},
 series = {CSCW '13},
 year = {2013},
 isbn = {978-1-4503-1331-5},
 location = {San Antonio, Texas, USA},
 pages = {409--422},
 numpages = {14},
 url = {http://doi.acm.org/10.1145/2441776.2441823},
 doi = {10.1145/2441776.2441823},
 acmid = {2441823},
 publisher = {ACM},
 address = {New York, NY, USA},
 keywords = {exergame, rhythm, synchronization, synchrony},
}

@inproceedings{McNaney:2018:SDM:3173574.3173841,
 author = {McNaney, Roisin and Bull, Christopher and Mackie, Lynne and Dahman, Floriane and Stringer, Helen and Richardson, Dan and Welsh, Daniel},
 title = {StammerApp: Designing a Mobile Application to Support Self-Reflection and Goal Setting for People Who Stammer},
 booktitle = {Proceedings of the 2018 CHI Conference on Human Factors in Computing Systems},
 series = {CHI '18},
 year = {2018},
 isbn = {978-1-4503-5620-6},
 location = {Montreal QC, Canada},
 pages = {267:1--267:12},
 articleno = {267},
 numpages = {12},
 url = {http://doi.acm.org/10.1145/3173574.3173841},
 doi = {10.1145/3173574.3173841},
 acmid = {3173841},
 publisher = {ACM},
 address = {New York, NY, USA},
 keywords = {mobile applications, self-management, speech and language therapy, stammering, user-centered design},
}

@inproceedings{Gerritsen:2016:MAE:2858036.2858541,
 author = {Gerritsen, David B. and Tasse, Dan and Olsen, Jennifer K. and Vlahovic, Tatiana A. and Gulotta, Rebecca and Odom, William and Wiese, Jason and Zimmerman, John},
 title = {Mailing Archived Emails As Postcards: Probing the Value of Virtual Collections},
 booktitle = {Proceedings of the 2016 CHI Conference on Human Factors in Computing Systems},
 series = {CHI '16},
 year = {2016},
 isbn = {978-1-4503-3362-7},
 location = {San Jose, California, USA},
 pages = {1187--1199},
 numpages = {13},
 url = {http://doi.acm.org/10.1145/2858036.2858541},
 doi = {10.1145/2858036.2858541},
 acmid = {2858541},
 publisher = {ACM},
 address = {New York, NY, USA},
 keywords = {design, revisitation, self-reflection, technology probes, virtual possessions},
}

@article{Yiu:2008:BIM:1355987.1355993,
 author = {Yiu, Man Lung and Tao, Yufei and Mamoulis, Nikos},
 title = {The Bdual-Tree: Indexing Moving Objects by Space Filling Curves in the Dual Space},
 journal = {The VLDB Journal},
 issue_date = {May       2008},
 volume = {17},
 number = {3},
 month = may,
 year = {2008},
 issn = {1066-8888},
 pages = {379--400},
 numpages = {22},
 url = {https://doi.org/10.1007/s00778-006-0013-2},
 doi = {10.1007/s00778-006-0013-2},
 acmid = {1355993},
 publisher = {Springer-Verlag},
 address = {Berlin, Heidelberg},
 keywords = {Access method, Space filling curve, Spatiotemporal},
}

@article{DeVito:2018:TGF:3290265.3274313,
 author = {DeVito, Michael A. and Walker, Ashley Marie and Birnholtz, Jeremy},
 title = {'Too Gay for Facebook': Presenting LGBTQ+ Identity Throughout the Personal Social Media Ecosystem},
 journal = {Proc. ACM Hum.-Comput. Interact.},
 issue_date = {November 2018},
 volume = {2},
 number = {CSCW},
 month = nov,
 year = {2018},
 issn = {2573-0142},
 pages = {44:1--44:23},
 articleno = {44},
 numpages = {23},
 url = {http://doi.acm.org/10.1145/3274313},
 doi = {10.1145/3274313},
 acmid = {3274313},
 publisher = {ACM},
 address = {New York, NY, USA},
 keywords = {disclosure, identity management, lgb, lgbtq, privacy, queer, self-presentation, sexual and gender minorities, social media, technology ecosystems},
}

@inproceedings{Vlachokyriakos:2017:HSM:3025453.3025490,
 author = {Vlachokyriakos, Vasillis and Crivellaro, Clara and Wright, Pete and Karamagioli, Evika and Staiou, Eleni-Revekka and Gouscos, Dimitris and Thorpe, Rowan and Kr\"{u}ger, Antonio and Sch\"{o}ning, Johannes and Jones, Matt and Lawson, Shaun and Olivier, Patrick},
 title = {HCI, Solidarity Movements and the Solidarity Economy},
 booktitle = {Proceedings of the 2017 CHI Conference on Human Factors in Computing Systems},
 series = {CHI '17},
 year = {2017},
 isbn = {978-1-4503-4655-9},
 location = {Denver, Colorado, USA},
 pages = {3126--3137},
 numpages = {12},
 url = {http://doi.acm.org/10.1145/3025453.3025490},
 doi = {10.1145/3025453.3025490},
 acmid = {3025490},
 publisher = {ACM},
 address = {New York, NY, USA},
 keywords = {digital civics, social movements, solidarity economy},
}

@inproceedings{Semaan:2016:TRI:2858036.2858109,
 author = {Semaan, Bryan C. and Britton, Lauren M. and Dosono, Bryan},
 title = {Transition Resilience with ICTs: 'Identity Awareness' in Veteran Re-Integration},
 booktitle = {Proceedings of the 2016 CHI Conference on Human Factors in Computing Systems},
 series = {CHI '16},
 year = {2016},
 isbn = {978-1-4503-3362-7},
 location = {San Jose, California, USA},
 pages = {2882--2894},
 numpages = {13},
 url = {http://doi.acm.org/10.1145/2858036.2858109},
 doi = {10.1145/2858036.2858109},
 acmid = {2858109},
 publisher = {ACM},
 address = {New York, NY, USA},
 keywords = {crisis, disruption, icts, identity, identity awareness, resilience, social media, transition, veterans},
}

@inproceedings{Aguilera:2003:PDD:945445.945454,
 author = {Aguilera, Marcos K. and Mogul, Jeffrey C. and Wiener, Janet L. and Reynolds, Patrick and Muthitacharoen, Athicha},
 title = {Performance Debugging for Distributed Systems of Black Boxes},
 booktitle = {Proceedings of the Nineteenth ACM Symposium on Operating Systems Principles},
 series = {SOSP '03},
 year = {2003},
 isbn = {1-58113-757-5},
 location = {Bolton Landing, NY, USA},
 pages = {74--89},
 numpages = {16},
 url = {http://doi.acm.org/10.1145/945445.945454},
 doi = {10.1145/945445.945454},
 acmid = {945454},
 publisher = {ACM},
 address = {New York, NY, USA},
 keywords = {black box systems, distributed systems, performance analysis, performance debugging},
}

@article{Aguilera:2003:PDD:1165389.945454,
 author = {Aguilera, Marcos K. and Mogul, Jeffrey C. and Wiener, Janet L. and Reynolds, Patrick and Muthitacharoen, Athicha},
 title = {Performance Debugging for Distributed Systems of Black Boxes},
 journal = {SIGOPS Oper. Syst. Rev.},
 issue_date = {December 2003},
 volume = {37},
 number = {5},
 month = oct,
 year = {2003},
 issn = {0163-5980},
 pages = {74--89},
 numpages = {16},
 url = {http://doi.acm.org/10.1145/1165389.945454},
 doi = {10.1145/1165389.945454},
 acmid = {945454},
 publisher = {ACM},
 address = {New York, NY, USA},
 keywords = {black box systems, distributed systems, performance analysis, performance debugging},
}

@article{Steup:2018:GTP:3290265.3274434,
 author = {Steup, Rosemary and Santhanam, Arvind and Logan, Marisa and Dombrowski, Lynn and Su, Norman Makoto},
 title = {Growing Tiny Publics: Small Farmers' Social Movement Strategies},
 journal = {Proc. ACM Hum.-Comput. Interact.},
 issue_date = {November 2018},
 volume = {2},
 number = {CSCW},
 month = nov,
 year = {2018},
 issn = {2573-0142},
 pages = {165:1--165:24},
 articleno = {165},
 numpages = {24},
 url = {http://doi.acm.org/10.1145/3274434},
 doi = {10.1145/3274434},
 acmid = {3274434},
 publisher = {ACM},
 address = {New York, NY, USA},
 keywords = {agriculture, farming, rural, slow change, small farms, social change, social movement, social networks, tempered radical},
}

@inproceedings{Zheng:2015:USM:2675133.2675217,
 author = {Zheng, Saijing and Rosson, Mary Beth and Shih, Patrick C. and Carroll, John M.},
 title = {Understanding Student Motivation, Behaviors and Perceptions in MOOCs},
 booktitle = {Proceedings of the 18th ACM Conference on Computer Supported Cooperative Work \&\#38; Social Computing},
 series = {CSCW '15},
 year = {2015},
 isbn = {978-1-4503-2922-4},
 location = {Vancouver, BC, Canada},
 pages = {1882--1895},
 numpages = {14},
 url = {http://doi.acm.org/10.1145/2675133.2675217},
 doi = {10.1145/2675133.2675217},
 acmid = {2675217},
 publisher = {ACM},
 address = {New York, NY, USA},
 keywords = {learning experiences, learning motivation, massive open online courses, moocs, online learning, student retention},
}

@inproceedings{Rho:2017:CCR:3025453.3025921,
 author = {Rho, Eugenia Ha Rim and Haimson, Oliver L. and Andalibi, Nazanin and Mazmanian, Melissa and Hayes, Gillian R.},
 title = {Class Confessions: Restorative Properties in Online Experiences of Socioeconomic Stigma},
 booktitle = {Proceedings of the 2017 CHI Conference on Human Factors in Computing Systems},
 series = {CHI '17},
 year = {2017},
 isbn = {978-1-4503-4655-9},
 location = {Denver, Colorado, USA},
 pages = {3377--3389},
 numpages = {13},
 url = {http://doi.acm.org/10.1145/3025453.3025921},
 doi = {10.1145/3025453.3025921},
 acmid = {3025921},
 publisher = {ACM},
 address = {New York, NY, USA},
 keywords = {identity, low-income, low-ses, networked publics, restorative properties, social networking sites, stigma},
}

@inproceedings{Yin:2011:FFL:1963405.1963477,
 author = {Yin, Xiaoxin and Tan, Wenzhao and Liu, Chao},
 title = {FACTO: A Fact Lookup Engine Based on Web Tables},
 booktitle = {Proceedings of the 20th International Conference on World Wide Web},
 series = {WWW '11},
 year = {2011},
 isbn = {978-1-4503-0632-4},
 location = {Hyderabad, India},
 pages = {507--516},
 numpages = {10},
 url = {http://doi.acm.org/10.1145/1963405.1963477},
 doi = {10.1145/1963405.1963477},
 acmid = {1963477},
 publisher = {ACM},
 address = {New York, NY, USA},
 keywords = {information extraction, question answering, web search},
}

@inproceedings{Abokhodair:2017:PSA:2998181.2998338,
 author = {Abokhodair, Norah and Hodges, Adam and Vieweg, Sarah},
 title = {Photo Sharing in the Arab Gulf: Expressing the Collective and Autonomous Selves},
 booktitle = {Proceedings of the 2017 ACM Conference on Computer Supported Cooperative Work and Social Computing},
 series = {CSCW '17},
 year = {2017},
 isbn = {978-1-4503-4335-0},
 location = {Portland, Oregon, USA},
 pages = {696--711},
 numpages = {16},
 url = {http://doi.acm.org/10.1145/2998181.2998338},
 doi = {10.1145/2998181.2998338},
 acmid = {2998338},
 publisher = {ACM},
 address = {New York, NY, USA},
 keywords = {cultural values, identity, inclusive design, islam, photo sharing, privacy, qatar, saudi arabia, self-presentation, social computing, social media},
}

@inproceedings{Ringland:2015:MSC:2675133.2675216,
 author = {Ringland, Kathryn E. and Wolf, Christine T. and Dombrowski, Lynn and Hayes, Gillian R.},
 title = {Making "Safe": Community-Centered Practices in a Virtual World Dedicated to Children with Autism},
 booktitle = {Proceedings of the 18th ACM Conference on Computer Supported Cooperative Work \&\#38; Social Computing},
 series = {CSCW '15},
 year = {2015},
 isbn = {978-1-4503-2922-4},
 location = {Vancouver, BC, Canada},
 pages = {1788--1800},
 numpages = {13},
 url = {http://doi.acm.org/10.1145/2675133.2675216},
 doi = {10.1145/2675133.2675216},
 acmid = {2675216},
 publisher = {ACM},
 address = {New York, NY, USA},
 keywords = {assistive technology, autism spectrum disorder, children, virtual worlds},
}

@article{Stewart:2017:DLC:3171581.3134920,
 author = {Stewart, Leo Graiden and Arif, Ahmer and Nied, A. Conrad and Spiro, Emma S. and Starbird, Kate},
 title = {Drawing the Lines of Contention: Networked Frame Contests Within \#BlackLivesMatter Discourse},
 journal = {Proc. ACM Hum.-Comput. Interact.},
 issue_date = {November 2017},
 volume = {1},
 number = {CSCW},
 month = dec,
 year = {2017},
 issn = {2573-0142},
 pages = {96:1--96:23},
 articleno = {96},
 numpages = {23},
 url = {http://doi.acm.org/10.1145/3134920},
 doi = {10.1145/3134920},
 acmid = {3134920},
 publisher = {ACM},
 address = {New York, NY, USA},
 keywords = {black lives matter, networked framing, networked gatekeeping, online activism, social media, twitter},
}

@inproceedings{Huang:2018:ADE:3183713.3196889,
 author = {Huang, Zhipeng and He, Yeye},
 title = {Auto-Detect: Data-Driven Error Detection in Tables},
 booktitle = {Proceedings of the 2018 International Conference on Management of Data},
 series = {SIGMOD '18},
 year = {2018},
 isbn = {978-1-4503-4703-7},
 location = {Houston, TX, USA},
 pages = {1377--1392},
 numpages = {16},
 url = {http://doi.acm.org/10.1145/3183713.3196889},
 doi = {10.1145/3183713.3196889},
 acmid = {3196889},
 publisher = {ACM},
 address = {New York, NY, USA},
 keywords = {data cleaning, data-driven error detection, outliers, table corpus},
}

@inproceedings{Ahmadi:2019:DOM:3328320.3328376,
 author = {Ahmadi, Michael and Weibert, Anne and Wenzelmann, Victoria and Aal, Konstantin and G\"{a}ckle, Kristian and Wulf, Volker and Marsden, Nicola},
 title = {Designing for Openness in Making: Lessons Learned from a Digital Project Week},
 booktitle = {Proceedings of the 9th International Conference on Communities \& Technologies - Transforming Communities},
 series = {C\&\#38;T '19},
 year = {2019},
 isbn = {978-1-4503-7162-9},
 location = {Vienna, Austria},
 pages = {160--171},
 numpages = {12},
 url = {http://doi.acm.org/10.1145/3328320.3328376},
 doi = {10.1145/3328320.3328376},
 acmid = {3328376},
 publisher = {ACM},
 address = {New York, NY, USA},
 keywords = {Community, DIY, Diversity, FabLab, Gender, Hacking, Maker Culture, Makerspace, Making, Openness},
}

@inproceedings{Spiel:2018:MPD:3210586.3210603,
 author = {Spiel, Katta and Brul{\'e}, Emeline and Frauenberger, Christopher and Bailly, Gilles and Fitzpatrick, Geraldine},
 title = {Micro-ethics for Participatory Design with Marginalised Children},
 booktitle = {Proceedings of the 15th Participatory Design Conference: Full Papers - Volume 1},
 series = {PDC '18},
 year = {2018},
 isbn = {978-1-4503-6371-6},
 location = {Hasselt and Genk, Belgium},
 pages = {17:1--17:12},
 articleno = {17},
 numpages = {12},
 url = {http://doi.acm.org/10.1145/3210586.3210603},
 doi = {10.1145/3210586.3210603},
 acmid = {3210603},
 publisher = {ACM},
 address = {New York, NY, USA},
 keywords = {children, ethics, marginalisation, participatory research},
}

@inproceedings{Himmelsbach:2019:WCD:3290605.3300720,
 author = {Himmelsbach, Julia and Schwarz, Stephanie and Gerdenitsch, Cornelia and Wais-Zechmann, Beatrix and Bobeth, Jan and Tscheligi, Manfred},
 title = {Do We Care About Diversity in Human Computer Interaction: A Comprehensive Content Analysis on Diversity Dimensions in Research},
 booktitle = {Proceedings of the 2019 CHI Conference on Human Factors in Computing Systems},
 series = {CHI '19},
 year = {2019},
 isbn = {978-1-4503-5970-2},
 location = {Glasgow, Scotland Uk},
 pages = {490:1--490:16},
 articleno = {490},
 numpages = {16},
 url = {http://doi.acm.org/10.1145/3290605.3300720},
 doi = {10.1145/3290605.3300720},
 acmid = {3300720},
 publisher = {ACM},
 address = {New York, NY, USA},
 keywords = {considerations of users, critical diversity studies, diversity dimensions, diversity-sensitive research, hci research, study participants},
}

@inproceedings{Velghe:2013:LAI:2516604.2516615,
 author = {Velghe, Fie},
 title = {Literacy Acquisition, Informal Learning and Mobile Phones in a South African Township},
 booktitle = {Proceedings of the Sixth International Conference on Information and Communication Technologies and Development: Full Papers - Volume 1},
 series = {ICTD '13},
 year = {2013},
 isbn = {978-1-4503-1906-5},
 location = {Cape Town, South Africa},
 pages = {89--99},
 numpages = {11},
 url = {http://doi.acm.org/10.1145/2516604.2516615},
 doi = {10.1145/2516604.2516615},
 acmid = {2516615},
 publisher = {ACM},
 address = {New York, NY, USA},
 keywords = {South Africa, communities of practice, informal learning, literacy acquisition, mobile phones, voice},
}

@article{Riecke:2009:MSE:1498700.1498701,
 author = {Riecke, Bernhard E. and V\"{a}ljam\"{a}e, Aleksander and Schulte-Pelkum, J\"{o}rg},
 title = {Moving Sounds Enhance the Visually-induced Self-motion Illusion (Circular Vection) in Virtual Reality},
 journal = {ACM Trans. Appl. Percept.},
 issue_date = {February 2009},
 volume = {6},
 number = {2},
 month = mar,
 year = {2009},
 issn = {1544-3558},
 pages = {7:1--7:27},
 articleno = {7},
 numpages = {27},
 url = {http://doi.acm.org/10.1145/1498700.1498701},
 doi = {10.1145/1498700.1498701},
 acmid = {1498701},
 publisher = {ACM},
 address = {New York, NY, USA},
 keywords = {Audiovisual interactions, presence, psychophysics, self-motion simulation, spatial sound, vection, virtual reality},
}

@inproceedings{McNaney:2017:DCE:3025453.3025558,
 author = {McNaney, Roisin and Vines, John and Mercer, Jamie and Mexter, Leon and Welsh, Daniel and Young, Tony},
 title = {DemYouth: Co-Designing and Enacting Tools to Support Young People's Engagement with People with Dementia},
 booktitle = {Proceedings of the 2017 CHI Conference on Human Factors in Computing Systems},
 series = {CHI '17},
 year = {2017},
 isbn = {978-1-4503-4655-9},
 location = {Denver, Colorado, USA},
 pages = {1313--1325},
 numpages = {13},
 url = {http://doi.acm.org/10.1145/3025453.3025558},
 doi = {10.1145/3025453.3025558},
 acmid = {3025558},
 publisher = {ACM},
 address = {New York, NY, USA},
 keywords = {co-design, dementia, mobile applications, young people},
}

@article{Duncan:1968:ABN:1139560.1139562,
 author = {Duncan, F. G.},
 title = {ALGOL Bulletin No. 27},
 journal = {SIGPLAN Not.},
 issue_date = {September 1968},
 volume = {3},
 number = {9},
 month = sep,
 year = {1968},
 issn = {0362-1340},
 pages = {1--65},
 numpages = {65},
 url = {http://doi.acm.org/10.1145/1139560.1139562},
 doi = {10.1145/1139560.1139562},
 acmid = {1139562},
 publisher = {ACM},
 address = {New York, NY, USA},
}

@inproceedings{2007:DPG:1281500.1281584,
 title = {Direct3D 10 Programming Guide Excerpts},
 booktitle = {ACM SIGGRAPH 2007 Courses},
 series = {SIGGRAPH '07},
 year = {2007},
 isbn = {978-1-4503-1823-5},
 location = {San Diego, California},
 pages = {369--446},
 numpages = {78},
 url = {http://doi.acm.org/10.1145/1281500.1281584},
 doi = {10.1145/1281500.1281584},
 acmid = {1281584},
 publisher = {ACM},
 address = {New York, NY, USA},
key = {{$\!\!$}} ,
}

@article{Ghoshal:2019:RSC:3328720.3318140,
 author = {Ghoshal, Sucheta and Bruckman, Amy},
 title = {The Role of Social Computing Technologies in Grassroots Movement Building},
 journal = {ACM Trans. Comput.-Hum. Interact.},
 issue_date = {June 2019},
 volume = {26},
 number = {3},
 month = jun,
 year = {2019},
 issn = {1073-0516},
 pages = {18:1--18:36},
 articleno = {18},
 numpages = {36},
 url = {http://doi.acm.org/10.1145/3318140},
 doi = {10.1145/3318140},
 acmid = {3318140},
 publisher = {ACM},
 address = {New York, NY, USA},
 keywords = {Grassroots social movements, sociotechnical systems, value-sensitive design},
}

@article{Seering:2018:ASI:3290265.3274771,
 author = {Seering, Joseph and Ng, Felicia and Yao, Zheng and Kaufman, Geoff},
 title = {Applications of Social Identity Theory to Research and Design in Computer-Supported Cooperative Work},
 journal = {Proc. ACM Hum.-Comput. Interact.},
 issue_date = {November 2018},
 volume = {2},
 number = {CSCW},
 month = nov,
 year = {2018},
 issn = {2573-0142},
 pages = {201:1--201:34},
 articleno = {201},
 numpages = {34},
 url = {http://doi.acm.org/10.1145/3274771},
 doi = {10.1145/3274771},
 acmid = {3274771},
 publisher = {ACM},
 address = {New York, NY, USA},
 keywords = {collaboration, group conflict, leadership, self-categorization theory, self-presentation, social identity theory, social support},
}

@inproceedings{Korhonen:2013:RDS:2543882.2543886,
 author = {Korhonen, Ari and Naps, Thomas and Boisvert, Charles and Crescenzi, Pilu and Karavirta, Ville and Mannila, Linda and Miller, Bradley and Morrison, Briana and Rodger, Susan H. and Ross, Rocky and Shaffer, Clifford A.},
 title = {Requirements and Design Strategies for Open Source Interactive Computer Science eBooks},
 booktitle = {Proceedings of the ITiCSE Working Group Reports Conference on Innovation and Technology in Computer Science Education-working Group Reports},
 series = {ITiCSE -WGR '13},
 year = {2013},
 isbn = {978-1-4503-2665-0},
 location = {Canterbury, England, United Kingdom},
 pages = {53--72},
 numpages = {20},
 url = {http://doi.acm.org/10.1145/2543882.2543886},
 doi = {10.1145/2543882.2543886},
 acmid = {2543886},
 publisher = {ACM},
 address = {New York, NY, USA},
 keywords = {algorithm visualization, automated assessment, digital education, hypertext, interactive eBook},
}

@article{Neustaedter:2018:WSD:3300063.3243213,
 author = {Neustaedter, Carman and Singhal, Samarth and Pan, Rui and Heshmat, Yasamin and Forghani, Azadeh and Tang, John},
 title = {From Being There to Watching: Shared and Dedicated Telepresence Robot Usage at Academic Conferences},
 journal = {ACM Trans. Comput.-Hum. Interact.},
 issue_date = {December 2018},
 volume = {25},
 number = {6},
 month = dec,
 year = {2018},
 issn = {1073-0516},
 pages = {33:1--33:39},
 articleno = {33},
 numpages = {39},
 url = {http://doi.acm.org/10.1145/3243213},
 doi = {10.1145/3243213},
 acmid = {3243213},
 publisher = {ACM},
 address = {New York, NY, USA},
 keywords = {Telepresence robots, academic conferences, appearance, communication, identity, social norms, video conferencing},
}

@Article{1968:1061098,
 journal = {ALGOL Bull.},
 year = {1968},
 issn = {0084-6198},
 number = {27},
 issue_date = {Feb. 1968},
 publisher = {Computer History Museum},
 address = {Mountain View, CA, United States},
key = {{$\!\!$}} ,
}

@article{Lester:1997:DEE:972684.972688,
 author = {Lester, James C. and Porter, Bruce W.},
 title = {Developing and Empirically Evaluating Robust Explanation Generators: The KNIGHT Experiments},
 journal = {Comput. Linguist.},
 issue_date = {March 1997},
 volume = {23},
 number = {1},
 month = mar,
 year = {1997},
 issn = {0891-2017},
 pages = {65--101},
 numpages = {37},
 url = {http://dl.acm.org/citation.cfm?id=972684.972688},
 acmid = {972688},
 publisher = {MIT Press},
 address = {Cambridge, MA, USA},
}

@article{Batory:1985:MSA:4879.5392,
 author = {Batory, D. S.},
 title = {Modeling the Storage Architectures of Commercial Database Systems},
 journal = {ACM Trans. Database Syst.},
 issue_date = {Dec. 1985},
 volume = {10},
 number = {4},
 month = dec,
 year = {1985},
 issn = {0362-5915},
 pages = {463--528},
 numpages = {66},
 url = {http://doi.acm.org/10.1145/4879.5392},
 doi = {10.1145/4879.5392},
 acmid = {5392},
 publisher = {ACM},
 address = {New York, NY, USA},
}

@article{RoBling:2008:ELM:1473195.1473239,
 author = {R\"{o}\ssling, Guido and Joy, Mike and Moreno, Andr{\'e}s and Radenski, Atanas and Malmi, Lauri and Kerren, Andreas and Naps, Thomas and Ross, Rockford J. and Clancy, Michael and Korhonen, Ari and Oechsle, Rainer and Iturbide, J. \'{A}ngel Vel\'{a}zquez},
 title = {Enhancing Learning Management Systems to Better Support Computer Science Education},
 journal = {SIGCSE Bull.},
 issue_date = {December 2008},
 volume = {40},
 number = {4},
 month = nov,
 year = {2008},
 issn = {0097-8418},
 pages = {142--166},
 numpages = {25},
 url = {http://doi.acm.org/10.1145/1473195.1473239},
 doi = {10.1145/1473195.1473239},
 acmid = {1473239},
 publisher = {ACM},
 address = {New York, NY, USA},
 keywords = {CALMS, LMS, computer science education, computing augmented learning management system, learning management system},
}

@article{Jha:2019:DFS:3323874.3302258,
 author = {Jha, Sagar and Behrens, Jonathan and Gkountouvas, Theo and Milano, Matthew and Song, Weijia and Tremel, Edward and Renesse, Robbert Van and Zink, Sydney and Birman, Kenneth P.},
 title = {Derecho: Fast State Machine Replication for Cloud Services},
 journal = {ACM Trans. Comput. Syst.},
 issue_date = {April 2019},
 volume = {36},
 number = {2},
 month = apr,
 year = {2019},
 issn = {0734-2071},
 pages = {4:1--4:49},
 articleno = {4},
 numpages = {49},
 url = {http://doi.acm.org/10.1145/3302258},
 doi = {10.1145/3302258},
 acmid = {3302258},
 publisher = {ACM},
 address = {New York, NY, USA},
 keywords = {Cloud computing, RDMA, consistency, non-volatile memory, replication},
}

@proceedings{Alphonce:2016:2839509,
 title = {SIGCSE '16: Proceedings of the 47th ACM Technical Symposium on Computing Science Education},
 year = {2016},
 isbn = {978-1-4503-3685-7},
 location = {Memphis, Tennessee, USA},
 publisher = {ACM},
 address = {New York, NY, USA},
}

