@article{Chi:2007:AT:1273961.1273967,
 author = {Chi, Tom and Cheng, Kevin},
 title = {Aging Technophiles},
 journal = {Interactions},
 issue_date = {July + August 2007},
 volume = {14},
 number = {4},
 month = jul,
 year = {2007},
 issn = {1072-5520},
 pages = {5--},
 url = {http://doi.acm.org/10.1145/1273961.1273967},
 doi = {10.1145/1273961.1273967},
 acmid = {1273967},
 publisher = {ACM},
 address = {New York, NY, USA},
}

@article{Swigger:1984:RPH:1044786.1044789,
 author = {Swigger, K. M.},
 title = {Review of "The Psychology of Human-Computer Interaction by Stuart K. Card, Thomas P. Moran and Alan Newell", Lawrence Erlbaum Associates, Hillsdale, NJ, 1983.},
 journal = {SIGCHI Bull.},
 issue_date = {April 1984},
 volume = {15},
 number = {4},
 month = apr,
 year = {1984},
 issn = {0736-6906},
 pages = {26--26},
 numpages = {1},
 url = {http://doi.acm.org/10.1145/1044786.1044789},
 doi = {10.1145/1044786.1044789},
 acmid = {1044789},
 publisher = {ACM},
 address = {New York, NY, USA},
}

@inproceedings{Wang:2019:ROP:3335484.3335535,
 author = {Wang, Yanyan and Zhang, Ruixue and Yin, Fulian},
 title = {Research on Online Publicity Effect Evaluation of Significant Subject},
 booktitle = {Proceedings of the 2019 4th International Conference on Big Data and Computing},
 series = {ICBDC 2019},
 year = {2019},
 isbn = {978-1-4503-6278-8},
 location = {Guangzhou, China},
 pages = {237--241},
 numpages = {5},
 url = {http://doi.acm.org/10.1145/3335484.3335535},
 doi = {10.1145/3335484.3335535},
 acmid = {3335535},
 publisher = {ACM},
 address = {New York, NY, USA},
 keywords = {Evaluation system, Media effects, Publicity, Weight method},
}

@inproceedings{Goel:2011:IAC:2069618.2069632,
 author = {Goel, Ashok K. and Vattam, Swaroop and Helms, Michael and Wiltgen, Bryan},
 title = {An Information-processing Account of Creative Analogies in Biologically Inspired Design},
 booktitle = {Proceedings of the 8th ACM Conference on Creativity and Cognition},
 series = {C\&\#38;C '11},
 year = {2011},
 isbn = {978-1-4503-0820-5},
 location = {Atlanta, Georgia, USA},
 pages = {71--80},
 numpages = {10},
 url = {http://doi.acm.org/10.1145/2069618.2069632},
 doi = {10.1145/2069618.2069632},
 acmid = {2069632},
 publisher = {ACM},
 address = {New York, NY, USA},
 keywords = {analogy, biologically inspired design, biomimetics, creativity, innovation, task analysis, task models},
}

@article{Cooper:2005:IPM:1047070.1047074,
 author = {Cooper, Randolph B. and Wolfe, Richard A.},
 title = {Information Processing Model of Information Technology Adaptation: An Intra-organizational Diffusion Perspective},
 journal = {SIGMIS Database},
 issue_date = {Winter 2005},
 volume = {36},
 number = {1},
 month = feb,
 year = {2005},
 issn = {0095-0033},
 pages = {30--48},
 numpages = {19},
 url = {http://doi.acm.org/10.1145/1047070.1047074},
 doi = {10.1145/1047070.1047074},
 acmid = {1047074},
 publisher = {ACM},
 address = {New York, NY, USA},
 keywords = {IT implementation, imaging technology, information processing, innovation diffusion, media richness},
}

@inproceedings{Durrett:1997:IPA:353071.353207,
 author = {Durrett, John R. and Konana, Prabhudev C. and Whinston, Andrew B.},
 title = {An Information Processing Approach to the Coordination of Components in Distributed Software Systems},
 booktitle = {Proceedings of the Eighteenth International Conference on Information Systems},
 series = {ICIS '97},
 year = {1997},
 location = {Atlanta, Georgia, USA},
 pages = {449--450},
 numpages = {2},
 url = {http://dl.acm.org/citation.cfm?id=353071.353207},
 acmid = {353207},
 publisher = {Association for Information Systems},
 address = {Atlanta, GA, USA},
}

@article{Mirel:1997:ITI:250982.571814,
 author = {Mirel, Barbara},
 title = {Introduction to This Issue},
 journal = {SIGDOC Asterisk J. Comput. Doc.},
 issue_date = {Feb. 1997},
 volume = {21},
 number = {1},
 month = feb,
 year = {1997},
 issn = {0731-1001},
 pages = {1--2},
 numpages = {2},
 url = {http://doi.acm.org/10.1145/250982.571814},
 doi = {10.1145/250982.571814},
 acmid = {571814},
 publisher = {ACM},
 address = {New York, NY, USA},
}

@article{Leidner:2005:EDI:1047070.1047071,
 editor = {Leidner, Dorothy and Chin, Wynne W.},
 title = {From the Editors},
 journal = {SIGMIS Database},
 issue_date = {Winter 2005},
 volume = {36},
 number = {1},
 month = feb,
 year = {2005},
 issn = {0095-0033},
 pages = {4--4},
 numpages = {1},
 url = {http://doi.acm.org/10.1145/1047070.1047071},
 doi = {10.1145/1047070.1047071},
 acmid = {1047071},
 publisher = {ACM},
 address = {New York, NY, USA},
}

@inproceedings{Chen:2007:EUL:1280720.1280899,
 author = {Chen, Jian and Forsberg, Andrew and Kostandov, Mykhaylo and Willis, David and Laidlaw, David H.},
 title = {The Effect of Using Large, High-resolution Stereoscopic Displays for Flow Visualization},
 booktitle = {ACM SIGGRAPH 2007 Posters},
 series = {SIGGRAPH '07},
 year = {2007},
 isbn = {978-1-4503-1828-0},
 location = {San Diego, California},
 articleno = {165},
 url = {http://doi.acm.org/10.1145/1280720.1280899},
 doi = {10.1145/1280720.1280899},
 acmid = {1280899},
 publisher = {ACM},
 address = {New York, NY, USA},
}

@inproceedings{Newton:2005:AEA:1055973.1056000,
 author = {Newton, Sandra K. and Wingreen, Stephen C. and Blanton, J. Ellis},
 title = {Alternative Employment Arrangements Contribute to Organizational Citizenship and Innovative Work, or Not: Information Technology Professional's Psychological Contract Will Tell},
 booktitle = {Proceedings of the 2005 ACM SIGMIS CPR Conference on Computer Personnel Research},
 series = {SIGMIS CPR '05},
 year = {2005},
 isbn = {1-59593-011-6},
 location = {Atlanta, Georgia, USA},
 pages = {62--66},
 numpages = {5},
 url = {http://doi.acm.org/10.1145/1055973.1056000},
 doi = {10.1145/1055973.1056000},
 acmid = {1056000},
 publisher = {ACM},
 address = {New York, NY, USA},
 keywords = {IT professional, alternative employment arrangements, organizational citizenship behavior, psychological contracts, social information processing theory},
}

@inproceedings{Lau:2017:TSL:3027385.3027443,
 author = {Lau, Clarissa and Sinclair, Jeanne and Taub, Michelle and Azevedo, Roger and Jang, Eunice Eunhee},
 title = {Transitioning Self-regulated Learning Profiles in Hypermedia-learning Environments},
 booktitle = {Proceedings of the Seventh International Learning Analytics \&\#38; Knowledge Conference},
 series = {LAK '17},
 year = {2017},
 isbn = {978-1-4503-4870-6},
 location = {Vancouver, British Columbia, Canada},
 pages = {198--202},
 numpages = {5},
 url = {http://doi.acm.org/10.1145/3027385.3027443},
 doi = {10.1145/3027385.3027443},
 acmid = {3027443},
 publisher = {ACM},
 address = {New York, NY, USA},
 keywords = {information-processing theory, latent transition analysis, metacognition, metamemory, self-regulated learning},
}

@inproceedings{Chang:2018:MEW:3176349.3176355,
 author = {Chang, Yung-Sheng},
 title = {The Moderator Effect of Working Memory and Emotion on the Relationship Between Information Overload and Online Health Information Quality Judgment},
 booktitle = {Proceedings of the 2018 Conference on Human Information Interaction \& Retrieval},
 series = {CHIIR '18},
 year = {2018},
 isbn = {978-1-4503-4925-3},
 location = {New Brunswick, NJ, USA},
 pages = {345--347},
 numpages = {3},
 url = {http://doi.acm.org/10.1145/3176349.3176355},
 doi = {10.1145/3176349.3176355},
 acmid = {3176355},
 publisher = {ACM},
 address = {New York, NY, USA},
 keywords = {health information, information overload, information processing theory, quality judgment., working memory},
}

@article{Kassler:1962:DMS:366920.366985,
 author = {Kassler, Michael},
 title = {Decision of a Musical System},
 journal = {Commun. ACM},
 issue_date = {April 1962},
 volume = {5},
 number = {4},
 month = apr,
 year = {1962},
 issn = {0001-0782},
 pages = {223--},
 url = {http://doi.acm.org/10.1145/366920.366985},
 doi = {10.1145/366920.366985},
 acmid = {366985},
 publisher = {ACM},
 address = {New York, NY, USA},
 keywords = {decision theory, linguistic analysis, music theory},
}

@article{Doyle:1962:ACW:366920.366986,
 author = {Doyle, Lauren B.},
 title = {Associated Characteristics of Words in Text},
 journal = {Commun. ACM},
 issue_date = {April 1962},
 volume = {5},
 number = {4},
 month = apr,
 year = {1962},
 issn = {0001-0782},
 pages = {223--},
 url = {http://doi.acm.org/10.1145/366920.366986},
 doi = {10.1145/366920.366986},
 acmid = {366986},
 publisher = {ACM},
 address = {New York, NY, USA},
 keywords = {analyses, automatic indexing, information retrieval, natural language, organization of information},
}

@article{Feigenbaum:1962:SHV:366920.366988,
 author = {Feigenbaum, Edward A. and Simon, Herbert A.},
 title = {Simulation of Human Verbal Learning Behavior},
 journal = {Commun. ACM},
 issue_date = {April 1962},
 volume = {5},
 number = {4},
 month = apr,
 year = {1962},
 issn = {0001-0782},
 pages = {223--},
 url = {http://doi.acm.org/10.1145/366920.366988},
 doi = {10.1145/366920.366988},
 acmid = {366988},
 publisher = {ACM},
 address = {New York, NY, USA},
 keywords = {artificial intelligence, cognitive processes, computer simulation, human learning, list-processing applications, models of mental processes},
}

@inproceedings{Hancock:2007:EET:1240624.1240764,
 author = {Hancock, Jeffrey T. and Landrigan, Christopher and Silver, Courtney},
 title = {Expressing Emotion in Text-based Communication},
 booktitle = {Proceedings of the SIGCHI Conference on Human Factors in Computing Systems},
 series = {CHI '07},
 year = {2007},
 isbn = {978-1-59593-593-9},
 location = {San Jose, California, USA},
 pages = {929--932},
 numpages = {4},
 url = {http://doi.acm.org/10.1145/1240624.1240764},
 doi = {10.1145/1240624.1240764},
 acmid = {1240764},
 publisher = {ACM},
 address = {New York, NY, USA},
 keywords = {affect, computer-mediated communication, emotion, linguistic},
}

@article{Jain:2003:AMR:957758.957765,
 author = {Jain, Hemant and Vitharana, Padmal and Zahedi, Fatemah "Mariam"},
 title = {An Assessment Model for Requirements Identification in Component-based Software Development},
 journal = {SIGMIS Database},
 issue_date = {Fall 2003},
 volume = {34},
 number = {4},
 month = nov,
 year = {2003},
 issn = {0095-0033},
 pages = {48--63},
 numpages = {16},
 url = {http://doi.acm.org/10.1145/957758.957765},
 doi = {10.1145/957758.957765},
 acmid = {957765},
 publisher = {ACM},
 address = {New York, NY, USA},
 keywords = {component-based software development, information processing theory, requirements analysis},
}

@inproceedings{Pirzadeh:2012:EEI:2141512.2141577,
 author = {Pirzadeh, Afarin and Pfaff, Mark S.},
 title = {Expression of Emotion in IM},
 booktitle = {Proceedings of the ACM 2012 Conference on Computer Supported Cooperative Work Companion},
 series = {CSCW '12},
 year = {2012},
 isbn = {978-1-4503-1051-2},
 location = {Seattle, Washington, USA},
 pages = {199--202},
 numpages = {4},
 url = {http://doi.acm.org/10.1145/2141512.2141577},
 doi = {10.1145/2141512.2141577},
 acmid = {2141577},
 publisher = {ACM},
 address = {New York, NY, USA},
 keywords = {computer-mediated communication (cmc), emotional message cue, instant messaging (im), lens model, personality traits},
}

@article{Lindenberg:2001:NUA:569320.569324,
 author = {Lindenberg, J. and Neerincx, M. A.},
 title = {The Need for a 'Universal Accessibility' Engineering Tool},
 journal = {SIGCAPH Comput. Phys. Handicap.},
 issue_date = {January 2001},
 number = {69},
 month = jan,
 year = {2001},
 issn = {0163-5727},
 pages = {14--17},
 numpages = {4},
 url = {http://doi.acm.org/10.1145/569320.569324},
 doi = {10.1145/569320.569324},
 acmid = {569324},
 publisher = {ACM},
 address = {New York, NY, USA},
}

@inproceedings{Moraveji:2010:SMG:1854509.1854552,
 author = {Moraveji, Neema},
 title = {Supporting and Measuring Global Information Literacy Through Cross-cultural Studies of Web Search},
 booktitle = {Proceedings of the 9th International Conference of the Learning Sciences - Volume 2},
 series = {ICLS '10},
 year = {2010},
 location = {Chicago, Illinois},
 pages = {104--105},
 numpages = {2},
 url = {http://dl.acm.org/citation.cfm?id=1854509.1854552},
 acmid = {1854552},
 publisher = {International Society of the Learning Sciences},
}

@article{Arnowitz:2007:HHC:1273961.1273965,
 author = {Arnowitz, Jonathan},
 title = {HCI and the Human Condition},
 journal = {Interactions},
 issue_date = {July + August 2007},
 volume = {14},
 number = {4},
 month = jul,
 year = {2007},
 issn = {1072-5520},
 pages = {5--7},
 numpages = {3},
 url = {http://doi.acm.org/10.1145/1273961.1273965},
 doi = {10.1145/1273961.1273965},
 acmid = {1273965},
 publisher = {ACM},
 address = {New York, NY, USA},
}

@inproceedings{Araki:2018:DHG:3180308.3180322,
 author = {Araki, Hayato and Ikeda, Taichi and Ozawa, Takumi and Kawahara, Kenta and Kawai, Yasuo},
 title = {Development of a Horror Game That Route Branches by the Player's Pulse Rate},
 booktitle = {Proceedings of the 23rd International Conference on Intelligent User Interfaces Companion},
 series = {IUI '18 Companion},
 year = {2018},
 isbn = {978-1-4503-5571-1},
 location = {Tokyo, Japan},
 pages = {14:1--14:2},
 articleno = {14},
 numpages = {2},
 url = {http://doi.acm.org/10.1145/3180308.3180322},
 doi = {10.1145/3180308.3180322},
 acmid = {3180322},
 publisher = {ACM},
 address = {New York, NY, USA},
 keywords = {Body Reaction, Fear, Game Engine, Horror, Pulse Rates},
}

@inproceedings{Simon:1961:MHM:1460690.1460703,
 author = {Simon, Herbert A.},
 title = {Modeling Human Mental Processes},
 booktitle = {Papers Presented at the May 9-11, 1961, Western Joint IRE-AIEE-ACM Computer Conference},
 series = {IRE-AIEE-ACM '61 (Western)},
 year = {1961},
 location = {Los Angeles, California},
 pages = {111--119},
 numpages = {9},
 url = {http://doi.acm.org/10.1145/1460690.1460703},
 doi = {10.1145/1460690.1460703},
 acmid = {1460703},
 publisher = {ACM},
 address = {New York, NY, USA},
}

@inproceedings{Feigenbaum:1961:FAM:800029.808503,
 author = {Feigenbaum, Edward A. and Simon, Herbert A.},
 title = {Forgetting in an Association Memory},
 booktitle = {Proceedings of the 1961 16th ACM National Meeting},
 series = {ACM '61},
 year = {1961},
 pages = {23.201--23.204},
 numpages = {1.003},
 url = {http://doi.acm.org/10.1145/800029.808503},
 doi = {10.1145/800029.808503},
 acmid = {808503},
 publisher = {ACM},
 address = {New York, NY, USA},
}

@inproceedings{Kaptelinin:2003:PHS:765891.765933,
 author = {Kaptelinin, Victor and Nardi, Bonnie and B{\o}dker, Susanne and Carroll, John and Hollan, Jim and Hutchins, Edwin and Winograd, Terry},
 title = {Post-cognitivist HCI: Second-wave Theories},
 booktitle = {CHI '03 Extended Abstracts on Human Factors in Computing Systems},
 series = {CHI EA '03},
 year = {2003},
 isbn = {1-58113-637-4},
 location = {Ft. Lauderdale, Florida, USA},
 pages = {692--693},
 numpages = {2},
 url = {http://doi.acm.org/10.1145/765891.765933},
 doi = {10.1145/765891.765933},
 acmid = {765933},
 publisher = {ACM},
 address = {New York, NY, USA},
 keywords = {HCI theories, activity theory, cognitive approach, distributed cognition, language/action},
}

@inproceedings{Vatrapu:2010:CII:1854509.1854553,
 author = {Vatrapu, Ravi},
 title = {Comparative Informatics: Investigating Cultural and Linguistic Influences in Computer Supported Collaborative Learning},
 booktitle = {Proceedings of the 9th International Conference of the Learning Sciences - Volume 2},
 series = {ICLS '10},
 year = {2010},
 location = {Chicago, Illinois},
 pages = {105--106},
 numpages = {2},
 url = {http://dl.acm.org/citation.cfm?id=1854509.1854553},
 acmid = {1854553},
 publisher = {International Society of the Learning Sciences},
}

@inproceedings{Neri:2004:RSC:1018411.1018979,
 author = {Neri, Filippo},
 title = {Representing and Simulating Consumers' Behavior in an Information Sensitive Market Place},
 booktitle = {Proceedings of the Third International Joint Conference on Autonomous Agents and Multiagent Systems - Volume 3},
 series = {AAMAS '04},
 year = {2004},
 isbn = {1-58113-864-4},
 location = {New York, New York},
 pages = {1448--1449},
 numpages = {2},
 url = {http://dx.doi.org/10.1109/AAMAS.2004.231},
 doi = {10.1109/AAMAS.2004.231},
 acmid = {1018979},
 publisher = {IEEE Computer Society},
 address = {Washington, DC, USA},
}

@article{Muller:2011:SSA:1953048.2078203,
 author = {M\"{u}ller, Jan Saputra and B\"{u}nau, Paul von and Meinecke, Frank C. and Kir\'{a}ly, Franz J. and M\"{u}ller, Klaus-Robert},
 title = {The Stationary Subspace Analysis Toolbox},
 journal = {J. Mach. Learn. Res.},
 issue_date = {2/1/2011},
 volume = {12},
 month = nov,
 year = {2011},
 issn = {1532-4435},
 pages = {3065--3069},
 numpages = {5},
 url = {http://dl.acm.org/citation.cfm?id=1953048.2078203},
 acmid = {2078203},
 publisher = {JMLR.org},
}

@inproceedings{Wang:2018:UMM:3291078.3291121,
 author = {Wang, Xiaojun and Dost\'{a}l, Jir\'{\i}},
 title = {Using a Mind Map to Learn English Vocabulary},
 booktitle = {Proceedings of the 2018 2Nd International Conference on Education and E-Learning},
 series = {ICEEL 2018},
 year = {2018},
 isbn = {978-1-4503-6577-2},
 location = {Bali, Indonesia},
 pages = {150--153},
 numpages = {4},
 url = {http://doi.acm.org/10.1145/3291078.3291121},
 doi = {10.1145/3291078.3291121},
 acmid = {3291121},
 publisher = {ACM},
 address = {New York, NY, USA},
 keywords = {English, Mind Map, vocabulary},
}

@inproceedings{Gill:2008:ERS:1357054.1357229,
 author = {Gill, Alastair J. and Gergle, Darren and French, Robert M. and Oberlander, Jon},
 title = {Emotion Rating from Short Blog Texts},
 booktitle = {Proceedings of the SIGCHI Conference on Human Factors in Computing Systems},
 series = {CHI '08},
 year = {2008},
 isbn = {978-1-60558-011-1},
 location = {Florence, Italy},
 pages = {1121--1124},
 numpages = {4},
 url = {http://doi.acm.org/10.1145/1357054.1357229},
 doi = {10.1145/1357054.1357229},
 acmid = {1357229},
 publisher = {ACM},
 address = {New York, NY, USA},
 keywords = {affect, computer-mediated communication, emotion, language},
}

@inproceedings{Ataguba:2018:MLR:3202185.3210801,
 author = {Ataguba, Grace},
 title = {Maintaining Long-distance Relationships with Children: Exploring Autobiographical Designs and Life Logging},
 booktitle = {Proceedings of the 17th ACM Conference on Interaction Design and Children},
 series = {IDC '18},
 year = {2018},
 isbn = {978-1-4503-5152-2},
 location = {Trondheim, Norway},
 pages = {693--698},
 numpages = {6},
 url = {http://doi.acm.org/10.1145/3202185.3210801},
 doi = {10.1145/3202185.3210801},
 acmid = {3210801},
 publisher = {ACM},
 address = {New York, NY, USA},
 keywords = {autobiographical memories, life logs, long-distance, parent-children},
}

@inproceedings{Jain:2016:ICM:2957265.2961862,
 author = {Jain, Minal and Seshagiri, Sarita and Chopra, Simran},
 title = {How Do I Communicate My Emotions on SNS and IMs?},
 booktitle = {Proceedings of the 18th International Conference on Human-Computer Interaction with Mobile Devices and Services Adjunct},
 series = {MobileHCI '16},
 year = {2016},
 isbn = {978-1-4503-4413-5},
 location = {Florence, Italy},
 pages = {767--774},
 numpages = {8},
 url = {http://doi.acm.org/10.1145/2957265.2961862},
 doi = {10.1145/2957265.2961862},
 acmid = {2961862},
 publisher = {ACM},
 address = {New York, NY, USA},
 keywords = {IM, communication, emotion, social networks},
}

@article{Torenvliet:2003:WCA:838830.838857,
 author = {Torenvliet, Gerard},
 title = {We Can'T Afford It!: The Devaluation of a Usability Term},
 journal = {Interactions},
 issue_date = {July + August 2003},
 volume = {10},
 number = {4},
 month = jul,
 year = {2003},
 issn = {1072-5520},
 pages = {12--17},
 numpages = {6},
 url = {http://doi.acm.org/10.1145/838830.838857},
 doi = {10.1145/838830.838857},
 acmid = {838857},
 publisher = {ACM},
 address = {New York, NY, USA},
}

@inproceedings{Feigenbaum:1961:SVL:1460690.1460704,
 author = {Feigenbaum, E. A.},
 title = {The Simulation of Verbal Learning Behavior},
 booktitle = {Papers Presented at the May 9-11, 1961, Western Joint IRE-AIEE-ACM Computer Conference},
 series = {IRE-AIEE-ACM '61 (Western)},
 year = {1961},
 location = {Los Angeles, California},
 pages = {121--132},
 numpages = {12},
 url = {http://doi.acm.org/10.1145/1460690.1460704},
 doi = {10.1145/1460690.1460704},
 acmid = {1460704},
 publisher = {ACM},
 address = {New York, NY, USA},
}

@article{Guimaraes:1994:EUA:190650.190661,
 author = {Guimar\~{a}es, M\'{a}rio Andr{\'e} Mayerhofer and de Lucena, Carlos Jos{\'e} Pereira and Cavalcanti, Maur\'{\i}cio Roma},
 title = {Experience Using the ASA Algorithm Teaching System},
 journal = {SIGCSE Bull.},
 issue_date = {Dec. 1994},
 volume = {26},
 number = {4},
 month = dec,
 year = {1994},
 issn = {0097-8418},
 pages = {45--50},
 numpages = {6},
 url = {http://doi.acm.org/10.1145/190650.190661},
 doi = {10.1145/190650.190661},
 acmid = {190661},
 publisher = {ACM},
 address = {New York, NY, USA},
}

@inproceedings{Jensen:2014:DSI:2598510.2598560,
 author = {Jensen, Mads M{\o}ller and Rasmussen, Majken Kirkegaard and Gr{\o}nb{\ae}k, Kaj},
 title = {Design Sensitivities for Interactive Sport-training Games},
 booktitle = {Proceedings of the 2014 Conference on Designing Interactive Systems},
 series = {DIS '14},
 year = {2014},
 isbn = {978-1-4503-2902-6},
 location = {Vancouver, BC, Canada},
 pages = {685--694},
 numpages = {10},
 url = {http://doi.acm.org/10.1145/2598510.2598560},
 doi = {10.1145/2598510.2598560},
 acmid = {2598560},
 publisher = {ACM},
 address = {New York, NY, USA},
 keywords = {computer-supported physical games, digital training equipment, exergames, human-computer interaction, interactive sport-training games, serious games, sports},
}

@inproceedings{Wohn:2015:UPS:2702613.2732866,
 author = {Wohn, Donghee Yvette and Peng, Wei},
 title = {Understanding Perceived Social Support Through Communication Time, Frequency, and Media Multiplexity},
 booktitle = {Proceedings of the 33rd Annual ACM Conference Extended Abstracts on Human Factors in Computing Systems},
 series = {CHI EA '15},
 year = {2015},
 isbn = {978-1-4503-3146-3},
 location = {Seoul, Republic of Korea},
 pages = {1911--1916},
 numpages = {6},
 url = {http://doi.acm.org/10.1145/2702613.2732866},
 doi = {10.1145/2702613.2732866},
 acmid = {2732866},
 publisher = {ACM},
 address = {New York, NY, USA},
 keywords = {computer-mediated communication, friendship, media multiplexity, modality, social support},
}

@inproceedings{Koschmann:2002:DCF:1658616.1658618,
 author = {Koschmann, Timothy},
 title = {Dewey's Contribution to the Foundations of CSCL Research},
 booktitle = {Proceedings of the Conference on Computer Support for Collaborative Learning: Foundations for a CSCL Community},
 series = {CSCL '02},
 year = {2002},
 location = {Boulder, Colorado},
 pages = {17--22},
 numpages = {6},
 url = {http://dl.acm.org/citation.cfm?id=1658616.1658618},
 acmid = {1658618},
 publisher = {International Society of the Learning Sciences},
 keywords = {Deweyan inquiry, common ground, conceptual change, social interaction, theories of meaning},
}

@article{Cooper:2010:KCL:1839676.1839686,
 author = {Cooper, Stephen and P{\'e}rez, Lance C. and Rainey, Daphne},
 title = {K--12 Computational Learning},
 journal = {Commun. ACM},
 issue_date = {November 2010},
 volume = {53},
 number = {11},
 month = nov,
 year = {2010},
 issn = {0001-0782},
 pages = {27--29},
 numpages = {3},
 url = {http://doi.acm.org/10.1145/1839676.1839686},
 doi = {10.1145/1839676.1839686},
 acmid = {1839686},
 publisher = {ACM},
 address = {New York, NY, USA},
}

@inproceedings{Keen:1977:ICD:1499402.1499458,
 author = {Keen, Peter G. W.},
 title = {The Intelligence Cycle: A Differentiated Perspective on Information Processing},
 booktitle = {Proceedings of the June 13-16, 1977, National Computer Conference},
 series = {AFIPS '77},
 year = {1977},
 location = {Dallas, Texas},
 pages = {317--320},
 numpages = {4},
 url = {http://doi.acm.org/10.1145/1499402.1499458},
 doi = {10.1145/1499402.1499458},
 acmid = {1499458},
 publisher = {ACM},
 address = {New York, NY, USA},
}

@inproceedings{McDonald:1988:MRI:62402.62414,
 author = {McDonald, James E. and Vandenberg, Paul D. J. and Smartt, Melissa J.},
 title = {The Mirage Rapid Interface Prototyping System},
 booktitle = {Proceedings of the 1st Annual ACM SIGGRAPH Symposium on User Interface Software},
 series = {UIST '88},
 year = {1988},
 isbn = {0-89791-283-7},
 location = {Alberta, Canada},
 pages = {77--84},
 numpages = {8},
 url = {http://doi.acm.org/10.1145/62402.62414},
 doi = {10.1145/62402.62414},
 acmid = {62414},
 publisher = {ACM},
 address = {New York, NY, USA},
}

@inproceedings{Baloh:2009:TKN:1555619.1555646,
 author = {Baloh, Peter and Desouza, Kevin C},
 title = {Towards Knowledge Needs-technology Fit Model for Knowledge Management Systems},
 booktitle = {Proceedings of the 4th International Conference on Design Science Research in Information Systems and Technology},
 series = {DESRIST '09},
 year = {2009},
 isbn = {978-1-60558-408-9},
 location = {Philadelphia, Pennsylvania},
 pages = {20:1--20:12},
 articleno = {20},
 numpages = {12},
 url = {http://doi.acm.org/10.1145/1555619.1555646},
 doi = {10.1145/1555619.1555646},
 acmid = {1555646},
 publisher = {ACM},
 address = {New York, NY, USA},
 keywords = {design model, design science, knowledge management systems},
}

@inproceedings{Shin:1997:IIT:353071.353114,
 author = {Shin, Namchul},
 title = {The Impact of Information Technology on Coordination Costs: Implications for Firm Productivity},
 booktitle = {Proceedings of the Eighteenth International Conference on Information Systems},
 series = {ICIS '97},
 year = {1997},
 location = {Atlanta, Georgia, USA},
 pages = {133--146},
 numpages = {14},
 url = {http://dl.acm.org/citation.cfm?id=353071.353114},
 acmid = {353114},
 publisher = {Association for Information Systems},
 address = {Atlanta, GA, USA},
 keywords = {IS budgets, coordination costs, information processing, information technology, production function, productivity},
}

@inproceedings{Ripon:2011:UPS:2001576.2001670,
 author = {Ripon, Kazi Shah Nawaz and Khan, Kashif Nizam and Glette, Kyree and Hovin, Mats and Torresen, Jim},
 title = {Using Pareto-optimality for Solving Multi-objective Unequal Area Facility Layout Problem},
 booktitle = {Proceedings of the 13th Annual Conference on Genetic and Evolutionary Computation},
 series = {GECCO '11},
 year = {2011},
 isbn = {978-1-4503-0557-0},
 location = {Dublin, Ireland},
 pages = {681--688},
 numpages = {8},
 url = {http://doi.acm.org/10.1145/2001576.2001670},
 doi = {10.1145/2001576.2001670},
 acmid = {2001670},
 publisher = {ACM},
 address = {New York, NY, USA},
 keywords = {multi-objective optimization, pareto-optimal solutions, qualitative objective, quantitative objective, unequal area flp},
}

@inproceedings{Ahuja:1997:IPD:268820.268881,
 author = {Ahuja, Manju K. and Carley, Kathleen and Galletta, Dennis F.},
 title = {Individual Performance in Distributed Design Groups: An Empirical Study},
 booktitle = {Proceedings of the 1997 ACM SIGCPR Conference on Computer Personnel Research},
 series = {SIGCPR '97},
 year = {1997},
 isbn = {0-89791-904-1},
 location = {San Francisco, California, USA},
 pages = {160--170},
 numpages = {11},
 url = {http://doi.acm.org/10.1145/268820.268881},
 doi = {10.1145/268820.268881},
 acmid = {268881},
 publisher = {ACM},
 address = {New York, NY, USA},
}

@inproceedings{Bort:2015:ICC:2676723.2677308,
 author = {Bort, Heather and Czarnik, Mimi and Brylow, Dennis},
 title = {Introducing Computing Concepts to Non-Majors: A Case Study in Gothic Novels},
 booktitle = {Proceedings of the 46th ACM Technical Symposium on Computer Science Education},
 series = {SIGCSE '15},
 year = {2015},
 isbn = {978-1-4503-2966-8},
 location = {Kansas City, Missouri, USA},
 pages = {132--137},
 numpages = {6},
 url = {http://doi.acm.org/10.1145/2676723.2677308},
 doi = {10.1145/2676723.2677308},
 acmid = {2677308},
 publisher = {ACM},
 address = {New York, NY, USA},
 keywords = {computer science education, network analysis},
}

@inproceedings{Agafonova:2018:SRC:3196839.3196868,
 author = {Agafonova, Anna and Connolly, Cornelia and Marsden, Nicola},
 title = {Sexism in Remote Collaboration in Student Teams},
 booktitle = {Proceedings of the 4th Conference on Gender \& IT},
 series = {GenderIT '18},
 year = {2018},
 isbn = {978-1-4503-5346-5},
 location = {Heilbronn, Germany},
 pages = {183--189},
 numpages = {7},
 url = {http://doi.acm.org/10.1145/3196839.3196868},
 doi = {10.1145/3196839.3196868},
 acmid = {3196868},
 publisher = {ACM},
 address = {New York, NY, USA},
 keywords = {computer-mediated communication, gender, online teaching},
}

@inproceedings{Bazarova:2012:CCD:2145204.2145262,
 author = {Bazarova, Natalya N.},
 title = {Contents and Contexts: Disclosure Perceptions on Facebook},
 booktitle = {Proceedings of the ACM 2012 Conference on Computer Supported Cooperative Work},
 series = {CSCW '12},
 year = {2012},
 isbn = {978-1-4503-1086-4},
 location = {Seattle, Washington, USA},
 pages = {369--372},
 numpages = {4},
 url = {http://doi.acm.org/10.1145/2145204.2145262},
 doi = {10.1145/2145204.2145262},
 acmid = {2145262},
 publisher = {ACM},
 address = {New York, NY, USA},
 keywords = {disclosure, facebook, privacy, social networking sites},
}

@inproceedings{Ajmera:2012:ACC:2166966.2167017,
 author = {Ajmera, Jitendra and Deshmukh, Om D and Jain, Anupam and Nanavati, Amit Anil and Rajput, Nitendra and Srivastava, Saurabh},
 title = {Audio Cloud: Creation and Rendering},
 booktitle = {Proceedings of the 2012 ACM International Conference on Intelligent User Interfaces},
 series = {IUI '12},
 year = {2012},
 isbn = {978-1-4503-1048-2},
 location = {Lisbon, Portugal},
 pages = {277--280},
 numpages = {4},
 url = {http://doi.acm.org/10.1145/2166966.2167017},
 doi = {10.1145/2166966.2167017},
 acmid = {2167017},
 publisher = {ACM},
 address = {New York, NY, USA},
 keywords = {audio cloud, language independent, low-literate},
}

@article{Subramani:2003:KIO:953460.953514,
 author = {Subramani, Mani R. and Rajagopalan, Balaji},
 title = {Knowledge-sharing and Influence in Online Social Networks via Viral Marketing},
 journal = {Commun. ACM},
 issue_date = {December 2003},
 volume = {46},
 number = {12},
 month = dec,
 year = {2003},
 issn = {0001-0782},
 pages = {300--307},
 numpages = {8},
 url = {http://doi.acm.org/10.1145/953460.953514},
 doi = {10.1145/953460.953514},
 acmid = {953514},
 publisher = {ACM},
 address = {New York, NY, USA},
}

@inproceedings{Hancock:2008:ISY:1460563.1460611,
 author = {Hancock, Jeffrey T. and Gee, Kailyn and Ciaccio, Kevin and Lin, Jennifer Mae-Hwah},
 title = {I'm Sad You'Re Sad: Emotional Contagion in CMC},
 booktitle = {Proceedings of the 2008 ACM Conference on Computer Supported Cooperative Work},
 series = {CSCW '08},
 year = {2008},
 isbn = {978-1-60558-007-4},
 location = {San Diego, CA, USA},
 pages = {295--298},
 numpages = {4},
 url = {http://doi.acm.org/10.1145/1460563.1460611},
 doi = {10.1145/1460563.1460611},
 acmid = {1460611},
 publisher = {ACM},
 address = {New York, NY, USA},
 keywords = {affect, computer-mediated communication, emotion},
}

@inproceedings{Sandhu:2013:IK:2525194.2525286,
 author = {Sandhu, Amanjot Kaur and Bhardwaj, Kanika},
 title = {Interfaces for Kids},
 booktitle = {Proceedings of the 11th Asia Pacific Conference on Computer Human Interaction},
 series = {APCHI '13},
 year = {2013},
 isbn = {978-1-4503-2253-9},
 location = {Bangalore, India},
 pages = {160--166},
 numpages = {7},
 url = {http://doi.acm.org/10.1145/2525194.2525286},
 doi = {10.1145/2525194.2525286},
 acmid = {2525286},
 publisher = {ACM},
 address = {New York, NY, USA},
 keywords = {assistive technology, child healthcare, creating behaviors, hygiene issues, interface and interaction design for kids, learning techniques, preventive medicine, trends in user experience},
}

@inproceedings{Jiang:2017:UDI:3027063.3053139,
 author = {Jiang, Jialun "Aaron" and Brubaker, Jed R. and Fiesler, Casey},
 title = {Understanding Diverse Interpretations of Animated GIFs},
 booktitle = {Proceedings of the 2017 CHI Conference Extended Abstracts on Human Factors in Computing Systems},
 series = {CHI EA '17},
 year = {2017},
 isbn = {978-1-4503-4656-6},
 location = {Denver, Colorado, USA},
 pages = {1726--1732},
 numpages = {7},
 url = {http://doi.acm.org/10.1145/3027063.3053139},
 doi = {10.1145/3027063.3053139},
 acmid = {3053139},
 publisher = {ACM},
 address = {New York, NY, USA},
 keywords = {animated gifs, cmc, emotion, nonverbal communication, sentiment analysis},
}

@inproceedings{Lee:2018:EBC:3164541.3164626,
 author = {Lee, Naeun and Lee, Sangwon},
 title = {The Effect of Back-Channeling Cues on Motivation to Continue Human-Machine Textual Interaction},
 booktitle = {Proceedings of the 12th International Conference on Ubiquitous Information Management and Communication},
 series = {IMCOM '18},
 year = {2018},
 isbn = {978-1-4503-6385-3},
 location = {Langkawi, Malaysia},
 pages = {49:1--49:4},
 articleno = {49},
 numpages = {4},
 url = {http://doi.acm.org/10.1145/3164541.3164626},
 doi = {10.1145/3164541.3164626},
 acmid = {3164626},
 publisher = {ACM},
 address = {New York, NY, USA},
 keywords = {Conversational User Interface, Human-Machine Interaction (HMI), Text-based Communication, Turn-taking, back-channeling},
}

@inproceedings{DeHaemer:1991:VKH:111084.111100,
 author = {DeHaemer, Michael J.},
 title = {Vulcans, Klingons and Humans: The Relevance of Individual Differences for Information Systems Interfaces},
 booktitle = {Proceedings of the 1991 Conference on SIGCPR},
 series = {SIGCPR '91},
 year = {1991},
 isbn = {0-89791-389-2},
 location = {Athens, Georgia, USA},
 pages = {156--163},
 numpages = {8},
 url = {http://doi.acm.org/10.1145/111084.111100},
 doi = {10.1145/111084.111100},
 acmid = {111100},
 publisher = {ACM},
 address = {New York, NY, USA},
}

@inproceedings{Liao:2012:UEN:2207676.2208410,
 author = {Liao, Q. Vera and Wagner, Claudia and Pirolli, Peter and Fu, Wai-Tat},
 title = {Understanding Experts' and Novices' Expertise Judgment of Twitter Users},
 booktitle = {Proceedings of the SIGCHI Conference on Human Factors in Computing Systems},
 series = {CHI '12},
 year = {2012},
 isbn = {978-1-4503-1015-4},
 location = {Austin, Texas, USA},
 pages = {2461--2464},
 numpages = {4},
 url = {http://doi.acm.org/10.1145/2207676.2208410},
 doi = {10.1145/2207676.2208410},
 acmid = {2208410},
 publisher = {ACM},
 address = {New York, NY, USA},
 keywords = {expertise judgment, recommendation system, twitter},
}

@inproceedings{Cataldo:2009:EFM:1569136.1569153,
 author = {Cataldo, Marcelo and Herbsleb, James D.},
 title = {End-to-end Features As Meta-entities for Enabling Coordination in Geographically Distributed Software Development},
 booktitle = {Proceedings of the 2009 ICSE Workshop on Software Development Governance},
 series = {SDG '09},
 year = {2009},
 isbn = {978-1-4244-3736-8},
 pages = {21--26},
 numpages = {6},
 url = {https://doi.org/10.1109/SDG.2009.5071332},
 doi = {10.1109/SDG.2009.5071332},
 acmid = {1569153},
 publisher = {IEEE Computer Society},
 address = {Washington, DC, USA},
}

@inproceedings{Kim:2011:ESC:1979742.1979749,
 author = {Kim, Ki Joon and Sundar, S. Shyam and Park, Eunil},
 title = {The Effects of Screen-size and Communication Modality on Psychology of Mobile Device Users},
 booktitle = {CHI '11 Extended Abstracts on Human Factors in Computing Systems},
 series = {CHI EA '11},
 year = {2011},
 isbn = {978-1-4503-0268-5},
 location = {Vancouver, BC, Canada},
 pages = {1207--1212},
 numpages = {6},
 url = {http://doi.acm.org/10.1145/1979742.1979749},
 doi = {10.1145/1979742.1979749},
 acmid = {1979749},
 publisher = {ACM},
 address = {New York, NY, USA},
 keywords = {attitude toward technology, communication modality, handheld mobile device, mobility, news perception, screen-size, tablet, user experience},
}

@inproceedings{Prieto:2018:CBC:3284179.3284350,
 author = {Prieto, Marta Cerezo and Ortega, Ricardo Rivero and Esteban, Francisco Javier Frutos},
 title = {How to Correct the Behavior of Citizens from Public Entities?: The Case of Nudges},
 booktitle = {Proceedings of the Sixth International Conference on Technological Ecosystems for Enhancing Multiculturality},
 series = {TEEM'18},
 year = {2018},
 isbn = {978-1-4503-6518-5},
 location = {Salamanca, Spain},
 pages = {1027--1031},
 numpages = {5},
 url = {http://doi.acm.org/10.1145/3284179.3284350},
 doi = {10.1145/3284179.3284350},
 acmid = {3284350},
 publisher = {ACM},
 address = {New York, NY, USA},
 keywords = {Nudge, communication strategy, public politic, sostenibility},
}

@inproceedings{Underwood:1996:PCO:1161135.1161215,
 author = {Underwood, Jody S.},
 title = {Predicting the Confusions That Occur in Letter Learning},
 booktitle = {Proceedings of the 1996 International Conference on Learning Sciences},
 series = {ICLS '96},
 year = {1996},
 isbn = {1-880094-23-1},
 location = {Evanston, Illinois},
 pages = {532--537},
 numpages = {6},
 url = {http://dl.acm.org/citation.cfm?id=1161135.1161215},
 acmid = {1161215},
 publisher = {International Society of the Learning Sciences},
}

@inproceedings{Farber:2007:CMA:1236246.1236304,
 author = {F\"{a}rber, Markus and Weggeman, Jens and Br\"{u}derlin, Beat and Blazic, Alexander},
 title = {A Conceptual Modeling Approach Actualizing the Pencil and Paper Metaphor},
 booktitle = {Proceedings of the 2007 ACM Symposium on Solid and Physical Modeling},
 series = {SPM '07},
 year = {2007},
 isbn = {978-1-59593-666-0},
 location = {Beijing, China},
 pages = {403--408},
 numpages = {6},
 url = {http://doi.acm.org/10.1145/1236246.1236304},
 doi = {10.1145/1236246.1236304},
 acmid = {1236304},
 publisher = {ACM},
 address = {New York, NY, USA},
 keywords = {conceptual modeling, interaction techniques, pen-based system, usability},
}

@inproceedings{Daungtod:2019:SFC:3306500.3306542,
 author = {Daungtod, Srisuda and Chaijareon, Sumalee},
 title = {A Synthesis Framework of Constructivist via Gamification-based Learning Environments Model to Enhance Self-regulation for Undergraduate Students},
 booktitle = {Proceedings of the 10th International Conference on E-Education, E-Business, E-Management and E-Learning},
 series = {IC4E '19},
 year = {2019},
 isbn = {978-1-4503-6602-1},
 location = {Tokyo, Japan},
 pages = {146--150},
 numpages = {5},
 url = {http://doi.acm.org/10.1145/3306500.3306542},
 doi = {10.1145/3306500.3306542},
 acmid = {3306542},
 publisher = {ACM},
 address = {New York, NY, USA},
 keywords = {constructivist learning environments, gamification, intrinsic motivation, self-regulation},
}

@inproceedings{Zheng:2006:CIM:1150034.1150161,
 author = {Zheng, Dongping and Young, Michael},
 title = {Comparing Instructional Methods for Teaching Technology in Education to Preservice Teachers Using Logistic Regression},
 booktitle = {Proceedings of the 7th International Conference on Learning Sciences},
 series = {ICLS '06},
 year = {2006},
 isbn = {0-8058-6174-2},
 location = {Bloomington, Indiana},
 pages = {873--879},
 numpages = {7},
 url = {http://dl.acm.org/citation.cfm?id=1150034.1150161},
 acmid = {1150161},
 publisher = {International Society of the Learning Sciences},
}

@inproceedings{Webster:1988:MCT:57216.57227,
 author = {Webster, J.},
 title = {Making Computer Tasks at Work More Playful: Implications for Systems Analysts and Designers},
 booktitle = {Proceedings of the ACM SIGCPR Conference on Management of Information Systems Personnel},
 series = {SIGCPR '88},
 year = {1988},
 isbn = {0-89791-262-4},
 location = {College park, Maryland, USA},
 pages = {78--87},
 numpages = {10},
 url = {http://doi.acm.org/10.1145/57216.57227},
 doi = {10.1145/57216.57227},
 acmid = {57227},
 publisher = {ACM},
 address = {New York, NY, USA},
}

@inproceedings{Duysburgh:2014:ESG:2531602.2531717,
 author = {Duysburgh, Pieter and Elprama, Shirley A. and Jacobs, An},
 title = {Exploring the Social-technological Gap in Telesurgery: Collaboration Within Distributed or Teams},
 booktitle = {Proceedings of the 17th ACM Conference on Computer Supported Cooperative Work \&\#38; Social Computing},
 series = {CSCW '14},
 year = {2014},
 isbn = {978-1-4503-2540-0},
 location = {Baltimore, Maryland, USA},
 pages = {1537--1548},
 numpages = {12},
 url = {http://doi.acm.org/10.1145/2531602.2531717},
 doi = {10.1145/2531602.2531717},
 acmid = {2531717},
 publisher = {ACM},
 address = {New York, NY, USA},
 keywords = {distributed teams, robot- assisted telesurgery, robot-assisted surgery, surgical teams., team work, telesurgery},
}

@inproceedings{Rubin:1988:MBS:57216.57225,
 author = {Rubin, H. I. and Hernandez, E. F.},
 title = {Motivations and Behaviors of Software Professionals},
 booktitle = {Proceedings of the ACM SIGCPR Conference on Management of Information Systems Personnel},
 series = {SIGCPR '88},
 year = {1988},
 isbn = {0-89791-262-4},
 location = {College park, Maryland, USA},
 pages = {62--71},
 numpages = {10},
 url = {http://doi.acm.org/10.1145/57216.57225},
 doi = {10.1145/57216.57225},
 acmid = {57225},
 publisher = {ACM},
 address = {New York, NY, USA},
}

@inproceedings{Brooks:2005:RES:1152399.1152425,
 author = {Brooks, A. and Petersson, E.},
 title = {Raw Emotional Signalling, via Expressive Behaviour},
 booktitle = {Proceedings of the 2005 International Conference on Augmented Tele-existence},
 series = {ICAT '05},
 year = {2005},
 isbn = {0-473-10657-4},
 location = {Christchurch, New Zealand},
 pages = {133--141},
 numpages = {9},
 url = {http://doi.acm.org/10.1145/1152399.1152425},
 doi = {10.1145/1152399.1152425},
 acmid = {1152425},
 publisher = {ACM},
 address = {New York, NY, USA},
 keywords = {disabled, flow, quality of life},
}

@inproceedings{Kim:2016:ISE:2903626.2903681,
 author = {Kim, Minjung and Yun, Jaeyoung},
 title = {Interaction-Enhancing Strategies for Educational Video},
 booktitle = {Proceedings of HCI Korea},
 series = {HCIK '16},
 year = {2016},
 isbn = {978-89-6848-791-0},
 location = {Jeongseon, Republic of Korea},
 pages = {356--363},
 numpages = {8},
 url = {https://doi.org/10.17210/hcik.2016.01.356},
 doi = {10.17210/hcik.2016.01.356},
 acmid = {2903681},
 publisher = {Hanbit Media, Inc.},
 address = {South Korea},
 keywords = {Educational video, distance learning, e-learning, instructional video, interaction, interactive multimedia, interactive video, interactivity},
}

@article{Liu:2018:REE:3290265.3274379,
 author = {Liu, Miki and Wong, Austin and Pudipeddi, Ruhi and Hou, Betty and Wang, David and Hsieh, Gary},
 title = {ReactionBot: Exploring the Effects of Expression-Triggered Emoji in Text Messages},
 journal = {Proc. ACM Hum.-Comput. Interact.},
 issue_date = {November 2018},
 volume = {2},
 number = {CSCW},
 month = nov,
 year = {2018},
 issn = {2573-0142},
 pages = {110:1--110:16},
 articleno = {110},
 numpages = {16},
 url = {http://doi.acm.org/10.1145/3274379},
 doi = {10.1145/3274379},
 acmid = {3274379},
 publisher = {ACM},
 address = {New York, NY, USA},
 keywords = {affect, computer-mediated communication, eomji},
}

@inproceedings{Hmelo-Silver:2006:ACL:1150034.1150233,
 author = {Hmelo-Silver, Cindy E.},
 title = {Analyzing Collaborative Learning: Multiple Approaches to Understanding Processes and Outcomes},
 booktitle = {Proceedings of the 7th International Conference on Learning Sciences},
 series = {ICLS '06},
 year = {2006},
 isbn = {0-8058-6174-2},
 location = {Bloomington, Indiana},
 pages = {1059--1065},
 numpages = {7},
 url = {http://dl.acm.org/citation.cfm?id=1150034.1150233},
 acmid = {1150233},
 publisher = {International Society of the Learning Sciences},
}

@inproceedings{Dong:2001:DPI:379437.379699,
 author = {Dong, Andy and Agogino, Alice M.},
 title = {Design Principles for the Information Architecture of a SMET Education Digital Library},
 booktitle = {Proceedings of the 1st ACM/IEEE-CS Joint Conference on Digital Libraries},
 series = {JCDL '01},
 year = {2001},
 isbn = {1-58113-345-6},
 location = {Roanoke, Virginia, USA},
 pages = {314--321},
 numpages = {8},
 url = {http://doi.acm.org/10.1145/379437.379699},
 doi = {10.1145/379437.379699},
 acmid = {379699},
 publisher = {ACM},
 address = {New York, NY, USA},
 keywords = {education, engineering, learning technology, mathematics, science, technology},
}

@inproceedings{Lacaze:2002:ADP:777005.777009,
 author = {Lacaze, Xavier and Palanque, Philippe and Navarre, David},
 title = {Analyse De Performance Et Mod{\'e}Les De T\^{A}Ches Comme Support \&\#x00E0; La Conception Rationnelle Des Syst\`{e}Mes Interactifs},
 booktitle = {Proceedings of the 14th Conference on L'Interaction Homme-Machine},
 series = {IHM '02},
 year = {2002},
 isbn = {1-58113-615-3},
 location = {Poitiers, France},
 pages = {17--24},
 numpages = {8},
 url = {http://doi.acm.org/10.1145/777005.777009},
 doi = {10.1145/777005.777009},
 acmid = {777009},
 publisher = {ACM},
 address = {New York, NY, USA},
 keywords = {QOC, add on, design rationale, performance analysis, task modelling},
}

@inproceedings{Hernandez:2019:ESD:3329189.3329223,
 author = {Hernandez, Netzahualcoyotl and Demiray, Burcu and Arnrich, Bert and Favela, Jesus},
 title = {An Exploratory Study to Detect Temporal Orientation Using Bluetooth's Sensor},
 booktitle = {Proceedings of the 13th EAI International Conference on Pervasive Computing Technologies for Healthcare},
 series = {PervasiveHealth'19},
 year = {2019},
 isbn = {978-1-4503-6126-2},
 location = {Trento, Italy},
 pages = {292--297},
 numpages = {6},
 url = {http://doi.acm.org/10.1145/3329189.3329223},
 doi = {10.1145/3329189.3329223},
 acmid = {3329223},
 publisher = {ACM},
 address = {New York, NY, USA},
 keywords = {Bluetooth, Human behaviour, Mobile sensing, Social environment, Temporal orientation},
}

@Article{1979:1015860,
 journal = {SIGCOMM Comput. Commun. Rev.},
 year = {1979},
 issn = {0146-4833},
 volume = {9},
 number = {2},
 issue_date = {April 1979},
 publisher = {ACM},
 address = {New York, NY, USA},
key = {{$\!\!$}} ,
}

@inproceedings{Pu:2018:EBD:3277139.3277144,
 author = {Pu, Guoli and Li, Yuanyuan and Bai, Ju},
 title = {The Effect of Big Data Analytics on Firms Sustainable Competitive Advantage of Quality: A Theory Framework},
 booktitle = {Proceedings of the 2018 International Conference on Information Management \& Management Science},
 series = {IMMS '18},
 year = {2018},
 isbn = {978-1-4503-6486-7},
 location = {Chengdu, China},
 pages = {33--37},
 numpages = {5},
 url = {http://doi.acm.org/10.1145/3277139.3277144},
 doi = {10.1145/3277139.3277144},
 acmid = {3277144},
 publisher = {ACM},
 address = {New York, NY, USA},
 keywords = {TOE framework, big data analytics, environmental uncertainty, industry characters, sustainable competitive advantage of quality},
}

@article{Sim:1975:SCC:1102982.1102987,
 author = {Sim, Francis and Anderson, Ronald E.},
 title = {On the Sociology of Computing: Conceptual Frameworks and Curriculum Development},
 journal = {SIGSOC Bull.},
 issue_date = {1975-1976},
 volume = {7},
 number = {1-4},
 month = dec,
 year = {1975},
 issn = {0163-5794},
 pages = {29--43},
 numpages = {15},
 url = {http://doi.acm.org/10.1145/1102982.1102987},
 doi = {10.1145/1102982.1102987},
 acmid = {1102987},
 publisher = {ACM},
 address = {New York, NY, USA},
}

@inproceedings{Tobiasson:2012:DSO:2414536.2414628,
 author = {Tobiasson, Helena and Hedman, Anders and Sundblad, Yngve},
 title = {Design Space and Opportunities for Physical Movement Participation in Everyday Life},
 booktitle = {Proceedings of the 24th Australian Computer-Human Interaction Conference},
 series = {OzCHI '12},
 year = {2012},
 isbn = {978-1-4503-1438-1},
 location = {Melbourne, Australia},
 pages = {607--615},
 numpages = {9},
 url = {http://doi.acm.org/10.1145/2414536.2414628},
 doi = {10.1145/2414536.2414628},
 acmid = {2414628},
 publisher = {ACM},
 address = {New York, NY, USA},
 keywords = {design and sustainability, interaction design for the body, interactivity, motivation, movement, participation, physical interaction design, physical power},
}

@inproceedings{Pallot:2013:ASE:2466816.2466821,
 author = {Pallot, Marc and Eynard, Remy and Poussard, Benjamin and Christmann, Olivier and Richir, Simon},
 title = {Augmented Sport: Exploring Collective User Experience},
 booktitle = {Proceedings of the Virtual Reality International Conference: Laval Virtual},
 series = {VRIC '13},
 year = {2013},
 isbn = {978-1-4503-1875-4},
 location = {Laval, France},
 pages = {4:1--4:8},
 articleno = {4},
 numpages = {8},
 url = {http://doi.acm.org/10.1145/2466816.2466821},
 doi = {10.1145/2466816.2466821},
 acmid = {2466821},
 publisher = {ACM},
 address = {New York, NY, USA},
 keywords = {3D-media, augmented reality, experiential design, future internet, living lab, mixed reality, tele-immersion, user experience, virtual reality},
}

@inproceedings{Mulwa:2010:AEH:1867651.1867672,
 author = {Mulwa, Catherine and Lawless, Seamus and Sharp, Mary and Arnedillo-Sanchez, Inmaculada and Wade, Vincent},
 title = {Adaptive Educational Hypermedia Systems in Technology Enhanced Learning: A Literature Review},
 booktitle = {Proceedings of the 2010 ACM Conference on Information Technology Education},
 series = {SIGITE '10},
 year = {2010},
 isbn = {978-1-4503-0343-9},
 location = {Midland, Michigan, USA},
 pages = {73--84},
 numpages = {12},
 url = {http://doi.acm.org/10.1145/1867651.1867672},
 doi = {10.1145/1867651.1867672},
 acmid = {1867672},
 publisher = {ACM},
 address = {New York, NY, USA},
 keywords = {adaptive educational hypermedia systems, learning styles, technology enhanced learning},
}

@inproceedings{Browne:2005:AAG:1068009.1068325,
 author = {Browne, Will and Scott, Dan},
 title = {An Abstraction Agorithm for Genetics-based Reinforcement Learning},
 booktitle = {Proceedings of the 7th Annual Conference on Genetic and Evolutionary Computation},
 series = {GECCO '05},
 year = {2005},
 isbn = {1-59593-010-8},
 location = {Washington DC, USA},
 pages = {1875--1882},
 numpages = {8},
 url = {http://doi.acm.org/10.1145/1068009.1068325},
 doi = {10.1145/1068009.1068325},
 acmid = {1068325},
 publisher = {ACM},
 address = {New York, NY, USA},
 keywords = {abstraction, genetics-based machine learning, learning classifier systems},
}

@inproceedings{Kantarcioglu:2010:FIP:1947915.1947922,
 author = {Kantarcioglu, Murat and Bensoussan, Alain and Hoe, SingRu},
 title = {When Do Firms Invest in Privacy-preserving Technologies?},
 booktitle = {Proceedings of the First International Conference on Decision and Game Theory for Security},
 series = {GameSec'10},
 year = {2010},
 isbn = {3-642-17196-6, 978-3-642-17196-3},
 location = {Berlin, Germany},
 pages = {72--86},
 numpages = {15},
 url = {http://dl.acm.org/citation.cfm?id=1947915.1947922},
 acmid = {1947922},
 publisher = {Springer-Verlag},
 address = {Berlin, Heidelberg},
 keywords = {copulas, privacy-preserving technology, stackelberg game},
}

@inproceedings{Wamicha:2017:OIB:3129416.3131471,
 author = {Wamicha, Elizabeth and Seymour, Lisa F.},
 title = {Organizational Interventions to Build the ERP Business Process Analyst: The 4I Framework Perspective},
 booktitle = {Proceedings of the South African Institute of Computer Scientists and Information Technologists},
 series = {SAICSIT '17},
 year = {2017},
 isbn = {978-1-4503-5250-5},
 location = {Thaba 'Nchu, South Africa},
 pages = {37:1--37:6},
 articleno = {37},
 numpages = {6},
 url = {http://doi.acm.org/10.1145/3129416.3131471},
 doi = {10.1145/3129416.3131471},
 acmid = {3131471},
 publisher = {ACM},
 address = {New York, NY, USA},
 keywords = {4I framework of organizational learning, business process analyst, enterprise systems, organizational learning},
}

@inproceedings{Chaudhary:1980:MFP:800176.810001,
 author = {Chaudhary, B. D. and Sahasrabuddhe, H. V.},
 title = {Meaningfulness As a Factor of Program Complexity},
 booktitle = {Proceedings of the ACM 1980 Annual Conference},
 series = {ACM '80},
 year = {1980},
 isbn = {0-89791-028-1},
 pages = {457--466},
 numpages = {10},
 url = {http://doi.acm.org/10.1145/800176.810001},
 doi = {10.1145/800176.810001},
 acmid = {810001},
 publisher = {ACM},
 address = {New York, NY, USA},
}

@inproceedings{Zhang:2011:DAU:2347504.2347511,
 author = {Zhang, Xiao and Wakkary, Ron},
 title = {Design Analysis: Understanding e-Waste Recycling by Generation Y},
 booktitle = {Proceedings of the 2011 Conference on Designing Pleasurable Products and Interfaces},
 series = {DPPI '11},
 year = {2011},
 isbn = {978-1-4503-1280-6},
 location = {Milano, Italy},
 pages = {6:1--6:8},
 articleno = {6},
 numpages = {8},
 url = {http://doi.acm.org/10.1145/2347504.2347511},
 doi = {10.1145/2347504.2347511},
 acmid = {2347511},
 publisher = {ACM},
 address = {New York, NY, USA},
 keywords = {attitude, design, e-waste, recycling, recycling action, recycling behavior},
}

@inproceedings{Lu:2015:TIM:2786451.2786478,
 author = {Lu, Di and Farzan, Rosta},
 title = {Time to Introduce Myself!: Impact of Self-disclosure Timing of Newcomers in Online Discussion Forums},
 booktitle = {Proceedings of the ACM Web Science Conference},
 series = {WebSci '15},
 year = {2015},
 isbn = {978-1-4503-3672-7},
 location = {Oxford, United Kingdom},
 pages = {12:1--12:9},
 articleno = {12},
 numpages = {9},
 url = {http://doi.acm.org/10.1145/2786451.2786478},
 doi = {10.1145/2786451.2786478},
 acmid = {2786478},
 publisher = {ACM},
 address = {New York, NY, USA},
 keywords = {Newcomers, Online communities, Self-disclosure},
}

@inproceedings{Siitonen:2013:IAR:2523429.2523486,
 author = {Siitonen, Marko and Olbertz-Siitonen, Margarethe},
 title = {I Am Right Here With You: Constructing Presence in Distributed Teams},
 booktitle = {Proceedings of International Conference on Making Sense of Converging Media},
 series = {AcademicMindTrek '13},
 year = {2013},
 isbn = {978-1-4503-1992-8},
 location = {Tampere, Finland},
 pages = {11:11--11:16},
 articleno = {11},
 numpages = {6},
 url = {http://doi.acm.org/10.1145/2523429.2523486},
 doi = {10.1145/2523429.2523486},
 acmid = {2523486},
 publisher = {ACM},
 address = {New York, NY, USA},
 keywords = {Computer-mediated communication, Social presence, Virtual team},
}

@inproceedings{Haubl:2001:RPI:501158.501176,
 author = {H\"{a}ubl, Gerald and Murray, Kyle B.},
 title = {Recommending or Persuading?: The Impact of a Shopping Agent's Algorithm on User Behavior},
 booktitle = {Proceedings of the 3rd ACM Conference on Electronic Commerce},
 series = {EC '01},
 year = {2001},
 isbn = {1-58113-387-1},
 location = {Tampa, Florida, USA},
 pages = {163--170},
 numpages = {8},
 url = {http://doi.acm.org/10.1145/501158.501176},
 doi = {10.1145/501158.501176},
 acmid = {501176},
 publisher = {ACM},
 address = {New York, NY, USA},
}

@inproceedings{Derry:2002:SSC:1658616.1658646,
 author = {Derry, Sharon J. and Siegel, Marcelle and Stampen, John},
 title = {The STEP System for Collaborative Case-based Teacher Education: Design, Evaluation \& Future Directions},
 booktitle = {Proceedings of the Conference on Computer Support for Collaborative Learning: Foundations for a CSCL Community},
 series = {CSCL '02},
 year = {2002},
 location = {Boulder, Colorado},
 pages = {209--216},
 numpages = {8},
 url = {http://dl.acm.org/citation.cfm?id=1658616.1658646},
 acmid = {1658646},
 publisher = {International Society of the Learning Sciences},
 keywords = {case-based learning, instructional web sites, problem-based learning, teacher education, video cases},
}

@inproceedings{Ma:2018:ABI:3299819.3299843,
 author = {Ma, Jin and Park, Sung Chan and Shin, Jung Hun and Kim, Nam Gyu and Seo, Jerry H. and Lee, Jong Suk Ruth and Sa, Jeong Hwan},
 title = {AI Based Intelligent System on the EDISON Platform},
 booktitle = {Proceedings of the 2018 Artificial Intelligence and Cloud Computing Conference},
 series = {AICCC '18},
 year = {2018},
 isbn = {978-1-4503-6623-6},
 location = {Tokyo, Japan},
 pages = {106--114},
 numpages = {9},
 url = {http://doi.acm.org/10.1145/3299819.3299843},
 doi = {10.1145/3299819.3299843},
 acmid = {3299843},
 publisher = {ACM},
 address = {New York, NY, USA},
 keywords = {Artificial Intelligence, Computational Science and Engineering, EDISON, Intelligent System, Machine Learning},
}

@inproceedings{Pirolli:1996:TLT:948449.948460,
 author = {Pirolli, Peter and Rao, Ramana},
 title = {Table Lens As a Tool for Making Sense of Data},
 booktitle = {Proceedings of the Workshop on Advanced Visual Interfaces},
 series = {AVI '96},
 year = {1996},
 isbn = {0-89791-834-7},
 location = {Gubbio, Italy},
 pages = {67--80},
 numpages = {14},
 url = {http://doi.acm.org/10.1145/948449.948460},
 doi = {10.1145/948449.948460},
 acmid = {948460},
 publisher = {ACM},
 address = {New York, NY, USA},
 keywords = {GOMS, database visualization, evaluation, exploratory data analysis, information visualization, multivariate visualization},
}

@inproceedings{Butler:2010:YAE:1920331.1920443,
 author = {Butler, Brian S. and Sharma, Nikhil and Irwin, Jeannie and Spallek, Heiko},
 title = {You Are Not Alone: Effects of Highlighting Social Aspects on Responsiveness, Joining, and Profile Information Sharing in an Information Portal},
 booktitle = {Proceedings of the 73rd ASIS\&T Annual Meeting on Navigating Streams in an Information Ecosystem - Volume 47},
 series = {ASIS\&\#38;T '10},
 year = {2010},
 location = {Pittsburgh, Pennsylvania},
 pages = {78:1--78:9},
 articleno = {78},
 numpages = {9},
 url = {http://dl.acm.org/citation.cfm?id=1920331.1920443},
 acmid = {1920443},
 publisher = {American Society for Information Science},
 address = {Silver Springs, MD, USA},
 keywords = {information portals, participation, response, self-disclosure, social, users},
}

@inproceedings{Snoddy:2004:PSL:1026533.1026556,
 author = {Snoddy,Jr., Sam and Novick, David G.},
 title = {Post-training Support for Learning Technology},
 booktitle = {Proceedings of the 22Nd Annual International Conference on Design of Communication: The Engineering of Quality Documentation},
 series = {SIGDOC '04},
 year = {2004},
 isbn = {1-58113-809-1},
 location = {Memphis, Tennessee, USA},
 pages = {90--96},
 numpages = {7},
 url = {http://doi.acm.org/10.1145/1026533.1026556},
 doi = {10.1145/1026533.1026556},
 acmid = {1026556},
 publisher = {ACM},
 address = {New York, NY, USA},
 keywords = {documentation, post-training support, training},
}

@inproceedings{Huang:2017:VPI:3157754.3157763,
 author = {Huang, Yijun and Lu, Tong},
 title = {Valuation of Personal Information in the E-commerce Websites Based on Contingent Valuation Method},
 booktitle = {Proceedings of the 8th International Conference on E-business, Management and Economics},
 series = {ICEME 2017},
 year = {2017},
 isbn = {978-1-4503-5367-0},
 location = {Birmingham, United Kingdom},
 pages = {21--27},
 numpages = {7},
 url = {http://doi.acm.org/10.1145/3157754.3157763},
 doi = {10.1145/3157754.3157763},
 acmid = {3157763},
 publisher = {ACM},
 address = {New York, NY, USA},
 keywords = {Contingent valuation method, E-commerce, Personal information, Value assessment},
}

@inproceedings{Bower:2006:LSE:1151869.1151877,
 author = {Bower, Matt},
 title = {A Learning System Engineering Approach to Developing Online Courses},
 booktitle = {Proceedings of the 8th Australasian Conference on Computing Education - Volume 52},
 series = {ACE '06},
 year = {2006},
 isbn = {1-920682-34-1},
 location = {Hobart, Australia},
 pages = {45--54},
 numpages = {10},
 url = {http://dl.acm.org/citation.cfm?id=1151869.1151877},
 acmid = {1151877},
 publisher = {Australian Computer Society, Inc.},
 address = {Darlinghurst, Australia, Australia},
 keywords = {curriculum engineering, learning design, online learning, online technology},
}

@inproceedings{Aprea:2008:TCT:1599812.1599817,
 author = {Aprea, Carmela},
 title = {Task-oriented Coaching for Teaching Instructional Planning: A Design-based Research Approach},
 booktitle = {Proceedings of the 8th International Conference on International Conference for the Learning Sciences - Volume 1},
 series = {ICLS'08},
 year = {2008},
 location = {Utrecht, The Netherlands},
 pages = {43--51},
 numpages = {9},
 url = {http://dl.acm.org/citation.cfm?id=1599812.1599817},
 acmid = {1599817},
 publisher = {International Society of the Learning Sciences},
}

@inproceedings{Mehlenbacher:2008:CDT:1456536.1456564,
 author = {Mehlenbacher, Brad},
 title = {Communication Design and Theories of Learning},
 booktitle = {Proceedings of the 26th Annual ACM International Conference on Design of Communication},
 series = {SIGDOC '08},
 year = {2008},
 isbn = {978-1-60558-083-8},
 location = {Lisbon, Portugal},
 pages = {139--146},
 numpages = {8},
 url = {http://doi.acm.org/10.1145/1456536.1456564},
 doi = {10.1145/1456536.1456564},
 acmid = {1456564},
 publisher = {ACM},
 address = {New York, NY, USA},
 keywords = {cognitive, communication, design, learning, learning theory, social, theory},
}

@proceedings{Aguiar:2013:2491055,
 title = {WikiSym '13: Proceedings of the 9th International Symposium on Open Collaboration},
 year = {2013},
 isbn = {978-1-4503-1852-5},
 location = {Hong Kong, China},
 publisher = {ACM},
 address = {New York, NY, USA},
}

@article{Perry:1997:RWP:264701.264708,
 author = {Perry, Elissa L. and Ballou, Deborah J.},
 title = {The Role of Work, Play, and Fun in Microcomputer Software Training},
 journal = {SIGMIS Database},
 issue_date = {Spring 1997},
 volume = {28},
 number = {2},
 month = apr,
 year = {1997},
 issn = {0095-0033},
 pages = {93--112},
 numpages = {20},
 url = {http://doi.acm.org/10.1145/264701.264708},
 doi = {10.1145/264701.264708},
 acmid = {264708},
 publisher = {ACM},
 address = {New York, NY, USA},
 keywords = {computer-based training, fun, human-computer interaction, learning, play, work},
}

@inproceedings{Findler:1965:HDM:1463891.1463973,
 author = {Findler, Nicholas V.},
 title = {Human Decision Making Under Uncertainty and Risk: Computer-based Experiments and a Heuristic Simulation Program},
 booktitle = {Proceedings of the November 30--December 1, 1965, Fall Joint Computer Conference, Part I},
 series = {AFIPS '65 (Fall, part I)},
 year = {1965},
 location = {Las Vegas, Nevada},
 pages = {737--752},
 numpages = {16},
 url = {http://doi.acm.org/10.1145/1463891.1463973},
 doi = {10.1145/1463891.1463973},
 acmid = {1463973},
 publisher = {ACM},
 address = {New York, NY, USA},
}

@inproceedings{Drineas:2002:CRS:509907.509922,
 author = {Drineas, Petros and Kerenidis, Iordanis and Raghavan, Prabhakar},
 title = {Competitive Recommendation Systems},
 booktitle = {Proceedings of the Thiry-fourth Annual ACM Symposium on Theory of Computing},
 series = {STOC '02},
 year = {2002},
 isbn = {1-58113-495-9},
 location = {Montreal, Quebec, Canada},
 pages = {82--90},
 numpages = {9},
 url = {http://doi.acm.org/10.1145/509907.509922},
 doi = {10.1145/509907.509922},
 acmid = {509922},
 publisher = {ACM},
 address = {New York, NY, USA},
}

@inproceedings{Lawrance:2008:UIS:1357054.1357261,
 author = {Lawrance, Joseph and Bellamy, Rachel and Burnett, Margaret and Rector, Kyle},
 title = {Using Information Scent to Model the Dynamic Foraging Behavior of Programmers in Maintenance Tasks},
 booktitle = {Proceedings of the SIGCHI Conference on Human Factors in Computing Systems},
 series = {CHI '08},
 year = {2008},
 isbn = {978-1-60558-011-1},
 location = {Florence, Italy},
 pages = {1323--1332},
 numpages = {10},
 url = {http://doi.acm.org/10.1145/1357054.1357261},
 doi = {10.1145/1357054.1357261},
 acmid = {1357261},
 publisher = {ACM},
 address = {New York, NY, USA},
 keywords = {debugging, information foraging, software maintenance},
}

@inproceedings{Wohn:2011:COS:1940761.1940808,
 author = {Wohn, Donghee Yvette and Lampe, Cliff and Vitak, Jessica and Ellison, Nicole B.},
 title = {Coordinating the Ordinary: Social Information Uses of Facebook by Adults},
 booktitle = {Proceedings of the 2011 iConference},
 series = {iConference '11},
 year = {2011},
 isbn = {978-1-4503-0121-3},
 location = {Seattle, Washington, USA},
 pages = {340--347},
 numpages = {8},
 url = {http://doi.acm.org/10.1145/1940761.1940808},
 doi = {10.1145/1940761.1940808},
 acmid = {1940808},
 publisher = {ACM},
 address = {New York, NY, USA},
 keywords = {Facebook, adult users, collaboration, coordination, home, information-seeking, social information use, social network sites},
}

@inproceedings{Bowler:2012:DTR:2132176.2132177,
 author = {Bowler, Leanne and Mattern, Eleanor},
 title = {Design Techniques for Revealing Adolescent Memory Processes Related to Information Seeking: A Preliminary Study},
 booktitle = {Proceedings of the 2012 iConference},
 series = {iConference '12},
 year = {2012},
 isbn = {978-1-4503-0782-6},
 location = {Toronto, Ontario, Canada},
 pages = {1--9},
 numpages = {9},
 url = {http://doi.acm.org/10.1145/2132176.2132177},
 doi = {10.1145/2132176.2132177},
 acmid = {2132177},
 publisher = {ACM},
 address = {New York, NY, USA},
 keywords = {adolescents, brainstorming, cognitive modeling, design techniques, fictional inquiry, focus groups, ideation, metacognition, metamemory, metaphorical design, sketching, youth information-seeking behavior},
}

@inproceedings{Chen:2011:LLC:2103354.2103377,
 author = {Chen, Fei-Ching and Chang, Hsiu-Mei},
 title = {Do Lurking Learners Contribute Less?: A Knowledge Co-construction Perspective},
 booktitle = {Proceedings of the 5th International Conference on Communities and Technologies},
 series = {C\&\#38;T '11},
 year = {2011},
 isbn = {978-1-4503-0824-3},
 location = {Brisbane, Australia},
 pages = {169--178},
 numpages = {10},
 url = {http://doi.acm.org/10.1145/2103354.2103377},
 doi = {10.1145/2103354.2103377},
 acmid = {2103377},
 publisher = {ACM},
 address = {New York, NY, USA},
 keywords = {co-construction, group learning, lurk, lurker, lurking, participation, posting},
}

@inproceedings{Gelderblom:2008:DTY:1456659.1456668,
 author = {Gelderblom, Helene and Kotz{\'e}, Paula},
 title = {Designing Technology for Young Children: What We Can Learn from Theories of Cognitive Development},
 booktitle = {Proceedings of the 2008 Annual Research Conference of the South African Institute of Computer Scientists and Information Technologists on IT Research in Developing Countries: Riding the Wave of Technology},
 series = {SAICSIT '08},
 year = {2008},
 isbn = {978-1-60558-286-3},
 location = {Wilderness, South Africa},
 pages = {66--75},
 numpages = {10},
 url = {http://doi.acm.org/10.1145/1456659.1456668},
 doi = {10.1145/1456659.1456668},
 acmid = {1456668},
 publisher = {ACM},
 address = {New York, NY, USA},
 keywords = {children's technology/software, cognitive development, cognitive skill development, design guidelines, psychological theories},
}

@article{Galletta:1993:EES:152841.152842,
 author = {Galletta, Dennis and King, Ruth C. and Rateb, Dina},
 title = {The Effect of Expertise on Software Selection},
 journal = {SIGMIS Database},
 issue_date = {May 1993},
 volume = {24},
 number = {2},
 month = may,
 year = {1993},
 issn = {0095-0033},
 pages = {7--20},
 numpages = {14},
 url = {http://doi.acm.org/10.1145/152841.152842},
 doi = {10.1145/152841.152842},
 acmid = {152842},
 publisher = {ACM},
 address = {New York, NY, USA},
}

@inproceedings{Lampe:2007:FFP:1240624.1240695,
 author = {Lampe, Cliff A.C. and Ellison, Nicole and Steinfield, Charles},
 title = {A Familiar Face(Book): Profile Elements As Signals in an Online Social Network},
 booktitle = {Proceedings of the SIGCHI Conference on Human Factors in Computing Systems},
 series = {CHI '07},
 year = {2007},
 isbn = {978-1-59593-593-9},
 location = {San Jose, California, USA},
 pages = {435--444},
 numpages = {10},
 url = {http://doi.acm.org/10.1145/1240624.1240695},
 doi = {10.1145/1240624.1240695},
 acmid = {1240695},
 publisher = {ACM},
 address = {New York, NY, USA},
 keywords = {online social networks, profiles, signaling theory, social capital},
}

@inproceedings{Gazan:2011:RAV:1978942.1979365,
 author = {Gazan, Rich},
 title = {Redesign As an Act of Violence: Disrupted Interaction Patterns and the Fragmenting of a Social Q\&\#38;A Community},
 booktitle = {Proceedings of the SIGCHI Conference on Human Factors in Computing Systems},
 series = {CHI '11},
 year = {2011},
 isbn = {978-1-4503-0228-9},
 location = {Vancouver, BC, Canada},
 pages = {2847--2856},
 numpages = {10},
 url = {http://doi.acm.org/10.1145/1978942.1979365},
 doi = {10.1145/1978942.1979365},
 acmid = {1979365},
 publisher = {ACM},
 address = {New York, NY, USA},
 keywords = {online communities, question answering, social q\&\#38;a},
}

@inproceedings{Maiden:2019:EUD:3325480.3325484,
 author = {Maiden, Neil and Zachos, Konstantinos and Brown, Amanda and Nyre, Lars and Holm, Balder and Tonheim, Aleksander Nyg{\aa}rd and Hesseling, Claus and Wagemans, Andrea and Apostolou, Dimitris},
 title = {Evaluating the Use of Digital Creativity Support by Journalists in Newsrooms},
 booktitle = {Proceedings of the 2019 on Creativity and Cognition},
 series = {C\&\#38;C '19},
 year = {2019},
 isbn = {978-1-4503-5917-7},
 location = {San Diego, CA, USA},
 pages = {222--232},
 numpages = {11},
 url = {http://doi.acm.org/10.1145/3325480.3325484},
 doi = {10.1145/3325480.3325484},
 acmid = {3325484},
 publisher = {ACM},
 address = {New York, NY, USA},
 keywords = {creativity, digital support, evaluation, journalism, newsrooms},
}

@inproceedings{Cosley:2003:SES:958160.958212,
 author = {Cosley, Dan and Ludford, Pamela and Terveen, Loren},
 title = {Studying the Effect of Similarity in Online Task-focused Interactions},
 booktitle = {Proceedings of the 2003 International ACM SIGGROUP Conference on Supporting Group Work},
 series = {GROUP '03},
 year = {2003},
 isbn = {1-58113-693-5},
 location = {Sanibel Island, Florida, USA},
 pages = {321--329},
 numpages = {9},
 url = {http://doi.acm.org/10.1145/958160.958212},
 doi = {10.1145/958160.958212},
 acmid = {958212},
 publisher = {ACM},
 address = {New York, NY, USA},
 keywords = {community, demographics, friendship, matchmaking, recommender systems, similarity, social navigation},
}

@inproceedings{Noor:2016:SMD:2857546.2857582,
 author = {Noor, Myzan Bt and Bakar, Farahwahida Bt Mohd@Abu and Hasbullah, Siti Salwa Bt},
 title = {The Social Media Dialogue Through Ubiquitous Interactivity to Children's Cognitive Development},
 booktitle = {Proceedings of the 10th International Conference on Ubiquitous Information Management and Communication},
 series = {IMCOM '16},
 year = {2016},
 isbn = {978-1-4503-4142-4},
 location = {Danang, Viet Nam},
 pages = {35:1--35:9},
 articleno = {35},
 numpages = {9},
 url = {http://doi.acm.org/10.1145/2857546.2857582},
 doi = {10.1145/2857546.2857582},
 acmid = {2857582},
 publisher = {ACM},
 address = {New York, NY, USA},
 keywords = {The social media, children's intellectual understandings, cognitive learning development, interactivity environment, social sentiments, technological devices, ubiquitous technology},
}

@inproceedings{Lee:2011:YBL:1940761.1940807,
 author = {Lee, Seoyeon and Sun, Yuan and Thiry, Elizabeth},
 title = {Do You Believe in Love at First Sight: Effects of Media Richness via Modalities on Viewers' Overall Impressions of Online Dating Profiles},
 booktitle = {Proceedings of the 2011 iConference},
 series = {iConference '11},
 year = {2011},
 isbn = {978-1-4503-0121-3},
 location = {Seattle, Washington, USA},
 pages = {332--339},
 numpages = {8},
 url = {http://doi.acm.org/10.1145/1940761.1940807},
 doi = {10.1145/1940761.1940807},
 acmid = {1940807},
 publisher = {ACM},
 address = {New York, NY, USA},
 keywords = {MAIN model, impression formation, media richness theory, modality, online dating, social information processing},
}

@article{Basoglu:2012:ERW:2151163.2151165,
 author = {Basoglu, K. Asli and Fuller, Mark A. and Valacich, Joseph S.},
 title = {Enhancement of Recall Within Technology-mediated Teams Through the Use of Online Visual Artifacts},
 journal = {ACM Trans. Manage. Inf. Syst.},
 issue_date = {April 2012},
 volume = {3},
 number = {1},
 month = apr,
 year = {2012},
 issn = {2158-656X},
 pages = {2:1--2:22},
 articleno = {2},
 numpages = {22},
 url = {http://doi.acm.org/10.1145/2151163.2151165},
 doi = {10.1145/2151163.2151165},
 acmid = {2151165},
 publisher = {ACM},
 address = {New York, NY, USA},
 keywords = {Technology-mediated teams, interruptions, recall, team complexity, team size, visual artifact},
}

@inproceedings{Gardner:2018:CNR:3170358.3170373,
 author = {Gardner, Josh and Brooks, Christopher},
 title = {Coenrollment Networks and Their Relationship to Grades in Undergraduate Education},
 booktitle = {Proceedings of the 8th International Conference on Learning Analytics and Knowledge},
 series = {LAK '18},
 year = {2018},
 isbn = {978-1-4503-6400-3},
 location = {Sydney, New South Wales, Australia},
 pages = {295--304},
 numpages = {10},
 url = {http://doi.acm.org/10.1145/3170358.3170373},
 doi = {10.1145/3170358.3170373},
 acmid = {3170373},
 publisher = {ACM},
 address = {New York, NY, USA},
 keywords = {grade prediction, learning analytics},
}

@article{Swanson:1990:DSD:78973.78976,
 author = {Swanson, E. Burton and Beath, Cynthia Mathis},
 title = {Departmentalization in Software Development and Maintenance},
 journal = {Commun. ACM},
 issue_date = {June 1990},
 volume = {33},
 number = {6},
 month = jun,
 year = {1990},
 issn = {0001-0782},
 pages = {658--667},
 numpages = {10},
 url = {http://doi.acm.org/10.1145/78973.78976},
 doi = {10.1145/78973.78976},
 acmid = {78976},
 publisher = {ACM},
 address = {New York, NY, USA},
 keywords = {development, maintenance, management, organizational forms},
}

@inproceedings{Crowston:1986:CSO:637069.637076,
 author = {Crowston, Kevin and Malone, Thomas W. and Lin, Felix},
 title = {Cognitive Science and Organizational Design: A Case Study of Computer Conferencing},
 booktitle = {Proceedings of the 1986 ACM Conference on Computer-supported Cooperative Work},
 series = {CSCW '86},
 year = {1986},
 location = {Austin, Texas},
 pages = {43--61},
 numpages = {19},
 url = {http://doi.acm.org/10.1145/637069.637076},
 doi = {10.1145/637069.637076},
 acmid = {637076},
 publisher = {ACM},
 address = {New York, NY, USA},
}

@inproceedings{Pfeil:2007:PEO:1240624.1240763,
 author = {Pfeil, Ulrike and Zaphiris, Panayiotis},
 title = {Patterns of Empathy in Online Communication},
 booktitle = {Proceedings of the SIGCHI Conference on Human Factors in Computing Systems},
 series = {CHI '07},
 year = {2007},
 isbn = {978-1-59593-593-9},
 location = {San Jose, California, USA},
 pages = {919--928},
 numpages = {10},
 url = {http://doi.acm.org/10.1145/1240624.1240763},
 doi = {10.1145/1240624.1240763},
 acmid = {1240763},
 publisher = {ACM},
 address = {New York, NY, USA},
 keywords = {computer-mediated communication, empathy, inclusive design, older people, online community, social aspects of computing},
}

@inproceedings{Hunt:1961:PMH:1460690.1460706,
 author = {Hunt, Earl B. and Hovland, Carl I.},
 title = {Programming a Model of Human Concept Formulation},
 booktitle = {Papers Presented at the May 9-11, 1961, Western Joint IRE-AIEE-ACM Computer Conference},
 series = {IRE-AIEE-ACM '61 (Western)},
 year = {1961},
 location = {Los Angeles, California},
 pages = {145--155},
 numpages = {11},
 url = {http://doi.acm.org/10.1145/1460690.1460706},
 doi = {10.1145/1460690.1460706},
 acmid = {1460706},
 publisher = {ACM},
 address = {New York, NY, USA},
}

@inproceedings{Zytko:2014:IMS:2660398.2660410,
 author = {Zytko, Douglas and Grandhi, Sukeshini A. and Jones, Quentin},
 title = {Impression Management Struggles in Online Dating},
 booktitle = {Proceedings of the 18th International Conference on Supporting Group Work},
 series = {GROUP '14},
 year = {2014},
 isbn = {978-1-4503-3043-5},
 location = {Sanibel Island, Florida, USA},
 pages = {53--62},
 numpages = {10},
 url = {http://doi.acm.org/10.1145/2660398.2660410},
 doi = {10.1145/2660398.2660410},
 acmid = {2660410},
 publisher = {ACM},
 address = {New York, NY, USA},
 keywords = {impression formationl, impression management, online dating, online introductions, social computing, social matching},
}

@inproceedings{Vasilescu:2015:GTD:2702123.2702549,
 author = {Vasilescu, Bogdan and Posnett, Daryl and Ray, Baishakhi and van den Brand, Mark G.J. and Serebrenik, Alexander and Devanbu, Premkumar and Filkov, Vladimir},
 title = {Gender and Tenure Diversity in GitHub Teams},
 booktitle = {Proceedings of the 33rd Annual ACM Conference on Human Factors in Computing Systems},
 series = {CHI '15},
 year = {2015},
 isbn = {978-1-4503-3145-6},
 location = {Seoul, Republic of Korea},
 pages = {3789--3798},
 numpages = {10},
 url = {http://doi.acm.org/10.1145/2702123.2702549},
 doi = {10.1145/2702123.2702549},
 acmid = {2702549},
 publisher = {ACM},
 address = {New York, NY, USA},
 keywords = {diversity, gender, github, open source, productivity},
}

@article{McGee:1962:PCM:368637.368823,
 author = {McGee, William C.},
 title = {The Property Classification Method of File Design and Processing},
 journal = {Commun. ACM},
 issue_date = {Aug. 1962},
 volume = {5},
 number = {8},
 month = aug,
 year = {1962},
 issn = {0001-0782},
 pages = {450--458},
 numpages = {9},
 url = {http://doi.acm.org/10.1145/368637.368823},
 doi = {10.1145/368637.368823},
 acmid = {368823},
 publisher = {ACM},
 address = {New York, NY, USA},
}

@inproceedings{Shackelford:1990:ECM:97344.97413,
 author = {Shackelford, Russell L.},
 title = {Educational Computing: Myths Versus Methods\&Mdash;Why Computers Haven'T Helped and What We Can Do About It},
 booktitle = {Proceedings of the Conference on Computers and the Quality of Life},
 series = {CQL '90},
 year = {1990},
 isbn = {0-89791-403-1},
 location = {George Washington University, Washington, D.C., USA},
 pages = {139--146},
 numpages = {8},
 url = {http://doi.acm.org/10.1145/97344.97413},
 doi = {10.1145/97344.97413},
 acmid = {97413},
 publisher = {ACM},
 address = {New York, NY, USA},
}

@article{Shackelford:1990:ECM:97351.97413,
 author = {Shackelford, Russell L.},
 title = {Educational Computing: Myths Versus Methods\&Mdash;Why Computers Haven'T Helped and What We Can Do About It},
 journal = {SIGCAS Comput. Soc.},
 issue_date = {Oct. 1990},
 volume = {20},
 number = {3},
 month = aug,
 year = {1990},
 issn = {0095-2737},
 pages = {139--146},
 numpages = {8},
 url = {http://doi.acm.org/10.1145/97351.97413},
 doi = {10.1145/97351.97413},
 acmid = {97413},
 publisher = {ACM},
 address = {New York, NY, USA},
}

@inproceedings{Law:2007:MVP:1316624.1316673,
 author = {Law, Effie Lai-Chong and Nguyen-Ngoc, Anh Vu and Kuru, Selahattin},
 title = {Mixed-method Validation of Pedagogical Concepts for an Intercultural Online Learning Environment: A Case Study},
 booktitle = {Proceedings of the 2007 International ACM Conference on Supporting Group Work},
 series = {GROUP '07},
 year = {2007},
 isbn = {978-1-59593-845-9},
 location = {Sanibel Island, Florida, USA},
 pages = {321--330},
 numpages = {10},
 url = {http://doi.acm.org/10.1145/1316624.1316673},
 doi = {10.1145/1316624.1316673},
 acmid = {1316673},
 publisher = {ACM},
 address = {New York, NY, USA},
 keywords = {competencies, cross-cultural, online learning environment, self-directed learning, social network analysis},
}

@inproceedings{Tiellet:2010:DEH:1810617.1810656,
 author = {Tiellet, Claudio A.B. and Pereira, Andr{\'e} Grahl and Reategui, Eliseo Berni and Lima, Jos{\'e} Valdeni and Chambel, Teresa},
 title = {Design and Evaluation of a Hypervideo Environment to Support Veterinary Surgery Learning},
 booktitle = {Proceedings of the 21st ACM Conference on Hypertext and Hypermedia},
 series = {HT '10},
 year = {2010},
 isbn = {978-1-4503-0041-4},
 location = {Toronto, Ontario, Canada},
 pages = {213--222},
 numpages = {10},
 url = {http://doi.acm.org/10.1145/1810617.1810656},
 doi = {10.1145/1810617.1810656},
 acmid = {1810656},
 publisher = {ACM},
 address = {New York, NY, USA},
 keywords = {design, evaluation, high education, hypervideo, surgery, veterinary, video},
}

@inproceedings{Chen:1989:OQR:96749.98013,
 author = {Chen, H. and Dhar, V.},
 title = {Online Query Refinement on Information Retrieval Systems: A Process Model of Searcher/System Interactions},
 booktitle = {Proceedings of the 13th Annual International ACM SIGIR Conference on Research and Development in Information Retrieval},
 series = {SIGIR '90},
 year = {1990},
 isbn = {0-89791-408-2},
 location = {Brussels, Belgium},
 pages = {115--133},
 numpages = {19},
 url = {http://doi.acm.org/10.1145/96749.98013},
 doi = {10.1145/96749.98013},
 acmid = {98013},
 publisher = {ACM},
 address = {New York, NY, USA},
}

@inproceedings{Fallman:2011:NGE:1978942.1979099,
 author = {Fallman, Daniel},
 title = {The New Good: Exploring the Potential of Philosophy of Technology to Contribute to Human-computer Interaction},
 booktitle = {Proceedings of the SIGCHI Conference on Human Factors in Computing Systems},
 series = {CHI '11},
 year = {2011},
 isbn = {978-1-4503-0228-9},
 location = {Vancouver, BC, Canada},
 pages = {1051--1060},
 numpages = {10},
 url = {http://doi.acm.org/10.1145/1978942.1979099},
 doi = {10.1145/1978942.1979099},
 acmid = {1979099},
 publisher = {ACM},
 address = {New York, NY, USA},
 keywords = {IHDE, borgmann, design, device paradigm, non-neutral technology, philosophy, philosophy of technology, theory},
}

@inproceedings{Bajnaid:2017:IFM:3152771.3152780,
 author = {Bajnaid, Ayman and Al-Saggaf, Yeslam},
 title = {Impression Formation on Matrimonial Sites},
 booktitle = {Proceedings of the 29th Australian Conference on Computer-Human Interaction},
 series = {OZCHI '17},
 year = {2017},
 isbn = {978-1-4503-5379-3},
 location = {Brisbane, Queensland, Australia},
 pages = {77--86},
 numpages = {10},
 url = {http://doi.acm.org/10.1145/3152771.3152780},
 doi = {10.1145/3152771.3152780},
 acmid = {3152780},
 publisher = {ACM},
 address = {New York, NY, USA},
 keywords = {channel, dating sites, hyperpersonal theory, matrimonial sites, receiver, saudi arabia, sender},
}

@inproceedings{Engel:2015:CIC:2702123.2702259,
 author = {Engel, David and Woolley, Anita Williams and Aggarwal, Ishani and Chabris, Christopher F. and Takahashi, Masamichi and Nemoto, Keiichi and Kaiser, Carolin and Kim, Young Ji and Malone, Thomas W.},
 title = {Collective Intelligence in Computer-Mediated Collaboration Emerges in Different Contexts and Cultures},
 booktitle = {Proceedings of the 33rd Annual ACM Conference on Human Factors in Computing Systems},
 series = {CHI '15},
 year = {2015},
 isbn = {978-1-4503-3145-6},
 location = {Seoul, Republic of Korea},
 pages = {3769--3778},
 numpages = {10},
 url = {http://doi.acm.org/10.1145/2702123.2702259},
 doi = {10.1145/2702123.2702259},
 acmid = {2702259},
 publisher = {ACM},
 address = {New York, NY, USA},
 keywords = {collective intelligence, cross culture, factor analysis, group performance, online collaboration, outcome metrics},
}

@inproceedings{Verhulsdonck:2007:IDG:1297144.1297151,
 author = {Verhulsdonck, Gustav},
 title = {Issues of Designing Gestures into Online Interactions: Implications for Communicating in Virtual Environments},
 booktitle = {Proceedings of the 25th Annual ACM International Conference on Design of Communication},
 series = {SIGDOC '07},
 year = {2007},
 isbn = {978-1-59593-588-5},
 location = {El Paso, Texas, USA},
 pages = {26--33},
 numpages = {8},
 url = {http://doi.acm.org/10.1145/1297144.1297151},
 doi = {10.1145/1297144.1297151},
 acmid = {1297151},
 publisher = {ACM},
 address = {New York, NY, USA},
 keywords = {collaboration, computer-mediated communication, computer-supported cooperative work, deictics, gestures, medium affordances, medium naturalness theory, medium richness, proxemics, synchronous interaction, verbal and non-verbal communication, virtual environments},
}

@article{Ocker:2008:CDV:1341971.1341977,
 author = {Ocker, Rosalie J. and Fjermestad, Jerry},
 title = {Communication Differences in Virtual Design Teams: Findings from a Multi-method Analysis of High and Low Performing Experimental Teams},
 journal = {SIGMIS Database},
 issue_date = {Febuary 2008},
 volume = {39},
 number = {1},
 month = jan,
 year = {2008},
 issn = {0095-0033},
 pages = {51--67},
 numpages = {17},
 url = {http://doi.acm.org/10.1145/1341971.1341977},
 doi = {10.1145/1341971.1341977},
 acmid = {1341977},
 publisher = {ACM},
 address = {New York, NY, USA},
 keywords = {computer-mediated communication, creativity, distributed software development, innovation, software design, software requirements analysis, virtual teams},
}

@inproceedings{Bardzell:2010:FHT:1753326.1753521,
 author = {Bardzell, Shaowen},
 title = {Feminist HCI: Taking Stock and Outlining an Agenda for Design},
 booktitle = {Proceedings of the SIGCHI Conference on Human Factors in Computing Systems},
 series = {CHI '10},
 year = {2010},
 isbn = {978-1-60558-929-9},
 location = {Atlanta, Georgia, USA},
 pages = {1301--1310},
 numpages = {10},
 url = {http://doi.acm.org/10.1145/1753326.1753521},
 doi = {10.1145/1753326.1753521},
 acmid = {1753521},
 publisher = {ACM},
 address = {New York, NY, USA},
 keywords = {HCI, design, feminism, feminist HCI, feminist design qualities, feminist standpoint theory, gender, interaction design},
}

@Article{1973:1218061,
 journal = {SIGNUM Newsl.},
 year = {1973},
 issn = {0163-5778},
 volume = {8},
 number = {3},
 issue_date = {July 1973},
 publisher = {ACM},
 address = {New York, NY, USA},
key = {{$\!\!$}} ,
}

@inproceedings{Kohls:2008:RDP:1753196.1753214,
 author = {Kohls, Christian and Scheiter, Katharina},
 title = {The Relation Between Design Patterns and Schema Theory},
 booktitle = {Proceedings of the 15th Conference on Pattern Languages of Programs},
 series = {PLoP '08},
 year = {2008},
 isbn = {978-1-60558-151-4},
 location = {Nashville, Tennessee, USA},
 pages = {15:1--15:16},
 articleno = {15},
 numpages = {16},
 url = {http://doi.acm.org/10.1145/1753196.1753214},
 doi = {10.1145/1753196.1753214},
 acmid = {1753214},
 publisher = {ACM},
 address = {New York, NY, USA},
 keywords = {design patterns, frames, mental models, schema theory, scripts},
}

@article{Newell:1976:CSE:360018.360022,
 author = {Newell, Allen and Simon, Herbert A.},
 title = {Computer Science As Empirical Inquiry: Symbols and Search},
 journal = {Commun. ACM},
 issue_date = {March 1976},
 volume = {19},
 number = {3},
 month = mar,
 year = {1976},
 issn = {0001-0782},
 pages = {113--126},
 numpages = {14},
 url = {http://doi.acm.org/10.1145/360018.360022},
 doi = {10.1145/360018.360022},
 acmid = {360022},
 publisher = {ACM},
 address = {New York, NY, USA},
 keywords = {Turing, artificial intelligence, cognition, computer science, empirical, heuristics, list processing, problem solving, science, search, symbols},
}

@inproceedings{Bakhshi:2016:FCG:2858036.2858532,
 author = {Bakhshi, Saeideh and Shamma, David A. and Kennedy, Lyndon and Song, Yale and de Juan, Paloma and Kaye, Joseph 'Jofish'},
 title = {Fast, Cheap, and Good: Why Animated GIFs Engage Us},
 booktitle = {Proceedings of the 2016 CHI Conference on Human Factors in Computing Systems},
 series = {CHI '16},
 year = {2016},
 isbn = {978-1-4503-3362-7},
 location = {San Jose, California, USA},
 pages = {575--586},
 numpages = {12},
 url = {http://doi.acm.org/10.1145/2858036.2858532},
 doi = {10.1145/2858036.2858532},
 acmid = {2858532},
 publisher = {ACM},
 address = {New York, NY, USA},
 keywords = {animated GIFs, content analysis, regression analysis, social media analysis, tumblr, visual analysis},
}

@article{Sharp:2010:TFC:1719051.1719055,
 author = {Sharp, Jason H. and Ryan, Sherry D.},
 title = {A Theoretical Framework of Component-based Software Development Phases},
 journal = {SIGMIS Database},
 issue_date = {February 2010},
 volume = {41},
 number = {1},
 month = feb,
 year = {2010},
 issn = {0095-0033},
 pages = {56--75},
 numpages = {20},
 url = {http://doi.acm.org/10.1145/1719051.1719055},
 doi = {10.1145/1719051.1719055},
 acmid = {1719055},
 publisher = {ACM},
 address = {New York, NY, USA},
 keywords = {component-based software development, component-based software development life cycle, design science, systems development approach},
}

@article{Mitchell:2009:TVT:1592401.1592407,
 author = {Mitchell, Alanah and Zigurs, Ilze},
 title = {Trust in Virtual Teams: Solved or Still a Mystery?},
 journal = {SIGMIS Database},
 issue_date = {August 2009},
 volume = {40},
 number = {3},
 month = jul,
 year = {2009},
 issn = {0095-0033},
 pages = {61--83},
 numpages = {23},
 url = {http://doi.acm.org/10.1145/1592401.1592407},
 doi = {10.1145/1592401.1592407},
 acmid = {1592407},
 publisher = {ACM},
 address = {New York, NY, USA},
 keywords = {collaboration technology, computer mediated groups, distributed teams, group task, trust, virtual teams},
}

@inproceedings{Felt:2012:APU:2335356.2335360,
 author = {Felt, Adrienne Porter and Ha, Elizabeth and Egelman, Serge and Haney, Ariel and Chin, Erika and Wagner, David},
 title = {Android Permissions: User Attention, Comprehension, and Behavior},
 booktitle = {Proceedings of the Eighth Symposium on Usable Privacy and Security},
 series = {SOUPS '12},
 year = {2012},
 isbn = {978-1-4503-1532-6},
 location = {Washington, D.C.},
 pages = {3:1--3:14},
 articleno = {3},
 numpages = {14},
 url = {http://doi.acm.org/10.1145/2335356.2335360},
 doi = {10.1145/2335356.2335360},
 acmid = {2335360},
 publisher = {ACM},
 address = {New York, NY, USA},
 keywords = {Android, mobile phones, smartphones, usable security},
}

@article{Cao:2013:NAD:2458517.2458519,
 author = {Cao, Lan and Zhu, Hongwei},
 title = {Normal Accidents: Data Quality Problems in ERP-enabled Manufacturing},
 journal = {J. Data and Information Quality},
 issue_date = {May 2013},
 volume = {4},
 number = {3},
 month = may,
 year = {2013},
 issn = {1936-1955},
 pages = {11:1--11:26},
 articleno = {11},
 numpages = {26},
 url = {http://doi.acm.org/10.1145/2458517.2458519},
 doi = {10.1145/2458517.2458519},
 acmid = {2458519},
 publisher = {ACM},
 address = {New York, NY, USA},
 keywords = {Data quality, ERP, complexity, enterprise resource planning, normal accident, tight coupling},
}

@article{Jiang:2018:POU:3290265.3274349,
 author = {Jiang, Jialun "Aaron" and Fiesler, Casey and Brubaker, Jed R.},
 title = {'The Perfect One': Understanding Communication Practices and Challenges with Animated GIFs},
 journal = {Proc. ACM Hum.-Comput. Interact.},
 issue_date = {November 2018},
 volume = {2},
 number = {CSCW},
 month = nov,
 year = {2018},
 issn = {2573-0142},
 pages = {80:1--80:20},
 articleno = {80},
 numpages = {20},
 url = {http://doi.acm.org/10.1145/3274349},
 doi = {10.1145/3274349},
 acmid = {3274349},
 publisher = {ACM},
 address = {New York, NY, USA},
 keywords = {animated gifs, cmc, emotion, nonverbal communication, social media},
}

@incollection{Newell:2007:CSE:1283920.1283930,
 author = {Newell, Allen and Simon, Herbert A.},
 chapter = {Computer Science As Empirical Inquiry: Symbols and Search},
 title = {ACM Turing Award Lectures},
 year = {2007},
 isbn = {978-1-4503-1049-9},
 articleno = {1975},
 url = {http://doi.acm.org/10.1145/1283920.1283930},
 doi = {10.1145/1283920.1283930},
 acmid = {1283930},
 publisher = {ACM},
 address = {New York, NY, USA},
 keywords = {LISP, Turing, artificial intelligence, cognition, computer science, empirical, heuristics, integer programming, intelligence, list processing, problem solving, science, search, symbols},
}

@article{Findler:1977:SMC:359461.363617,
 author = {Findler, Nicholas V.},
 title = {Studies in Machine Cognition Using the Game of Poker},
 journal = {Commun. ACM},
 issue_date = {April 1977},
 volume = {20},
 number = {4},
 month = apr,
 year = {1977},
 issn = {0001-0782},
 pages = {230--245},
 numpages = {16},
 url = {http://doi.acm.org/10.1145/359461.363617},
 doi = {10.1145/359461.363617},
 acmid = {363617},
 publisher = {ACM},
 address = {New York, NY, USA},
}

@article{Even:2009:DAD:1659225.1659228,
 author = {Even, Adir and Shankaranarayanan, G.},
 title = {Dual Assessment of Data Quality in Customer Databases},
 journal = {J. Data and Information Quality},
 issue_date = {December 2009},
 volume = {1},
 number = {3},
 month = dec,
 year = {2009},
 issn = {1936-1955},
 pages = {15:1--15:29},
 articleno = {15},
 numpages = {29},
 url = {http://doi.acm.org/10.1145/1659225.1659228},
 doi = {10.1145/1659225.1659228},
 acmid = {1659228},
 publisher = {ACM},
 address = {New York, NY, USA},
 keywords = {CRM, Data quality, customer relationship management, databases, information value, total data quality management},
}

@article{Zhan:2015:CCR:2775083.2788397,
 author = {Zhan, Zhi-Hui and Liu, Xiao-Fang and Gong, Yue-Jiao and Zhang, Jun and Chung, Henry Shu-Hung and Li, Yun},
 title = {Cloud Computing Resource Scheduling and a Survey of Its Evolutionary Approaches},
 journal = {ACM Comput. Surv.},
 issue_date = {July 2015},
 volume = {47},
 number = {4},
 month = jul,
 year = {2015},
 issn = {0360-0300},
 pages = {63:1--63:33},
 articleno = {63},
 numpages = {33},
 url = {http://doi.acm.org/10.1145/2788397},
 doi = {10.1145/2788397},
 acmid = {2788397},
 publisher = {ACM},
 address = {New York, NY, USA},
 keywords = {Cloud computing, ant colony optimization, evolutionary computation, genetic algorithm, particle swarm optimization, resource scheduling},
}

@Article{Langston:1990:379172,
 editor = {Langston, Michael A.},
 journal = {SIGACT News},
 year = {1990},
 issn = {0163-5700},
 volume = {21},
 number = {2},
 issue_date = {Spring 1990},
 publisher = {ACM},
 address = {New York, NY, USA},
}

@article{Barnard:2000:SIM:353485.353490,
 author = {Barnard, Philip and May, Jon and Duke, David and Duce, David},
 title = {Systems, Interactions, and Macrotheory},
 journal = {ACM Trans. Comput.-Hum. Interact.},
 issue_date = {June 2000},
 volume = {7},
 number = {2},
 month = jun,
 year = {2000},
 issn = {1073-0516},
 pages = {222--262},
 numpages = {41},
 url = {http://doi.acm.org/10.1145/353485.353490},
 doi = {10.1145/353485.353490},
 acmid = {353490},
 publisher = {ACM},
 address = {New York, NY, USA},
 keywords = {cognitive models, computing system models, models of interaction},
}

@article{Cho:2015:STM:2830539.2815595,
 author = {Cho, Jin-Hee and Chan, Kevin and Adali, Sibel},
 title = {A Survey on Trust Modeling},
 journal = {ACM Comput. Surv.},
 issue_date = {November 2015},
 volume = {48},
 number = {2},
 month = oct,
 year = {2015},
 issn = {0360-0300},
 pages = {28:1--28:40},
 articleno = {28},
 numpages = {40},
 url = {http://doi.acm.org/10.1145/2815595},
 doi = {10.1145/2815595},
 acmid = {2815595},
 publisher = {ACM},
 address = {New York, NY, USA},
 keywords = {Trust modeling, composite trust, decision making, trust, trustee, trustor},
}

@article{Kiraly:2012:AGC:2188385.2188416,
 author = {Kir\'{a}ly, Franz J. and B\"{u}nau, Paul Von and Meinecke, Frank C. and Blythe, Duncan A. J. and M\"{u}ller, Klaus-Robert},
 title = {Algebraic Geometric Comparison of Probability Distributions},
 journal = {J. Mach. Learn. Res.},
 issue_date = {3/1/2012},
 volume = {13},
 month = mar,
 year = {2012},
 issn = {1532-4435},
 pages = {855--903},
 numpages = {49},
 url = {http://dl.acm.org/citation.cfm?id=2188385.2188416},
 acmid = {2188416},
 publisher = {JMLR.org},
 keywords = {approximate algebra, computational algebraic geometry, unsupervised Learning},
}

@article{Kiraly:2012:AGC:2503308.2188416,
 author = {Kir\'{a}ly, Franz J. and B\"{u}nau, Paul Von and Meinecke, Frank C. and Blythe, Duncan A. J. and M\"{u}ller, Klaus-Robert},
 title = {Algebraic Geometric Comparison of Probability Distributions},
 journal = {J. Mach. Learn. Res.},
 issue_date = {January 2012},
 volume = {13},
 number = {1},
 month = mar,
 year = {2012},
 issn = {1532-4435},
 pages = {855--903},
 numpages = {49},
 url = {http://dl.acm.org/citation.cfm?id=2503308.2188416},
 acmid = {2188416},
 publisher = {JMLR.org},
 keywords = {approximate algebra, computational algebraic geometry, unsupervised Learning},
}

@article{Bonyadi:2017:BRP:3068855.3068856,
 author = {Bonyadi, Mohammad Reza and Michalewicz, Zbigniew},
 title = {Book Review: Particle Swarm Optimization for Single Objective Continuous Space Problems: A Review},
 journal = {Evol. Comput.},
 issue_date = {Spring 2017},
 volume = {25},
 number = {1},
 month = mar,
 year = {2017},
 issn = {1063-6560},
 pages = {1--54},
 numpages = {54},
 url = {https://doi.org/10.1162/EVCO_r_00180},
 doi = {10.1162/EVCO_r_00180},
 acmid = {3068856},
 publisher = {MIT Press},
 address = {Cambridge, MA, USA},
 keywords = {Particle swarm optimization, constrained optimization., invariance, local convergence, parameter selection, stability analysis, topology},
}

