@article{McKenna:2004:CIP:1026487.1008041,
 author = {McKenna, Peter and Laycock, Ben},
 title = {Constructivist or Instructivist: Pedagogical Concepts Practically Applied to a Computer Learning Environment},
 journal = {SIGCSE Bull.},
 issue_date = {September 2004},
 volume = {36},
 number = {3},
 month = jun,
 year = {2004},
 issn = {0097-8418},
 pages = {166--170},
 numpages = {5},
 url = {http://doi.acm.org/10.1145/1026487.1008041},
 doi = {10.1145/1026487.1008041},
 acmid = {1008041},
 publisher = {ACM},
 address = {New York, NY, USA},
 keywords = {CAI, computer assisted instruction, constructivism, e-learning, learning models, learning technology},
}

@inproceedings{McKenna:2004:CIP:1007996.1008041,
 author = {McKenna, Peter and Laycock, Ben},
 title = {Constructivist or Instructivist: Pedagogical Concepts Practically Applied to a Computer Learning Environment},
 booktitle = {Proceedings of the 9th Annual SIGCSE Conference on Innovation and Technology in Computer Science Education},
 series = {ITiCSE '04},
 year = {2004},
 isbn = {1-58113-836-9},
 location = {Leeds, United Kingdom},
 pages = {166--170},
 numpages = {5},
 url = {http://doi.acm.org/10.1145/1007996.1008041},
 doi = {10.1145/1007996.1008041},
 acmid = {1008041},
 publisher = {ACM},
 address = {New York, NY, USA},
 keywords = {CAI, computer assisted instruction, constructivism, e-learning, learning models, learning technology},
}

@inproceedings{Gaspar:2016:DLP:2839509.2844627,
 author = {Gaspar, Alessio and Torsella, Joni and Honken, Nora and Sohoni, Sohum and Arnold, Colin},
 title = {Differences in the Learning Principles Dominating Student-Student vs. Student-Instructor Interactions While Working on Programming Tasks},
 booktitle = {Proceedings of the 47th ACM Technical Symposium on Computing Science Education},
 series = {SIGCSE '16},
 year = {2016},
 isbn = {978-1-4503-3685-7},
 location = {Memphis, Tennessee, USA},
 pages = {255--260},
 numpages = {6},
 url = {http://doi.acm.org/10.1145/2839509.2844627},
 doi = {10.1145/2839509.2844627},
 acmid = {2844627},
 publisher = {ACM},
 address = {New York, NY, USA},
 keywords = {learning principles, novice programmers, peer learning},
}

@article{Lyster:1986:UMO:15003.15013,
 author = {Lyster, Norman C},
 title = {The Use of the Music Operating System to Supplement the Teaching of Cobol},
 journal = {SIGCSE Bull.},
 issue_date = {Dec. 1986},
 volume = {18},
 number = {4},
 month = dec,
 year = {1986},
 issn = {0097-8418},
 pages = {46--49},
 numpages = {4},
 url = {http://doi.acm.org/10.1145/15003.15013},
 doi = {10.1145/15003.15013},
 acmid = {15013},
 publisher = {ACM},
 address = {New York, NY, USA},
}

@article{Mahoney:1986:HIP:15003.15014,
 author = {Mahoney, Michael K},
 title = {Hardware Independent Programming for a Computer Graphics Course},
 journal = {SIGCSE Bull.},
 issue_date = {Dec. 1986},
 volume = {18},
 number = {4},
 month = dec,
 year = {1986},
 issn = {0097-8418},
 pages = {50--53},
 numpages = {4},
 url = {http://doi.acm.org/10.1145/15003.15014},
 doi = {10.1145/15003.15014},
 acmid = {15014},
 publisher = {ACM},
 address = {New York, NY, USA},
}

@inproceedings{Gaspar:2013:PRU:2512276.2512301,
 author = {Gaspar, Alessio and Langevin, Sarah and Boyer, Naomi and Tindell, Ralph},
 title = {A Preliminary Review of Undergraduate Programming Students' Perspectives on Writing Tests, Working with Others, \&\#38; Using Peer Testing},
 booktitle = {Proceedings of the 14th Annual ACM SIGITE Conference on Information Technology Education},
 series = {SIGITE '13},
 year = {2013},
 isbn = {978-1-4503-2239-3},
 location = {Orlando, Florida, USA},
 pages = {109--114},
 numpages = {6},
 url = {http://doi.acm.org/10.1145/2512276.2512301},
 doi = {10.1145/2512276.2512301},
 acmid = {2512301},
 publisher = {ACM},
 address = {New York, NY, USA},
 keywords = {novice programmers, peer testing, programming pedagogy},
}

@article{Gaspar:2012:ERI:2382887.2382908,
 author = {Gaspar, Alessio and Langevin, Sarah},
 title = {An Experience Report on Improving Constructive Alignment in an Introduction to Programming},
 journal = {J. Comput. Sci. Coll.},
 issue_date = {December 2012},
 volume = {28},
 number = {2},
 month = dec,
 year = {2012},
 issn = {1937-4771},
 pages = {132--140},
 numpages = {9},
 url = {http://dl.acm.org/citation.cfm?id=2382887.2382908},
 acmid = {2382908},
 publisher = {Consortium for Computing Sciences in Colleges},
 address = {USA},
}

@inproceedings{Notari:2013:EFA:2491055.2491096,
 author = {Notari, Michele and Sch\"{a}r, Sonja and Chu, Samuel Kai Wah and Schellenberg, Martin},
 title = {Empowering Formative Assessment Using Embedded Web Widgets in Wikis},
 booktitle = {Proceedings of the 9th International Symposium on Open Collaboration},
 series = {WikiSym '13},
 year = {2013},
 isbn = {978-1-4503-1852-5},
 location = {Hong Kong, China},
 pages = {41:1--41:7},
 articleno = {41},
 numpages = {7},
 url = {http://doi.acm.org/10.1145/2491055.2491096},
 doi = {10.1145/2491055.2491096},
 acmid = {2491096},
 publisher = {ACM},
 address = {New York, NY, USA},
 keywords = {collaboration, formative evaluation, inter-group collaboration, large scale collaboration, long term projects, project-based learning, web widget},
}

@inproceedings{Apiola:2010:CIM:1822090.1822147,
 author = {Apiola, Mikko and Lattu, Matti and Pasanen, Tomi A.},
 title = {Creativity and Intrinsic Motivation in Computer Science Education: Experimenting with Robots},
 booktitle = {Proceedings of the Fifteenth Annual Conference on Innovation and Technology in Computer Science Education},
 series = {ITiCSE '10},
 year = {2010},
 isbn = {978-1-60558-820-9},
 location = {Bilkent, Ankara, Turkey},
 pages = {199--203},
 numpages = {5},
 url = {http://doi.acm.org/10.1145/1822090.1822147},
 doi = {10.1145/1822090.1822147},
 acmid = {1822147},
 publisher = {ACM},
 address = {New York, NY, USA},
 keywords = {constructionism, creativity, motivation, open learning environment, robotics},
}

@inproceedings{Aleksic:2015:DGL:2801081.2801090,
 author = {Aleksi\'{c}, Veljko and Ivanovi\'{c}, Mirjana},
 title = {Can Digital Game-Based Learning Be Incorporated in Serbian Primary School Curricula's?},
 booktitle = {Proceedings of the 7th Balkan Conference on Informatics Conference},
 series = {BCI '15},
 year = {2015},
 isbn = {978-1-4503-3335-1},
 location = {Craiova, Romania},
 pages = {38:1--38:7},
 articleno = {38},
 numpages = {7},
 url = {http://doi.acm.org/10.1145/2801081.2801090},
 doi = {10.1145/2801081.2801090},
 acmid = {2801090},
 publisher = {ACM},
 address = {New York, NY, USA},
 keywords = {Educational Standard, Game-Based Learning, Primary Education},
}

@inproceedings{Gaspar:2013:SPO:2512276.2512296,
 author = {Gaspar, Alessio and Langevin, Sarah and Boyer, Naomi and Bennett, Cliff},
 title = {Student Perspective on an Online Asynchronous Introduction to Linux Based on User-first Pedagogy},
 booktitle = {Proceedings of the 14th Annual ACM SIGITE Conference on Information Technology Education},
 series = {SIGITE '13},
 year = {2013},
 isbn = {978-1-4503-2239-3},
 location = {Orlando, Florida, USA},
 pages = {23--28},
 numpages = {6},
 url = {http://doi.acm.org/10.1145/2512276.2512296},
 doi = {10.1145/2512276.2512296},
 acmid = {2512296},
 publisher = {ACM},
 address = {New York, NY, USA},
 keywords = {attitude surveys, bloom taxonomy, linux, online learning},
}

@inproceedings{Polys:2017:FFU:3055624.3075955,
 author = {Polys, Nicholas and Hotter, Jessica and Lanier, Madison and Purcell, Laura and Wolf, Jordan and Hession, W. Cully and Sforza, Peter and Ivory, James D.},
 title = {Finding Frogs: Using Game-based Learning to Increase Environmental Awareness},
 booktitle = {Proceedings of the 22Nd International Conference on 3D Web Technology},
 series = {Web3D '17},
 year = {2017},
 isbn = {978-1-4503-4955-0},
 location = {Brisbane, Queensland, Australia},
 pages = {10:1--10:8},
 articleno = {10},
 numpages = {8},
 url = {http://doi.acm.org/10.1145/3055624.3075955},
 doi = {10.1145/3055624.3075955},
 acmid = {3075955},
 publisher = {ACM},
 address = {New York, NY, USA},
 keywords = {education, environmental awareness, game-based learning},
}

@inproceedings{Shillair:2016:TOS:2987592.2987605,
 author = {Shillair, Ruth},
 title = {Talking About Online Safety: A Qualitative Study Exploring the Cybersecurity Learning Process of Online Labor Market Workers},
 booktitle = {Proceedings of the 34th ACM International Conference on the Design of Communication},
 series = {SIGDOC '16},
 year = {2016},
 isbn = {978-1-4503-4495-1},
 location = {Silver Spring, MD, USA},
 pages = {21:1--21:9},
 articleno = {21},
 numpages = {9},
 url = {http://doi.acm.org/10.1145/2987592.2987605},
 doi = {10.1145/2987592.2987605},
 acmid = {2987605},
 publisher = {ACM},
 address = {New York, NY, USA},
 keywords = {Security, learning about online security, learning theories for online security},
}

@inproceedings{Grohe:2001:PCD:375551.375564,
 author = {Grohe, Martin},
 title = {The Parameterized Complexity of Database Queries},
 booktitle = {Proceedings of the Twentieth ACM SIGMOD-SIGACT-SIGART Symposium on Principles of Database Systems},
 series = {PODS '01},
 year = {2001},
 isbn = {1-58113-361-8},
 location = {Santa Barbara, California, USA},
 pages = {82--92},
 numpages = {11},
 url = {http://doi.acm.org/10.1145/375551.375564},
 doi = {10.1145/375551.375564},
 acmid = {375564},
 publisher = {ACM},
 address = {New York, NY, USA},
}

@article{Apiola:2012:CLE:2275597.2275600,
 author = {Apiola, Mikko and Lattu, Matti and Pasanen, Tomi A.},
 title = {Creativity-Supporting Learning Environment---CSLE},
 journal = {Trans. Comput. Educ.},
 issue_date = {July 2012},
 volume = {12},
 number = {3},
 month = jul,
 year = {2012},
 issn = {1946-6226},
 pages = {11:1--11:25},
 articleno = {11},
 numpages = {25},
 url = {http://doi.acm.org/10.1145/2275597.2275600},
 doi = {10.1145/2275597.2275600},
 acmid = {2275600},
 publisher = {ACM},
 address = {New York, NY, USA},
 keywords = {Robotics, creativity, motivation, open learning environment},
}

