@inproceedings{Parker:2019:TAR:3306618.3314274,
 author = {Parker, Jack and Danks, David},
 title = {How Technological Advances Can Reveal Rights},
 booktitle = {Proceedings of the 2019 AAAI/ACM Conference on AI, Ethics, and Society},
 series = {AIES '19},
 year = {2019},
 isbn = {978-1-4503-6324-2},
 location = {Honolulu, HI, USA},
 pages = {201--201},
 numpages = {1},
 url = {http://doi.acm.org/10.1145/3306618.3314274},
 doi = {10.1145/3306618.3314274},
 acmid = {3314274},
 publisher = {ACM},
 address = {New York, NY, USA},
 keywords = {interest theory, right to be forgotten, right to disconnect, rights},
}

@article{Hudson:2001:DGI:967240.967252,
 author = {Hudson, William},
 title = {Designing for the Grand Illusion},
 journal = {SIGCHI Bull.: suppl. <i>interactions</i>},
 issue_date = {November-December 2001},
 volume = {2001},
 month = nov,
 year = {2001},
 issn = {1558-1217},
 pages = {8--8},
 numpages = {1},
 url = {http://doi.acm.org/10.1145/967240.967252},
 doi = {10.1145/967240.967252},
 acmid = {967252},
 publisher = {ACM},
 address = {New York, NY, USA},
}

@inproceedings{McKinnon:2004:CSP:986537.986597,
 author = {McKinnon, Lynn D. and North, Max M.},
 title = {A Comparative Study of Presence in Virtual Reality vs. Presence in the Real World},
 booktitle = {Proceedings of the 42Nd Annual Southeast Regional Conference},
 series = {ACM-SE 42},
 year = {2004},
 isbn = {1-58113-870-9},
 location = {Huntsville, Alabama},
 pages = {253--254},
 numpages = {2},
 url = {http://doi.acm.org/10.1145/986537.986597},
 doi = {10.1145/986537.986597},
 acmid = {986597},
 publisher = {ACM},
 address = {New York, NY, USA},
 keywords = {sense of presence, virtual environments, virtual reality},
}

@article{Winslett:2019:PBS:3316416.3316423,
 author = {Winslett, Marianne and Braganholo, Vanessa},
 title = {Peter Bailis Speaks Out on Building Tools Users Want to Use},
 journal = {SIGMOD Rec.},
 issue_date = {September 2018},
 volume = {47},
 number = {3},
 month = feb,
 year = {2019},
 issn = {0163-5808},
 pages = {29--31},
 numpages = {3},
 url = {http://doi.acm.org/10.1145/3316416.3316423},
 doi = {10.1145/3316416.3316423},
 acmid = {3316423},
 publisher = {ACM},
 address = {New York, NY, USA},
}

@inproceedings{Ampatzoglou:2018:FMI:3194164.3194175,
 author = {Ampatzoglou, Areti and Michailidis, Alexandros and Sarikyriakidis, Christos and Ampatzoglou, Apostolos and Chatzigeorgiou, Alexander and Avgeriou, Paris},
 title = {A Framework for Managing Interest in Technical Debt: An Industrial Validation},
 booktitle = {Proceedings of the 2018 International Conference on Technical Debt},
 series = {TechDebt '18},
 year = {2018},
 isbn = {978-1-4503-5713-5},
 location = {Gothenburg, Sweden},
 pages = {115--124},
 numpages = {10},
 url = {http://doi.acm.org/10.1145/3194164.3194175},
 doi = {10.1145/3194164.3194175},
 acmid = {3194175},
 publisher = {ACM},
 address = {New York, NY, USA},
 keywords = {empirical study, interest, technical debt},
}

@article{Clear:2001:RPN:571922.571930,
 author = {Clear, Tony},
 title = {Research Paradigms and the Nature of Meaning and Truth},
 journal = {SIGCSE Bull.},
 issue_date = {June 2001},
 volume = {33},
 number = {2},
 month = jun,
 year = {2001},
 issn = {0097-8418},
 pages = {9--10},
 numpages = {2},
 url = {http://doi.acm.org/10.1145/571922.571930},
 doi = {10.1145/571922.571930},
 acmid = {571930},
 publisher = {ACM},
 address = {New York, NY, USA},
}

@article{Lindsey:1983:ANN:1061780.1061782,
 author = {Lindsey, C. H.},
 title = {Announcements},
 journal = {ALGOL Bull.},
 issue_date = {May. 1983},
 number = {49},
 month = may,
 year = {1983},
 issn = {0084-6198},
 pages = {2--4},
 numpages = {3},
 url = {http://dl.acm.org/citation.cfm?id=1061780.1061782},
 acmid = {1061782},
 publisher = {Computer History Museum},
 address = {Mountain View, CA, United States},
}

@article{Morris:1971:RIP:362588.362598,
 author = {Morris,Jr., James H.},
 title = {Another Recursion Induction Principle},
 journal = {Commun. ACM},
 issue_date = {May 1971},
 volume = {14},
 number = {5},
 month = may,
 year = {1971},
 issn = {0001-0782},
 pages = {351--354},
 numpages = {4},
 url = {http://doi.acm.org/10.1145/362588.362598},
 doi = {10.1145/362588.362598},
 acmid = {362598},
 publisher = {ACM},
 address = {New York, NY, USA},
 keywords = {compiler correctness, correctness, induction, proofs, recursion},
}

@inproceedings{Harel:1994:IPI:182591.182592,
 author = {Harel, David},
 title = {Will I Be Pretty, Will I Be Rich?: Some Thoughts on Theory vs. Practice in Systems Engineering},
 booktitle = {Proceedings of the Thirteenth ACM SIGACT-SIGMOD-SIGART Symposium on Principles of Database Systems},
 series = {PODS '94},
 year = {1994},
 isbn = {0-89791-642-5},
 location = {Minneapolis, Minnesota, USA},
 pages = {1--3},
 numpages = {3},
 url = {http://doi.acm.org/10.1145/182591.182592},
 doi = {10.1145/182591.182592},
 acmid = {182592},
 publisher = {ACM},
 address = {New York, NY, USA},
}

@article{Harel:1995:IPI:202840.202843,
 author = {Harel, David},
 title = {Will I Be Pretty, Will I Be Rich?: Some Thoughts on Theory vs. Practice in Systems Engineering},
 journal = {SIGACT News},
 issue_date = {June 1995},
 volume = {26},
 number = {2},
 month = jun,
 year = {1995},
 issn = {0163-5700},
 pages = {21--25},
 numpages = {5},
 url = {http://doi.acm.org/10.1145/202840.202843},
 doi = {10.1145/202840.202843},
 acmid = {202843},
 publisher = {ACM},
 address = {New York, NY, USA},
}

@inproceedings{Vernon-Bido:2017:DKI:3106388.3106404,
 author = {Vernon-Bido, Daniele and Collins, Andrew},
 title = {Dynamics of Knowledge-seeking Interactions in Organizational Networks},
 booktitle = {Proceedings of the 50th Annual Simulation Symposium},
 series = {ANSS '17},
 year = {2017},
 location = {Virginia Beach, Virginia},
 pages = {16:1--16:9},
 articleno = {16},
 numpages = {9},
 url = {http://dl.acm.org/citation.cfm?id=3106388.3106404},
 acmid = {3106404},
 publisher = {Society for Computer Simulation International},
 address = {San Diego, CA, USA},
 keywords = {agent-based modeling, communication structures, organization, simulation},
}

@inproceedings{Rughinis:2016:ICS:2851581.2892580,
 author = {Rughini\c{s}, Cosima and Rughini\c{s}, Razvan and Hum\u{a}, Bogdana},
 title = {Impromptu Crowd Science and the Mystery of the Bechdel-Wallace Test Movement},
 booktitle = {Proceedings of the 2016 CHI Conference Extended Abstracts on Human Factors in Computing Systems},
 series = {CHI EA '16},
 year = {2016},
 isbn = {978-1-4503-4082-3},
 location = {San Jose, California, USA},
 pages = {487--500},
 numpages = {14},
 url = {http://doi.acm.org/10.1145/2851581.2892580},
 doi = {10.1145/2851581.2892580},
 acmid = {2892580},
 publisher = {ACM},
 address = {New York, NY, USA},
 keywords = {citizen science, crowd science, digitally distributed knowledge, gender representations, the Bechdel-Wallace test},
}

@inproceedings{SaiTeja:2007:WCA:1378063.1378124,
 author = {Sai Teja, P. V. and Reddy, T. H. V. and Rohit, P. E. and N, Prashanth and Mittal, S. and Tapaswi, S.},
 title = {Web Content Adaptation Classification and Summarization in Mobile Devices},
 booktitle = {Proceedings of the 4th International Conference on Mobile Technology, Applications, and Systems and the 1st International Symposium on Computer Human Interaction in Mobile Technology},
 series = {Mobility '07},
 year = {2007},
 isbn = {978-1-59593-819-0},
 location = {Singapore},
 pages = {380--385},
 numpages = {6},
 url = {http://doi.acm.org/10.1145/1378063.1378124},
 doi = {10.1145/1378063.1378124},
 acmid = {1378124},
 publisher = {ACM},
 address = {New York, NY, USA},
 keywords = {Bayesian classifier, classification, feature score, small displays, summarization, web browsing, web server},
}

@article{Fich:1997:IIR:262301.262311,
 author = {Fich, Faith},
 title = {Infrastructure Issues Related to Theory of Computing Research},
 journal = {SIGACT News},
 issue_date = {Sept. 1997},
 volume = {28},
 number = {3},
 month = sep,
 year = {1997},
 issn = {0163-5700},
 pages = {94--99},
 numpages = {6},
 url = {http://doi.acm.org/10.1145/262301.262311},
 doi = {10.1145/262301.262311},
 acmid = {262311},
 publisher = {ACM},
 address = {New York, NY, USA},
}

@inproceedings{Parker:2012:UCL:2351316.2351317,
 author = {Parker, Charles},
 title = {Unexpected Challenges in Large Scale Machine Learning},
 booktitle = {Proceedings of the 1st International Workshop on Big Data, Streams and Heterogeneous Source Mining: Algorithms, Systems, Programming Models and Applications},
 series = {BigMine '12},
 year = {2012},
 isbn = {978-1-4503-1547-0},
 location = {Beijing, China},
 pages = {1--6},
 numpages = {6},
 url = {http://doi.acm.org/10.1145/2351316.2351317},
 doi = {10.1145/2351316.2351317},
 acmid = {2351317},
 publisher = {ACM},
 address = {New York, NY, USA},
 keywords = {big data, concept drift, non-stationary analysis, supervised learning},
}

@inproceedings{Sanders:2005:GTE:1117417.1117423,
 author = {Sanders, Jo},
 title = {Gender and Technology in Education: What the Research Tells Us},
 booktitle = {Proceedings of the International Symposium on Women and ICT: Creating Global Transformation},
 series = {CWIT '05},
 year = {2005},
 isbn = {1-59593-301-8},
 location = {Baltimore, Maryland, USA},
 articleno = {6},
 url = {http://doi.acm.org/10.1145/1117417.1117423},
 doi = {10.1145/1117417.1117423},
 acmid = {1117423},
 publisher = {ACM},
 address = {New York, NY, USA},
 keywords = {education, gender, information technology, women studies},
}

@article{Ibanez:2009:CRU:1595453.1595482,
 author = {Ib\'{a}\~{n}ez, Jes\'{u}s and S\'{a}nchez, Ana},
 title = {Constructive Reduction: Understanding Uncomputability Through Programming},
 journal = {SIGCSE Bull.},
 issue_date = {June 2009},
 volume = {41},
 number = {2},
 month = jun,
 year = {2009},
 issn = {0097-8418},
 pages = {90--94},
 numpages = {5},
 url = {http://doi.acm.org/10.1145/1595453.1595482},
 doi = {10.1145/1595453.1595482},
 acmid = {1595482},
 publisher = {ACM},
 address = {New York, NY, USA},
 keywords = {S-m-n theorem, programming approach, reduction in computability},
}

@article{Morrison:1975:LIS:1095271.1095273,
 author = {Morrison, D. R.},
 title = {On the Language of Information Science},
 journal = {SIGIR Forum},
 issue_date = {Summer 1975},
 volume = {10},
 number = {1},
 month = jul,
 year = {1975},
 issn = {0163-5840},
 pages = {21--32},
 numpages = {12},
 url = {http://doi.acm.org/10.1145/1095271.1095273},
 doi = {10.1145/1095271.1095273},
 acmid = {1095273},
 publisher = {ACM},
 address = {New York, NY, USA},
}

@inproceedings{Sibun:1988:DGL:991719.991766,
 author = {Sibun, Penelope and Huettner, Alison K. and Mcdonald, David D.},
 title = {Directing the Generation of Living Space Descriptions},
 booktitle = {Proceedings of the 12th Conference on Computational Linguistics - Volume 2},
 series = {COLING '88},
 year = {1988},
 isbn = {963 8431 56 3},
 location = {Budapest, Hungry},
 pages = {626--629},
 numpages = {4},
 url = {https://doi.org/10.3115/991719.991766},
 doi = {10.3115/991719.991766},
 acmid = {991766},
 publisher = {Association for Computational Linguistics},
 address = {Stroudsburg, PA, USA},
}

@inproceedings{Soloway:1983:BND:800045.801619,
 author = {Soloway, Elliot and Ehrlich, Kate and Black, John B.},
 title = {Beyond Numbers: Don'T Ask \&Ldquo;How Many\&Rdquo; ... Ask \&Ldquo;Why\&Rdquo;},
 booktitle = {Proceedings of the SIGCHI Conference on Human Factors in Computing Systems},
 series = {CHI '83},
 year = {1983},
 isbn = {0-89791-121-0},
 location = {Boston, Massachusetts, USA},
 pages = {240--246},
 numpages = {7},
 url = {http://doi.acm.org/10.1145/800045.801619},
 doi = {10.1145/800045.801619},
 acmid = {801619},
 publisher = {ACM},
 address = {New York, NY, USA},
}

@article{Greenbaum:1990:ZAT:379288.379293,
 author = {Greenbaum, Joan and Mathiassen, Lars},
 title = {Zen and the Art of Teaching Systems Development},
 journal = {SIGCAS Comput. Soc.},
 issue_date = {March 1990},
 volume = {20},
 number = {1},
 month = mar,
 year = {1990},
 issn = {0095-2737},
 pages = {26--30},
 numpages = {5},
 url = {http://doi.acm.org/10.1145/379288.379293},
 doi = {10.1145/379288.379293},
 acmid = {379293},
 publisher = {ACM},
 address = {New York, NY, USA},
}

@article{Palsberg:1992:TDO:130943.130949,
 author = {Palsberg, Jens and Schwartzbach, Michael I.},
 title = {Three Discussions on Object-oriented Typing},
 journal = {SIGPLAN OOPS Mess.},
 issue_date = {April 1992},
 volume = {3},
 number = {2},
 month = apr,
 year = {1992},
 issn = {1055-6400},
 pages = {31--38},
 numpages = {8},
 url = {http://doi.acm.org/10.1145/130943.130949},
 doi = {10.1145/130943.130949},
 acmid = {130949},
 publisher = {ACM},
 address = {New York, NY, USA},
}

@article{Fich:1996:IIR:242224.242502,
 author = {Fich, Faith},
 title = {Infrastructure Issues Related to Theory of Computing Research},
 journal = {ACM Comput. Surv.},
 issue_date = {Dec. 1996},
 volume = {28},
 number = {4es},
 month = dec,
 year = {1996},
 issn = {0360-0300},
 articleno = {217},
 url = {http://doi.acm.org/10.1145/242224.242502},
 doi = {10.1145/242224.242502},
 acmid = {242502},
 publisher = {ACM},
 address = {New York, NY, USA},
}

@inproceedings{Magner:2010:PII:1854360.1854361,
 author = {Magner, Ulrike and Schwonke, Rolf and Renkl, Alexander and Aleven, Vincent A. W. M. M. and Popescu, Octav},
 title = {Pictorial Illustrations in Intelligent Tutoring Systems: Do They Distract or Elicit Interest and Engagement?},
 booktitle = {Proceedings of the 9th International Conference of the Learning Sciences - Volume 1},
 series = {ICLS '10},
 year = {2010},
 location = {Chicago, Illinois},
 pages = {1--8},
 numpages = {8},
 url = {http://dl.acm.org/citation.cfm?id=1854360.1854361},
 acmid = {1854361},
 publisher = {International Society of the Learning Sciences},
}

@article{Winslett:2012:CBS:2206869.2206877,
 author = {Winslett, Marianne and Braganholo, Vanessa},
 title = {Catriel Beeri Speaks out: On His Favorite Pieces of Work and on the Importance of Sabbaticals},
 journal = {SIGMOD Rec.},
 issue_date = {March 2012},
 volume = {41},
 number = {1},
 month = apr,
 year = {2012},
 issn = {0163-5808},
 pages = {40--49},
 numpages = {10},
 url = {http://doi.acm.org/10.1145/2206869.2206877},
 doi = {10.1145/2206869.2206877},
 acmid = {2206877},
 publisher = {ACM},
 address = {New York, NY, USA},
}

@inproceedings{Riggs:2001:AAR:379437.379731,
 author = {Riggs, Tracy and Wilensky, Robert},
 title = {An Algorithm for Automated Rating of Reviewers},
 booktitle = {Proceedings of the 1st ACM/IEEE-CS Joint Conference on Digital Libraries},
 series = {JCDL '01},
 year = {2001},
 isbn = {1-58113-345-6},
 location = {Roanoke, Virginia, USA},
 pages = {381--387},
 numpages = {7},
 url = {http://doi.acm.org/10.1145/379437.379731},
 doi = {10.1145/379437.379731},
 acmid = {379731},
 publisher = {ACM},
 address = {New York, NY, USA},
}

@article{Hadzilacos:1997:EEM:262762.262766,
 author = {Hadzilacos, Thanasis and Tryfona, Nectaria},
 title = {An Extended Entity-relationship Model for Geographic Applications},
 journal = {SIGMOD Rec.},
 issue_date = {Sept. 1997},
 volume = {26},
 number = {3},
 month = sep,
 year = {1997},
 issn = {0163-5808},
 pages = {24--29},
 numpages = {6},
 url = {http://doi.acm.org/10.1145/262762.262766},
 doi = {10.1145/262762.262766},
 acmid = {262766},
 publisher = {ACM},
 address = {New York, NY, USA},
}

@inproceedings{Fazel-Zarandi:2011:ERB:2039320.2039326,
 author = {Fazel-Zarandi, Maryam and Devlin, Hugh J. and Huang, Yun and Contractor, Noshir},
 title = {Expert Recommendation Based on Social Drivers, Social Network Analysis, and Semantic Data Representation},
 booktitle = {Proceedings of the 2Nd International Workshop on Information Heterogeneity and Fusion in Recommender Systems},
 series = {HetRec '11},
 year = {2011},
 isbn = {978-1-4503-1027-7},
 location = {Chicago, Illinois},
 pages = {41--48},
 numpages = {8},
 url = {http://doi.acm.org/10.1145/2039320.2039326},
 doi = {10.1145/2039320.2039326},
 acmid = {2039326},
 publisher = {ACM},
 address = {New York, NY, USA},
 keywords = {expert recommendation, multi-theoretical multi-level framework, personalized search, scientific collaboration, semantic web, social drivers, social network analysis},
}

@inproceedings{Broder:1996:DDR:237814.237981,
 author = {Broder, Andrei and Upfal, Eli},
 title = {Dynamic Deflection Routing on Arrays (Preliminary Version)},
 booktitle = {Proceedings of the Twenty-eighth Annual ACM Symposium on Theory of Computing},
 series = {STOC '96},
 year = {1996},
 isbn = {0-89791-785-5},
 location = {Philadelphia, Pennsylvania, USA},
 pages = {348--355},
 numpages = {8},
 url = {http://doi.acm.org/10.1145/237814.237981},
 doi = {10.1145/237814.237981},
 acmid = {237981},
 publisher = {ACM},
 address = {New York, NY, USA},
}

@inproceedings{Adesola:2019:BL:3318396.3318409,
 author = {Adesola, Shakirat Abimbola and Li, Yongmin and Liu, Xiaohui},
 title = {Boredom in Learning},
 booktitle = {Proceedings of the 2019 8th International Conference on Educational and Information Technology},
 series = {ICEIT 2019},
 year = {2019},
 isbn = {978-1-4503-6267-2},
 location = {Cambridge, United Kingdom},
 pages = {86--91},
 numpages = {6},
 url = {http://doi.acm.org/10.1145/3318396.3318409},
 doi = {10.1145/3318396.3318409},
 acmid = {3318409},
 publisher = {ACM},
 address = {New York, NY, USA},
 keywords = {Interest and cognitive strategy use, Keywords-component: Boredom},
}

@inproceedings{Leonardi:2012:PAO:2213977.2214018,
 author = {Leonardi, Stefano and Roughgarden, Tim},
 title = {Prior-free Auctions with Ordered Bidders},
 booktitle = {Proceedings of the Forty-fourth Annual ACM Symposium on Theory of Computing},
 series = {STOC '12},
 year = {2012},
 isbn = {978-1-4503-1245-5},
 location = {New York, New York, USA},
 pages = {427--434},
 numpages = {8},
 url = {http://doi.acm.org/10.1145/2213977.2214018},
 doi = {10.1145/2213977.2214018},
 acmid = {2214018},
 publisher = {ACM},
 address = {New York, NY, USA},
 keywords = {algorithmic mechanism design, auction theory},
}

@article{Merrett:1984:ERA:984549.984552,
 author = {Merrett, T. H.},
 title = {Extending the Relational Algebra to Capture Less Meaning},
 journal = {SIGMOD Rec.},
 issue_date = {November 1984},
 volume = {14},
 number = {3},
 month = nov,
 year = {1984},
 issn = {0163-5808},
 pages = {55--68},
 numpages = {14},
 url = {http://doi.acm.org/10.1145/984549.984552},
 doi = {10.1145/984549.984552},
 acmid = {984552},
 publisher = {ACM},
 address = {New York, NY, USA},
}

@inproceedings{Johnson:2018:AGP:3213032.3213047,
 author = {Johnson,IV, John J. and Padilla, Jose and Diallo, Saikou Y.},
 title = {The Achievement Gap Phenomenon: A Practical Application of Modeling \&\#38; Simulation},
 booktitle = {Proceedings of the Annual Simulation Symposium},
 series = {ANSS '18},
 year = {2018},
 isbn = {978-1-5108-6014-8},
 location = {Baltimore, Maryland},
 pages = {15:1--15:12},
 articleno = {15},
 numpages = {12},
 url = {http://dl.acm.org/citation.cfm?id=3213032.3213047},
 acmid = {3213047},
 publisher = {Society for Computer Simulation International},
 address = {San Diego, CA, USA},
 keywords = {M\&\#38;S system development framework (MS-SDF), achievement gap, modeling and simulation, system dynamics, systems modeling language (SysML)},
}

@inproceedings{Tanaka:2012:CCH:2342685.2342706,
 author = {Tanaka, Asami and Kameyama, Yukiyoshi},
 title = {A Call-by-name CPS Hierarchy},
 booktitle = {Proceedings of the 11th International Conference on Functional and Logic Programming},
 series = {FLOPS'12},
 year = {2012},
 isbn = {978-3-642-29821-9},
 location = {Kobe, Japan},
 pages = {260--274},
 numpages = {15},
 url = {http://dx.doi.org/10.1007/978-3-642-29822-6_21},
 doi = {10.1007/978-3-642-29822-6_21},
 acmid = {2342706},
 publisher = {Springer-Verlag},
 address = {Berlin, Heidelberg},
}

@inproceedings{Zheng:2018:MMC:3184558.3186349,
 author = {Zheng, Yunhao and Zhang, Xi and Xiao, Yuting},
 title = {Making the Most Cost-effective Decision in Online Paid Q\&\#38;A Community: An Expert Recommender System with Motivation Modeling and Knowledge Pricing},
 booktitle = {Companion Proceedings of the The Web Conference 2018},
 series = {WWW '18},
 year = {2018},
 isbn = {978-1-4503-5640-4},
 location = {Lyon, France},
 pages = {365--372},
 numpages = {8},
 url = {https://doi.org/10.1145/3184558.3186349},
 doi = {10.1145/3184558.3186349},
 acmid = {3186349},
 publisher = {International World Wide Web Conferences Steering Committee},
 address = {Republic and Canton of Geneva, Switzerland},
 keywords = {expert recommendation, knowledge pricing, motivation modeling},
}

@article{Riedesel:1991:BRK:122319.1062678,
 note = {Reviewer-Riedesel, Joel},
 title = {Book Review: Knowledge Representation and Defeasible Reasoning. Edited by Henry E. Kyburg, Jr., Ronald P. Loui, and Greg N. Carlson (Kluwer Academic Press)},
 journal = {SIGART Bull.},
 issue_date = {April 1991},
 volume = {2},
 number = {2},
 month = feb,
 year = {1991},
 issn = {0163-5719},
 pages = {31--36},
 numpages = {6},
 url = {http://doi.acm.org/10.1145/122319.1062678},
 doi = {10.1145/122319.1062678},
 acmid = {1062678},
 publisher = {ACM},
 address = {New York, NY, USA},
}

@inproceedings{Muller:2016:MLG:2957276.2957280,
 author = {Muller, Michael and Guha, Shion and Baumer, Eric P.S. and Mimno, David and Shami, N. Sadat},
 title = {Machine Learning and Grounded Theory Method: Convergence, Divergence, and Combination},
 booktitle = {Proceedings of the 19th International Conference on Supporting Group Work},
 series = {GROUP '16},
 year = {2016},
 isbn = {978-1-4503-4276-6},
 location = {Sanibel Island, Florida, USA},
 pages = {3--8},
 numpages = {6},
 url = {http://doi.acm.org/10.1145/2957276.2957280},
 doi = {10.1145/2957276.2957280},
 acmid = {2957280},
 publisher = {ACM},
 address = {New York, NY, USA},
 keywords = {axial coding, coding families, grounded theory, machine learning, supervised learning, unsupervised learning},
}

@inproceedings{Kulkarni:1992:PLG:130385.130405,
 author = {Kulkarni, S. R. and Tsitsiklis, J. N. and Mitter, S. K. and Zeitouni, O.},
 title = {PAC Learning with Generalized Samples and an Application to Stochastic Geometry},
 booktitle = {Proceedings of the Fifth Annual Workshop on Computational Learning Theory},
 series = {COLT '92},
 year = {1992},
 isbn = {0-89791-497-X},
 location = {Pittsburgh, Pennsylvania, USA},
 pages = {172--179},
 numpages = {8},
 url = {http://doi.acm.org/10.1145/130385.130405},
 doi = {10.1145/130385.130405},
 acmid = {130405},
 publisher = {ACM},
 address = {New York, NY, USA},
}

@inproceedings{Miller:2013:NAO:2462356.2462372,
 author = {Miller, Gary L. and Sheehy, Donald R.},
 title = {A New Approach to Output-sensitive Voronoi Diagrams and Delaunay Triangulations},
 booktitle = {Proceedings of the Twenty-ninth Annual Symposium on Computational Geometry},
 series = {SoCG '13},
 year = {2013},
 isbn = {978-1-4503-2031-3},
 location = {Rio de Janeiro, Brazil},
 pages = {281--288},
 numpages = {8},
 url = {http://doi.acm.org/10.1145/2462356.2462372},
 doi = {10.1145/2462356.2462372},
 acmid = {2462372},
 publisher = {ACM},
 address = {New York, NY, USA},
 keywords = {delaunay triangulation, kinetic data structures, output-sensitive algorithms, voronoi diagram},
}

@inproceedings{Miller:2013:NAO:2493132.2462372,
 author = {Miller, Gary L. and Sheehy, Donald R.},
 title = {A New Approach to Output-sensitive Voronoi Diagrams and Delaunay Triangulations},
 booktitle = {Proceedings of the Twenty-ninth Annual Symposium on Computational Geometry},
 series = {SoCG '13},
 year = {2013},
 isbn = {978-1-4503-2031-3},
 location = {Rio de Janeiro, Brazil},
 pages = {281--288},
 numpages = {8},
 url = {http://doi.acm.org/10.1145/2462356.2462372},
 doi = {10.1145/2462356.2462372},
 acmid = {2462372},
 publisher = {ACM},
 address = {New York, NY, USA},
 keywords = {delaunay triangulation, kinetic data structures, output-sensitive algorithms, voronoi diagram},
}

@article{Ross:2000:IEC:356458.356462,
 author = {Ross, Rocky},
 title = {International Efforts in Computer Science Education},
 journal = {SIGACT News},
 issue_date = {Sept. 2000},
 volume = {31},
 number = {3},
 month = sep,
 year = {2000},
 issn = {0163-5700},
 pages = {50--53},
 numpages = {4},
 url = {http://doi.acm.org/10.1145/356458.356462},
 doi = {10.1145/356458.356462},
 acmid = {356462},
 publisher = {ACM},
 address = {New York, NY, USA},
}

@inproceedings{Hekler:2013:MTG:2470654.2466452,
 author = {Hekler, Eric B. and Klasnja, Predrag and Froehlich, Jon E. and Buman, Matthew P.},
 title = {Mind the Theoretical Gap: Interpreting, Using, and Developing Behavioral Theory in HCI Research},
 booktitle = {Proceedings of the SIGCHI Conference on Human Factors in Computing Systems},
 series = {CHI '13},
 year = {2013},
 isbn = {978-1-4503-1899-0},
 location = {Paris, France},
 pages = {3307--3316},
 numpages = {10},
 url = {http://doi.acm.org/10.1145/2470654.2466452},
 doi = {10.1145/2470654.2466452},
 acmid = {2466452},
 publisher = {ACM},
 address = {New York, NY, USA},
 keywords = {behavior change, behavior change technologies, behavioral science, health, persuasive technology, sustainability, theory},
}

@inproceedings{Beeharee:2003:VAB:1008653.1008691,
 author = {Beeharee, Ashweeni Kumar and West, Adrian J. and Hubbold, Roger},
 title = {Visual Attention Based Information Culling for Distributed Virtual Environments},
 booktitle = {Proceedings of the ACM Symposium on Virtual Reality Software and Technology},
 series = {VRST '03},
 year = {2003},
 isbn = {1-58113-569-6},
 location = {Osaka, Japan},
 pages = {213--222},
 numpages = {10},
 url = {http://doi.acm.org/10.1145/1008653.1008691},
 doi = {10.1145/1008653.1008691},
 acmid = {1008691},
 publisher = {ACM},
 address = {New York, NY, USA},
}

@inproceedings{Yelick:1989:MTS:75277.75287,
 author = {Yelick, K. A. and Zachary, J. L.},
 title = {Moded Type Systems for Logic Programming},
 booktitle = {Proceedings of the 16th ACM SIGPLAN-SIGACT Symposium on Principles of Programming Languages},
 series = {POPL '89},
 year = {1989},
 isbn = {0-89791-294-2},
 location = {Austin, Texas, USA},
 pages = {116--124},
 numpages = {9},
 url = {http://doi.acm.org/10.1145/75277.75287},
 doi = {10.1145/75277.75287},
 acmid = {75287},
 publisher = {ACM},
 address = {New York, NY, USA},
}

@inproceedings{Knott:1972:OMC:800154.804984,
 author = {Knott, G. and Shrager, R.},
 title = {On-line Modeling by Curve-fitting},
 booktitle = {Proceedings of the 1972 SIGGRAPH Seminar on Computer Graphics in Medicine},
 year = {1972},
 location = {Pittsburgh, Pennslyvannia, USA},
 pages = {138--151},
 numpages = {14},
 url = {http://doi.acm.org/10.1145/800154.804984},
 doi = {10.1145/800154.804984},
 acmid = {804984},
 publisher = {ACM},
 address = {New York, NY, USA},
}

@article{Knott:1972:OMC:964961.804984,
 author = {Knott, G. and Shrager, R.},
 title = {On-line Modeling by Curve-fitting},
 journal = {SIGGRAPH Comput. Graph.},
 issue_date = {Winter 1972},
 volume = {6},
 number = {4},
 month = mar,
 year = {1972},
 issn = {0097-8930},
 pages = {138--151},
 numpages = {14},
 url = {http://doi.acm.org/10.1145/964961.804984},
 doi = {10.1145/964961.804984},
 acmid = {804984},
 publisher = {ACM},
 address = {New York, NY, USA},
}

@inproceedings{Chandy:1985:CPM:323596.323597,
 author = {Chandy, Mani},
 title = {Concurrent Programming for the Masses (Invited Address)},
 booktitle = {Proceedings of the Fourth Annual ACM Symposium on Principles of Distributed Computing},
 series = {PODC '85},
 year = {1985},
 isbn = {0-89791-168-7},
 location = {Minaki, Ontario, Canada},
 pages = {1--12},
 numpages = {12},
 url = {http://doi.acm.org/10.1145/323596.323597},
 doi = {10.1145/323596.323597},
 acmid = {323597},
 publisher = {ACM},
 address = {New York, NY, USA},
}

@inproceedings{Clear:2006:VCS:1315803.1315806,
 author = {Clear, Tony},
 title = {Valuing Computer Science Education Research?},
 booktitle = {Proceedings of the 6th Baltic Sea Conference on Computing Education Research: Koli Calling 2006},
 series = {Baltic Sea '06},
 year = {2006},
 location = {Uppsala, Sweden},
 pages = {8--18},
 numpages = {11},
 url = {http://doi.acm.org/10.1145/1315803.1315806},
 doi = {10.1145/1315803.1315806},
 acmid = {1315806},
 publisher = {ACM},
 address = {New York, NY, USA},
 keywords = {CS ed research, critical theory, discourse analysis, post-modernism, research assessment, research quality},
}

@inproceedings{Alsawalqah:2013:MSP:2499777.2500723,
 author = {Alsawalqah, Hamad and Kang, Sungwon and Lee, Danhyung},
 title = {A Method for Software Product Platform Design Based on Features},
 booktitle = {Proceedings of the 17th International Software Product Line Conference Co-located Workshops},
 series = {SPLC '13 Workshops},
 year = {2013},
 isbn = {978-1-4503-2325-3},
 location = {Tokyo, Japan},
 pages = {18--25},
 numpages = {8},
 url = {http://doi.acm.org/10.1145/2499777.2500723},
 doi = {10.1145/2499777.2500723},
 acmid = {2500723},
 publisher = {ACM},
 address = {New York, NY, USA},
 keywords = {Kano scheme, commonality index, product platform design, software product line},
}

@inproceedings{Adolph:2008:MLS:1463788.1463806,
 author = {Adolph, Steve and Hall, Wendy and Kruchten, Philippe},
 title = {A Methodological Leg to Stand on: Lessons Learned Using Grounded Theory to Study Software Development},
 booktitle = {Proceedings of the 2008 Conference of the Center for Advanced Studies on Collaborative Research: Meeting of Minds},
 series = {CASCON '08},
 year = {2008},
 location = {Ontario, Canada},
 pages = {13:166--13:178},
 articleno = {13},
 numpages = {13},
 url = {http://doi.acm.org/10.1145/1463788.1463806},
 doi = {10.1145/1463788.1463806},
 acmid = {1463806},
 publisher = {ACM},
 address = {New York, NY, USA},
}

@article{Beattie:2012:NSH:2049673.2049676,
 author = {Beattie, Christopher and Drmav\v{c}, Zlatko and Gugercin, Serkan},
 title = {A Note on Shifted Hessenberg Systems and Frequency Response Computation},
 journal = {ACM Trans. Math. Softw.},
 issue_date = {December 2011},
 volume = {38},
 number = {2},
 month = jan,
 year = {2012},
 issn = {0098-3500},
 pages = {12:1--12:16},
 articleno = {12},
 numpages = {16},
 url = {http://doi.acm.org/10.1145/2049673.2049676},
 doi = {10.1145/2049673.2049676},
 acmid = {2049676},
 publisher = {ACM},
 address = {New York, NY, USA},
 keywords = {Computer-aided control system design, control theory, controller Hessenberg form, frequency response, shifted linear systems},
}

@inproceedings{Petridis:2019:HEI:3325480.3325503,
 author = {Petridis, Savvas and Chilton, Lydia B.},
 title = {Human Errors in Interpreting Visual Metaphor},
 booktitle = {Proceedings of the 2019 on Creativity and Cognition},
 series = {C\&\#38;C '19},
 year = {2019},
 isbn = {978-1-4503-5917-7},
 location = {San Diego, CA, USA},
 pages = {187--197},
 numpages = {11},
 url = {http://doi.acm.org/10.1145/3325480.3325503},
 doi = {10.1145/3325480.3325503},
 acmid = {3325503},
 publisher = {ACM},
 address = {New York, NY, USA},
 keywords = {crowdsourcing, visual design, visual thinking},
}

@Article{1983:1061780,
 journal = {ALGOL Bull.},
 year = {1983},
 issn = {0084-6198},
 number = {49},
 issue_date = {May. 1983},
 publisher = {Computer History Museum},
 address = {Mountain View, CA, United States},
key = {{$\!\!$}} ,
}

@article{Tavani:1999:PO:572199.572203,
 author = {Tavani, Herman T.},
 title = {Privacy Online},
 journal = {SIGCAS Comput. Soc.},
 issue_date = {December 1999},
 volume = {29},
 number = {4},
 month = dec,
 year = {1999},
 issn = {0095-2737},
 pages = {11--19},
 numpages = {9},
 url = {http://doi.acm.org/10.1145/572199.572203},
 doi = {10.1145/572199.572203},
 acmid = {572203},
 publisher = {ACM},
 address = {New York, NY, USA},
}

@inproceedings{Gasparini:2010:COS:1878450.1878489,
 author = {Gasparini, Isabela and Pimenta, Marcelo S. and Palazzo M. de Oliveira, Jos{\'e} and Bouzeghoub, Amel},
 title = {Combining Ontologies and Scenarios for Context-aware e-Learning Environments},
 booktitle = {Proceedings of the 28th ACM International Conference on Design of Communication},
 series = {SIGDOC '10},
 year = {2010},
 isbn = {978-1-4503-0403-0},
 location = {S\&\#227;o Carlos, S\&\#227;o Paulo, Brazil},
 pages = {229--236},
 numpages = {8},
 url = {http://doi.acm.org/10.1145/1878450.1878489},
 doi = {10.1145/1878450.1878489},
 acmid = {1878489},
 publisher = {ACM},
 address = {New York, NY, USA},
 keywords = {adaptive systems, context-aware, cultural-aware},
}

@article{Ward:1980:STM:322186.322199,
 author = {Ward, Stephen A. and Halstead,Jr., Robert H.},
 title = {A Syntactic Theory of Message Passing},
 journal = {J. ACM},
 issue_date = {April 1980},
 volume = {27},
 number = {2},
 month = apr,
 year = {1980},
 issn = {0004-5411},
 pages = {365--383},
 numpages = {19},
 url = {http://doi.acm.org/10.1145/322186.322199},
 doi = {10.1145/322186.322199},
 acmid = {322199},
 publisher = {ACM},
 address = {New York, NY, USA},
}

@article{Roy:2014:CCN:2560566.2539053,
 author = {Roy, Suman Deb and Zeng, Wenjun},
 title = {Cognitive Canonicalization of Natural Language Queries Using Semantic Strata},
 journal = {ACM Trans. Speech Lang. Process.},
 issue_date = {December 2013},
 volume = {10},
 number = {4},
 month = jan,
 year = {2014},
 issn = {1550-4875},
 pages = {20:1--20:30},
 articleno = {20},
 numpages = {30},
 url = {http://doi.acm.org/10.1145/2539053},
 doi = {10.1145/2539053},
 acmid = {2539053},
 publisher = {ACM},
 address = {New York, NY, USA},
 keywords = {Cognitive linguistics, query, search, semantic, strata, subnets},
}

@article{Grochow:2018:BNB:3232679.3232689,
 author = {Grochow, Joshua A. and Wolpert, David H.},
 title = {Beyond Number of Bit Erasures: New Complexity Questions Raised by Recently Discovered Thermodynamic Costs of Computation},
 journal = {SIGACT News},
 issue_date = {June 2018},
 volume = {49},
 number = {2},
 month = jun,
 year = {2018},
 issn = {0163-5700},
 pages = {33--56},
 numpages = {24},
 url = {http://doi.acm.org/10.1145/3232679.3232689},
 doi = {10.1145/3232679.3232689},
 acmid = {3232689},
 publisher = {ACM},
 address = {New York, NY, USA},
}

@inproceedings{Gabbay:2006:OL:1140335.1140359,
 author = {Gabbay, Murdoch J. and Mathijssen, Aad},
 title = {One-and-a-halfth-order Logic},
 booktitle = {Proceedings of the 8th ACM SIGPLAN International Conference on Principles and Practice of Declarative Programming},
 series = {PPDP '06},
 year = {2006},
 isbn = {1-59593-388-3},
 location = {Venice, Italy},
 pages = {189--200},
 numpages = {12},
 url = {http://doi.acm.org/10.1145/1140335.1140359},
 doi = {10.1145/1140335.1140359},
 acmid = {1140359},
 publisher = {ACM},
 address = {New York, NY, USA},
 keywords = {{\$\alpha\$}-conversion, Fraenkel-Mostowski techniques, first-order logic, higher-order logic, meta-variables, nominal terms},
}

@Article{Griwodz:2015:2792999,
 editor = {Griwodz, Carsten},
 journal = {SIGMultimedia Rec.},
 year = {2015},
 volume = {7},
 number = {1},
 issue_date = {April 2015},
 publisher = {ACM},
 address = {New York, NY, USA},
}

@article{Bruttomesso:2014:QIC:2590829.2490253,
 author = {Bruttomesso, Roberto and Ghilardi, Silvio and Ranise, Silvio},
 title = {Quantifier-free Interpolation in Combinations of Equality Interpolating Theories},
 journal = {ACM Trans. Comput. Logic},
 issue_date = {February 2014},
 volume = {15},
 number = {1},
 month = mar,
 year = {2014},
 issn = {1529-3785},
 pages = {5:1--5:34},
 articleno = {5},
 numpages = {34},
 url = {http://doi.acm.org/10.1145/2490253},
 doi = {10.1145/2490253},
 acmid = {2490253},
 publisher = {ACM},
 address = {New York, NY, USA},
 keywords = {Combined interpolation, Craig interpolation theorem, satisfiability modulo theories, strong amalgamability},
}

@inproceedings{Lynch:1986:CCH:10590.10592,
 author = {Lynch, Nancy and Blaustein, Barbara and Siegel, Michael},
 title = {Correctness Conditions for Highly Available Replicated Databases},
 booktitle = {Proceedings of the Fifth Annual ACM Symposium on Principles of Distributed Computing},
 series = {PODC '86},
 year = {1986},
 isbn = {0-89791-198-9},
 location = {Calgary, Alberta, Canada},
 pages = {11--28},
 numpages = {18},
 url = {http://doi.acm.org/10.1145/10590.10592},
 doi = {10.1145/10590.10592},
 acmid = {10592},
 publisher = {ACM},
 address = {New York, NY, USA},
}

@article{Chiang:2014:PCS:2627435.2638573,
 author = {Chiang, Kai-Yang and Hsieh, Cho-Jui and Natarajan, Nagarajan and Dhillon, Inderjit S. and Tewari, Ambuj},
 title = {Prediction and Clustering in Signed Networks: A Local to Global Perspective},
 journal = {J. Mach. Learn. Res.},
 issue_date = {January 2014},
 volume = {15},
 number = {1},
 month = jan,
 year = {2014},
 issn = {1532-4435},
 pages = {1177--1213},
 numpages = {37},
 url = {http://dl.acm.org/citation.cfm?id=2627435.2638573},
 acmid = {2638573},
 publisher = {JMLR.org},
 keywords = {balance theory, graph clustering, low rank model, matrix completion, sign prediction, signed networks},
}

