@article{Mache:2017:PDI:3144605.3144636,
 author = {Mache, Jens and Tan, Nick and Shoemaker, George and Weiss, Richard},
 title = {Pear Deck: An Interactive Classroom Response System to Encourage Student Engagement},
 journal = {J. Comput. Sci. Coll.},
 issue_date = {October 2017},
 volume = {33},
 number = {1},
 month = oct,
 year = {2017},
 issn = {1937-4771},
 pages = {156--158},
 numpages = {3},
 url = {http://dl.acm.org/citation.cfm?id=3144605.3144636},
 acmid = {3144636},
 publisher = {Consortium for Computing Sciences in Colleges},
 address = {USA},
}

@article{Neller:2016:AEB:3008665.3008668,
 author = {Neller, Todd W.},
 title = {AI Education: Birds of a Feather},
 journal = {AI Matters},
 issue_date = {Summer 2016},
 volume = {2},
 number = {4},
 month = dec,
 year = {2016},
 issn = {2372-3483},
 pages = {7--8},
 numpages = {2},
 url = {http://doi.acm.org/10.1145/3008665.3008668},
 doi = {10.1145/3008665.3008668},
 acmid = {3008668},
 publisher = {ACM},
 address = {New York, NY, USA},
}

@inproceedings{Newton:1998:IKR:280953.281366,
 note = {Chairman-Newton, Adele and Chairman-Stapleton, Chris},
 title = {Introduction: Kids: Reaching out to Our Future},
 booktitle = {ACM SIGGRAPH 98 Conference Abstracts and Applications},
 series = {SIGGRAPH '98},
 year = {1998},
 isbn = {1-58113-046-5},
 location = {Orlando, Florida, USA},
 pages = {138--139},
 numpages = {2},
 url = {http://doi.acm.org/10.1145/280953.281366},
 doi = {10.1145/280953.281366},
 acmid = {281366},
 publisher = {ACM},
 address = {New York, NY, USA},
}

@inproceedings{Oh:2015:FDL:2815585.2815734,
 author = {Oh, Hyunjoo and Gross, Mark D. and Eisenberg, Michael},
 title = {FoldMecha: Design for Linkage-Based Paper Toys},
 booktitle = {Adjunct Proceedings of the 28th Annual ACM Symposium on User Interface Software \& Technology},
 series = {UIST '15 Adjunct},
 year = {2015},
 isbn = {978-1-4503-3780-9},
 location = {Daegu, Kyungpook, Republic of Korea},
 pages = {91--92},
 numpages = {2},
 url = {http://doi.acm.org/10.1145/2815585.2815734},
 doi = {10.1145/2815585.2815734},
 acmid = {2815734},
 publisher = {ACM},
 address = {New York, NY, USA},
 keywords = {computational design tool, paper automata, papercraft},
}

@inproceedings{France:2009:EES:2175254.2175260,
 author = {France, Robert and Gogolla, Martin},
 title = {Essentials of the 5th Educators\&\#39; Symposium at MODELS 2009},
 booktitle = {Proceedings of the 2009 International Conference on Models in Software Engineering},
 series = {MODELS'09},
 year = {2010},
 isbn = {3-642-12260-4, 978-3-642-12260-6},
 location = {Denver, CO},
 pages = {36--39},
 numpages = {4},
 url = {http://dx.doi.org/10.1007/978-3-642-12261-3_4},
 doi = {10.1007/978-3-642-12261-3_4},
 acmid = {2175260},
 publisher = {Springer-Verlag},
 address = {Berlin, Heidelberg},
}

@article{Andersen:2019:EPP:3309578.3309579,
 author = {Andersen, Rebekka and Evia, Carlos},
 title = {Editorial: Perspectives on Preparing Technical Communication Professionals for Today and the Future},
 journal = {Commun. Des. Q. Rev},
 issue_date = {September 2018},
 volume = {6},
 number = {3},
 month = jan,
 year = {2019},
 issn = {2166-1200},
 pages = {4--13},
 numpages = {10},
 url = {http://doi.acm.org/10.1145/3309578.3309579},
 doi = {10.1145/3309578.3309579},
 acmid = {3309579},
 publisher = {ACM},
 address = {New York, NY, USA},
}

@article{Wolfe:1998:OGA:307710.307720,
 author = {Wolfe, Rosalee},
 title = {Open GL: Agent of Change or Sign of the Times?},
 journal = {SIGGRAPH Comput. Graph.},
 issue_date = {Nov. 1998},
 volume = {32},
 number = {4},
 month = nov,
 year = {1998},
 issn = {0097-8930},
 pages = {29--31},
 numpages = {3},
 url = {http://doi.acm.org/10.1145/307710.307720},
 doi = {10.1145/307710.307720},
 acmid = {307720},
 publisher = {ACM},
 address = {New York, NY, USA},
}

@inproceedings{Strawhacker:2015:SDC:2771839.2771867,
 author = {Strawhacker, Amanda and Lee, Melissa and Caine, Claire and Bers, Marina},
 title = {ScratchJr Demo: A Coding Language for Kindergarten},
 booktitle = {Proceedings of the 14th International Conference on Interaction Design and Children},
 series = {IDC '15},
 year = {2015},
 isbn = {978-1-4503-3590-4},
 location = {Boston, Massachusetts},
 pages = {414--417},
 numpages = {4},
 url = {http://doi.acm.org/10.1145/2771839.2771867},
 doi = {10.1145/2771839.2771867},
 acmid = {2771867},
 publisher = {ACM},
 address = {New York, NY, USA},
 keywords = {STEM, early childhood, education, graphical programming, tablets},
}

@inproceedings{Consiglio:2011:DIL:2074712.2074758,
 author = {Consiglio, Teresa and van der Veer, Gerrit},
 title = {Designing an Interactive Learning Environment for a Worldwide Distance Adult Learning Community},
 booktitle = {Proceedings of the 29th Annual European Conference on Cognitive Ergonomics},
 series = {ECCE '11},
 year = {2011},
 isbn = {978-1-4503-1029-1},
 location = {Rostock, Germany},
 pages = {225--228},
 numpages = {4},
 url = {http://doi.acm.org/10.1145/2074712.2074758},
 doi = {10.1145/2074712.2074758},
 acmid = {2074758},
 publisher = {ACM},
 address = {New York, NY, USA},
 keywords = {cultural diversity, e-learning, open source},
}

@inproceedings{Hundhausen:2008:ESI:1352135.1352271,
 author = {Hundhausen, Christopher D. and Narayanan, N Hari and Crosby, Martha E.},
 title = {Exploring Studio-based Instructional Models for Computing Education},
 booktitle = {Proceedings of the 39th SIGCSE Technical Symposium on Computer Science Education},
 series = {SIGCSE '08},
 year = {2008},
 isbn = {978-1-59593-799-5},
 location = {Portland, OR, USA},
 pages = {392--396},
 numpages = {5},
 url = {http://doi.acm.org/10.1145/1352135.1352271},
 doi = {10.1145/1352135.1352271},
 acmid = {1352271},
 publisher = {ACM},
 address = {New York, NY, USA},
 keywords = {cs ed. research, cs1, cs2, cs3, design crits, pre-cs1, student-constructed artifacts, studio-based learning and instruction},
}

@article{Hundhausen:2008:ESI:1352322.1352271,
 author = {Hundhausen, Christopher D. and Narayanan, N Hari and Crosby, Martha E.},
 title = {Exploring Studio-based Instructional Models for Computing Education},
 journal = {SIGCSE Bull.},
 issue_date = {March 2008},
 volume = {40},
 number = {1},
 month = mar,
 year = {2008},
 issn = {0097-8418},
 pages = {392--396},
 numpages = {5},
 url = {http://doi.acm.org/10.1145/1352322.1352271},
 doi = {10.1145/1352322.1352271},
 acmid = {1352271},
 publisher = {ACM},
 address = {New York, NY, USA},
 keywords = {cs ed. research, cs1, cs2, cs3, design crits, pre-cs1, student-constructed artifacts, studio-based learning and instruction},
}

@inproceedings{Consiglio:2012:DFL:2462932.2462951,
 author = {Consiglio, Teresa and van der Veer, Gerrit C.},
 title = {Design for Free Learning: A Case Study on Supporting a Service Design Course},
 booktitle = {Proceedings of the Eighth Annual International Symposium on Wikis and Open Collaboration},
 series = {WikiSym '12},
 year = {2012},
 isbn = {978-1-4503-1605-7},
 location = {Linz, Austria},
 pages = {14:1--14:13},
 articleno = {14},
 numpages = {13},
 url = {http://doi.acm.org/10.1145/2462932.2462951},
 doi = {10.1145/2462932.2462951},
 acmid = {2462951},
 publisher = {ACM},
 address = {New York, NY, USA},
 keywords = {cultural diversity, e-learning, experience report, learner centered design, open source, service design},
}

@article{Tucker:1994:NDI:191033.191038,
 author = {Tucker, Allen B. and Wegner, Peter},
 title = {New Directions in the Introductory Computer Science Curriculum},
 journal = {SIGCSE Bull.},
 issue_date = {March 1994},
 volume = {26},
 number = {1},
 month = mar,
 year = {1994},
 issn = {0097-8418},
 pages = {11--15},
 numpages = {5},
 url = {http://doi.acm.org/10.1145/191033.191038},
 doi = {10.1145/191033.191038},
 acmid = {191038},
 publisher = {ACM},
 address = {New York, NY, USA},
}

@inproceedings{Tucker:1994:NDI:191029.191038,
 author = {Tucker, Allen B. and Wegner, Peter},
 title = {New Directions in the Introductory Computer Science Curriculum},
 booktitle = {Proceedings of the Twenty-fifth SIGCSE Symposium on Computer Science Education},
 series = {SIGCSE '94},
 year = {1994},
 isbn = {0-89791-646-8},
 location = {Phoenix, Arizona, USA},
 pages = {11--15},
 numpages = {5},
 url = {http://doi.acm.org/10.1145/191029.191038},
 doi = {10.1145/191029.191038},
 acmid = {191038},
 publisher = {ACM},
 address = {New York, NY, USA},
}

@article{Faulkner:1999:IUI:384266.299791,
 author = {Faulkner, Xris and Culwin, Fintan},
 title = {Integration of Usability Issues Within Initial Software Development Education. (It's All About the User Dummy!)},
 journal = {SIGCSE Bull.},
 issue_date = {March 1999},
 volume = {31},
 number = {1},
 month = mar,
 year = {1999},
 issn = {0097-8418},
 pages = {296--300},
 numpages = {5},
 url = {http://doi.acm.org/10.1145/384266.299791},
 doi = {10.1145/384266.299791},
 acmid = {299791},
 publisher = {ACM},
 address = {New York, NY, USA},
 keywords = {computer science, curriculum, graphical user interface, human computer interaction, human computer systems, software development, texts},
}

@inproceedings{Faulkner:1999:IUI:299649.299791,
 author = {Faulkner, Xris and Culwin, Fintan},
 title = {Integration of Usability Issues Within Initial Software Development Education. (It's All About the User Dummy!)},
 booktitle = {The Proceedings of the Thirtieth SIGCSE Technical Symposium on Computer Science Education},
 series = {SIGCSE '99},
 year = {1999},
 isbn = {1-58113-085-6},
 location = {New Orleans, Louisiana, USA},
 pages = {296--300},
 numpages = {5},
 url = {http://doi.acm.org/10.1145/299649.299791},
 doi = {10.1145/299649.299791},
 acmid = {299791},
 publisher = {ACM},
 address = {New York, NY, USA},
 keywords = {computer science, curriculum, graphical user interface, human computer interaction, human computer systems, software development, texts},
}

@article{Bernhardt:1992:ST:142350.142353,
 author = {Bernhardt, Stephen A.},
 title = {Seeing the Text},
 journal = {SIGDOC Asterisk J. Comput. Doc.},
 issue_date = {Sept. 1992},
 volume = {16},
 number = {3},
 month = sep,
 year = {1992},
 issn = {0731-1001},
 pages = {3--16},
 numpages = {14},
 url = {http://doi.acm.org/10.1145/142350.142353},
 doi = {10.1145/142350.142353},
 acmid = {142353},
 publisher = {ACM},
 address = {New York, NY, USA},
}

@article{Finerman:1969:CCA:363196.363201,
 author = {Finerman, Aaron},
 title = {Computing Capabilities at Argentine and Chilean Universities},
 journal = {Commun. ACM},
 issue_date = {Aug. 1969},
 volume = {12},
 number = {8},
 month = aug,
 year = {1969},
 issn = {0001-0782},
 pages = {425--431},
 numpages = {7},
 url = {http://doi.acm.org/10.1145/363196.363201},
 doi = {10.1145/363196.363201},
 acmid = {363201},
 publisher = {ACM},
 address = {New York, NY, USA},
 keywords = {Argentine universities, Chilean universities, South American universities, computing science academic programs, developing nations, surveys of computing centers, university computing capabilities, university computing centers, university education, university-student relationship},
}

@article{Simon:2007:DAN:1345375.1345437,
 author = {Simon, Beth and Fitzgerald, Sue and McCauley, Ren{\'e}e and Haller, Susan and Hamer, John and Hanks, Brian and Helmick, Michael T. and Mostr\"{o}m, Jan Erik and Sheard, Judy and Thomas, Lynda},
 title = {Debugging Assistance for Novices: A Video Repository},
 journal = {SIGCSE Bull.},
 issue_date = {December 2007},
 volume = {39},
 number = {4},
 month = dec,
 year = {2007},
 issn = {0097-8418},
 pages = {137--151},
 numpages = {15},
 url = {http://doi.acm.org/10.1145/1345375.1345437},
 doi = {10.1145/1345375.1345437},
 acmid = {1345437},
 publisher = {ACM},
 address = {New York, NY, USA},
 keywords = {CS1, Java, debugging, introductory programming, novice programmers, video, web 2.0},
}

@inproceedings{Simon:2007:DAN:1345443.1345437,
 author = {Simon, Beth and Fitzgerald, Sue and McCauley, Ren{\'e}e and Haller, Susan and Hamer, John and Hanks, Brian and Helmick, Michael T. and Mostr\"{o}m, Jan Erik and Sheard, Judy and Thomas, Lynda},
 title = {Debugging Assistance for Novices: A Video Repository},
 booktitle = {Working Group Reports on ITiCSE on Innovation and Technology in Computer Science Education},
 series = {ITiCSE-WGR '07},
 year = {2007},
 location = {Dundee, Scotland},
 pages = {137--151},
 numpages = {15},
 url = {http://doi.acm.org/10.1145/1345443.1345437},
 doi = {10.1145/1345443.1345437},
 acmid = {1345437},
 publisher = {ACM},
 address = {New York, NY, USA},
 keywords = {CS1, Java, debugging, introductory programming, novice programmers, video, web 2.0},
}

@article{Naps:2002:ERV:782941.782998,
 author = {Naps, Thomas L. and R\"{o}\ssling, Guido and Almstrum, Vicki and Dann, Wanda and Fleischer, Rudolf and Hundhausen, Chris and Korhonen, Ari and Malmi, Lauri and McNally, Myles and Rodger, Susan and Vel\'{a}zquez-Iturbide, J. \'{A}ngel},
 title = {Exploring the Role of Visualization and Engagement in Computer Science Education},
 journal = {SIGCSE Bull.},
 issue_date = {June 2003},
 volume = {35},
 number = {2},
 month = jun,
 year = {2002},
 issn = {0097-8418},
 pages = {131--152},
 numpages = {22},
 url = {http://doi.acm.org/10.1145/782941.782998},
 doi = {10.1145/782941.782998},
 acmid = {782998},
 publisher = {ACM},
 address = {New York, NY, USA},
}

@inproceedings{Naps:2002:ERV:960568.782998,
 author = {Naps, Thomas L. and R\"{o}\ssling, Guido and Almstrum, Vicki and Dann, Wanda and Fleischer, Rudolf and Hundhausen, Chris and Korhonen, Ari and Malmi, Lauri and McNally, Myles and Rodger, Susan and Vel\'{a}zquez-Iturbide, J. \'{A}ngel},
 title = {Exploring the Role of Visualization and Engagement in Computer Science Education},
 booktitle = {Working Group Reports from ITiCSE on Innovation and Technology in Computer Science Education},
 series = {ITiCSE-WGR '02},
 year = {2002},
 location = {Aarhus, Denmark},
 pages = {131--152},
 numpages = {22},
 url = {http://doi.acm.org/10.1145/782941.782998},
 doi = {10.1145/782941.782998},
 acmid = {782998},
 publisher = {ACM},
 address = {New York, NY, USA},
}

@article{Acher:2017:TSP:3155324.3088440,
 author = {Acher, Mathieu and Lopez-Herrejon, Roberto E. and Rabiser, Rick},
 title = {Teaching Software Product Lines: A Snapshot of Current Practices and Challenges},
 journal = {ACM Trans. Comput. Educ.},
 issue_date = {December 2017},
 volume = {18},
 number = {1},
 month = oct,
 year = {2017},
 issn = {1946-6226},
 pages = {2:1--2:31},
 articleno = {2},
 numpages = {31},
 url = {http://doi.acm.org/10.1145/3088440},
 doi = {10.1145/3088440},
 acmid = {3088440},
 publisher = {ACM},
 address = {New York, NY, USA},
 keywords = {Software product lines, software engineering teaching, software product line teaching, variability modeling},
}

@proceedings{Decker:2015:2676723,
 title = {SIGCSE '15: Proceedings of the 46th ACM Technical Symposium on Computer Science Education},
 year = {2015},
 isbn = {978-1-4503-2966-8},
 location = {Kansas City, Missouri, USA},
 publisher = {ACM},
 address = {New York, NY, USA},
}

