@inproceedings{Bull:2007:LLL:1274000.1274057,
 author = {Bull, Larry},
 title = {On Lookahead and Latent Learning in Simple LCS},
 booktitle = {Proceedings of the 9th Annual Conference Companion on Genetic and Evolutionary Computation},
 series = {GECCO '07},
 year = {2007},
 isbn = {978-1-59593-698-1},
 location = {London, United Kingdom},
 pages = {2633--2636},
 numpages = {4},
 url = {http://doi.acm.org/10.1145/1274000.1274057},
 doi = {10.1145/1274000.1274057},
 acmid = {1274057},
 publisher = {ACM},
 address = {New York, NY, USA},
 keywords = {anticipation, genetic algorithm, self-adaptation},
}

@inproceedings{Shi:2017:MSL:3132847.3132965,
 author = {Shi, Yuling and Peng, Zhiyong and Wang, Hongning},
 title = {Modeling Student Learning Styles in MOOCs},
 booktitle = {Proceedings of the 2017 ACM on Conference on Information and Knowledge Management},
 series = {CIKM '17},
 year = {2017},
 isbn = {978-1-4503-4918-5},
 location = {Singapore, Singapore},
 pages = {979--988},
 numpages = {10},
 url = {http://doi.acm.org/10.1145/3132847.3132965},
 doi = {10.1145/3132847.3132965},
 acmid = {3132965},
 publisher = {ACM},
 address = {New York, NY, USA},
 keywords = {behavior modeling, moocs, probabilistic modeling, sequential data mining},
}

@inproceedings{Cappallo:2015:LFV:2671188.2749405,
 author = {Cappallo, Spencer and Mensink, Thomas and Snoek, Cees G.M.},
 title = {Latent Factors of Visual Popularity Prediction},
 booktitle = {Proceedings of the 5th ACM on International Conference on Multimedia Retrieval},
 series = {ICMR '15},
 year = {2015},
 isbn = {978-1-4503-3274-3},
 location = {Shanghai, China},
 pages = {195--202},
 numpages = {8},
 url = {http://doi.acm.org/10.1145/2671188.2749405},
 doi = {10.1145/2671188.2749405},
 acmid = {2749405},
 publisher = {ACM},
 address = {New York, NY, USA},
 keywords = {latent model, twitter, visual popularity},
}

@inproceedings{Pejovic:2014:AMC:2638728.2641284,
 author = {Pejovic, Veljko and Musolesi, Mirco},
 title = {Anticipatory Mobile Computing for Behaviour Change Interventions},
 booktitle = {Proceedings of the 2014 ACM International Joint Conference on Pervasive and Ubiquitous Computing: Adjunct Publication},
 series = {UbiComp '14 Adjunct},
 year = {2014},
 isbn = {978-1-4503-3047-3},
 location = {Seattle, Washington},
 pages = {1025--1034},
 numpages = {10},
 url = {http://doi.acm.org/10.1145/2638728.2641284},
 doi = {10.1145/2638728.2641284},
 acmid = {2641284},
 publisher = {ACM},
 address = {New York, NY, USA},
 keywords = {anticipatory computing, behaviour change interventions, mobile computing, mobile sensing},
}

@inproceedings{Harutyunyan:2015:MRS:2772879.2773363,
 author = {Harutyunyan, Anna and Brys, Tim and Vrancx, Peter and Now{\'e}, Ann},
 title = {Multi-Scale Reward Shaping via an Off-Policy Ensemble},
 booktitle = {Proceedings of the 2015 International Conference on Autonomous Agents and Multiagent Systems},
 series = {AAMAS '15},
 year = {2015},
 isbn = {978-1-4503-3413-6},
 location = {Istanbul, Turkey},
 pages = {1641--1642},
 numpages = {2},
 url = {http://dl.acm.org/citation.cfm?id=2772879.2773363},
 acmid = {2773363},
 publisher = {International Foundation for Autonomous Agents and Multiagent Systems},
 address = {Richland, SC},
 keywords = {horde, potential-based reward shaping, reinforcement learning},
}

@inproceedings{Lanzi:2009:LCS:1570256.1570406,
 author = {Lanzi, Pier Luca},
 title = {Learning Classifier Systems},
 booktitle = {Proceedings of the 11th Annual Conference Companion on Genetic and Evolutionary Computation Conference: Late Breaking Papers},
 series = {GECCO '09},
 year = {2009},
 isbn = {978-1-60558-505-5},
 location = {Montreal, Qu\&\#233;bec, Canada},
 pages = {2853--2878},
 numpages = {26},
 url = {http://doi.acm.org/10.1145/1570256.1570406},
 doi = {10.1145/1570256.1570406},
 acmid = {1570406},
 publisher = {ACM},
 address = {New York, NY, USA},
 keywords = {genetics-based machine learning, machine learning, reinforcement learning, rule-based systems},
}

@inproceedings{Kozlowski:2019:PTR:3319619.3326797,
 author = {Kozlowski, Norbert and Unold, Olgierd},
 title = {Preliminary Tests of a Real-valued Anticipatory Classifier System},
 booktitle = {Proceedings of the Genetic and Evolutionary Computation Conference Companion},
 series = {GECCO '19},
 year = {2019},
 isbn = {978-1-4503-6748-6},
 location = {Prague, Czech Republic},
 pages = {1289--1294},
 numpages = {6},
 url = {http://doi.acm.org/10.1145/3319619.3326797},
 doi = {10.1145/3319619.3326797},
 acmid = {3326797},
 publisher = {ACM},
 address = {New York, NY, USA},
 keywords = {OpenAI Gym, anticipatory learning classifier systems},
}

@inproceedings{Qiu:2016:MPL:2835776.2835842,
 author = {Qiu, Jiezhong and Tang, Jie and Liu, Tracy Xiao and Gong, Jie and Zhang, Chenhui and Zhang, Qian and Xue, Yufei},
 title = {Modeling and Predicting Learning Behavior in MOOCs},
 booktitle = {Proceedings of the Ninth ACM International Conference on Web Search and Data Mining},
 series = {WSDM '16},
 year = {2016},
 isbn = {978-1-4503-3716-8},
 location = {San Francisco, California, USA},
 pages = {93--102},
 numpages = {10},
 url = {http://doi.acm.org/10.1145/2835776.2835842},
 doi = {10.1145/2835776.2835842},
 acmid = {2835842},
 publisher = {ACM},
 address = {New York, NY, USA},
 keywords = {moocs, online engagement, predictive model, user behavior},
}

@inproceedings{Butz:2007:LCS:1274000.1274104,
 author = {Butz, Martin V.},
 title = {Learning Classifier Systems},
 booktitle = {Proceedings of the 9th Annual Conference Companion on Genetic and Evolutionary Computation},
 series = {GECCO '07},
 year = {2007},
 isbn = {978-1-59593-698-1},
 location = {London, United Kingdom},
 pages = {3035--3056},
 numpages = {22},
 url = {http://doi.acm.org/10.1145/1274000.1274104},
 doi = {10.1145/1274000.1274104},
 acmid = {1274104},
 publisher = {ACM},
 address = {New York, NY, USA},
 keywords = {ALCS, XCS, classification, function approximation, prediction, reinforcement learning},
}

@inproceedings{Butz:2008:LCS:1388969.1389059,
 author = {Butz, Martin V.},
 title = {Learning Classifier Systems},
 booktitle = {Proceedings of the 10th Annual Conference Companion on Genetic and Evolutionary Computation},
 series = {GECCO '08},
 year = {2008},
 isbn = {978-1-60558-131-6},
 location = {Atlanta, GA, USA},
 pages = {2367--2388},
 numpages = {22},
 url = {http://doi.acm.org/10.1145/1388969.1389059},
 doi = {10.1145/1388969.1389059},
 acmid = {1389059},
 publisher = {ACM},
 address = {New York, NY, USA},
 keywords = {learning classifier systems, markov decision process, recursive least squares, reinforcement learning, xcs},
}

@inproceedings{Milligan:2015:CLM:2723576.2723596,
 author = {Milligan, Sandra},
 title = {Crowd-sourced Learning in MOOCs: Learning Analytics Meets Measurement Theory},
 booktitle = {Proceedings of the Fifth International Conference on Learning Analytics And Knowledge},
 series = {LAK '15},
 year = {2015},
 isbn = {978-1-4503-3417-4},
 location = {Poughkeepsie, New York},
 pages = {151--155},
 numpages = {5},
 url = {http://doi.acm.org/10.1145/2723576.2723596},
 doi = {10.1145/2723576.2723596},
 acmid = {2723596},
 publisher = {ACM},
 address = {New York, NY, USA},
 keywords = {21st century skills, MOOC, analytics tools, collaborative learning, crowd-sourced learning, learner performance, learning analytics, learning progression, measurement theory, on-line forums, rasch analysis},
}

@inproceedings{Lanzi:2014:LCS:2598394.2605343,
 author = {Lanzi, Pier Luca},
 title = {Learning Classifier Systems: A Gentle Introduction},
 booktitle = {Proceedings of the Companion Publication of the 2014 Annual Conference on Genetic and Evolutionary Computation},
 series = {GECCO Comp '14},
 year = {2014},
 isbn = {978-1-4503-2881-4},
 location = {Vancouver, BC, Canada},
 pages = {407--430},
 numpages = {24},
 url = {http://doi.acm.org/10.1145/2598394.2605343},
 doi = {10.1145/2598394.2605343},
 acmid = {2605343},
 publisher = {ACM},
 address = {New York, NY, USA},
 keywords = {genetics-based machine learning},
}

@article{Pejovic:2015:AMC:2737799.2693843,
 author = {Pejovic, Veljko and Musolesi, Mirco},
 title = {Anticipatory Mobile Computing: A Survey of the State of the Art and Research Challenges},
 journal = {ACM Comput. Surv.},
 issue_date = {April 2015},
 volume = {47},
 number = {3},
 month = apr,
 year = {2015},
 issn = {0360-0300},
 pages = {47:1--47:29},
 articleno = {47},
 numpages = {29},
 url = {http://doi.acm.org/10.1145/2693843},
 doi = {10.1145/2693843},
 acmid = {2693843},
 publisher = {ACM},
 address = {New York, NY, USA},
 keywords = {Anticipatory computing, context-aware systems, mobile sensing},
}

@article{Sutton:1991:DIA:122344.122377,
 author = {Sutton, Richard S.},
 title = {Dyna, an Integrated Architecture for Learning, Planning, and Reacting},
 journal = {SIGART Bull.},
 issue_date = {Aug. 1991},
 volume = {2},
 number = {4},
 month = jul,
 year = {1991},
 issn = {0163-5719},
 pages = {160--163},
 numpages = {4},
 url = {http://doi.acm.org/10.1145/122344.122377},
 doi = {10.1145/122344.122377},
 acmid = {122377},
 publisher = {ACM},
 address = {New York, NY, USA},
}

@article{Lanzi:1999:AGX:1326805.1326807,
 author = {Lanzi, Pier Luca},
 title = {An Analysis of Generalization in the Xcs Classifier System},
 journal = {Evol. Comput.},
 issue_date = {Summer 1999},
 volume = {7},
 number = {2},
 month = jun,
 year = {1999},
 issn = {1063-6560},
 pages = {125--149},
 numpages = {25},
 url = {http://dx.doi.org/10.1162/evco.1999.7.2.125},
 doi = {10.1162/evco.1999.7.2.125},
 acmid = {1326807},
 publisher = {MIT Press},
 address = {Cambridge, MA, USA},
 keywords = {Learning classifier systems, XCS, generalization, genetic operators},
}

@inproceedings{Butz:2011:LCS:2001858.2002121,
 author = {Butz, Martin V.},
 title = {Learning Classifier Systems},
 booktitle = {Proceedings of the 13th Annual Conference Companion on Genetic and Evolutionary Computation},
 series = {GECCO '11},
 year = {2011},
 isbn = {978-1-4503-0690-4},
 location = {Dublin, Ireland},
 pages = {941--962},
 numpages = {22},
 url = {http://doi.acm.org/10.1145/2001858.2002121},
 doi = {10.1145/2001858.2002121},
 acmid = {2002121},
 publisher = {ACM},
 address = {New York, NY, USA},
 keywords = {adaptive systems, cognitive systems, connectionism and neural nets, datamining, function approximation, genetic algorithms, learning classifier systems, machine learning, pattern matching, regression, reinforcement learning},
}

@inproceedings{Butz:2010:LCS:1830761.1830898,
 author = {Butz, Martin V.},
 title = {Learning Classifier Systems},
 booktitle = {Proceedings of the 12th Annual Conference Companion on Genetic and Evolutionary Computation},
 series = {GECCO '10},
 year = {2010},
 isbn = {978-1-4503-0073-5},
 location = {Portland, Oregon, USA},
 pages = {2331--2352},
 numpages = {22},
 url = {http://doi.acm.org/10.1145/1830761.1830898},
 doi = {10.1145/1830761.1830898},
 acmid = {1830898},
 publisher = {ACM},
 address = {New York, NY, USA},
 keywords = {adaptive systems, cognitive systems, datamining, function approximation, genetic algorithms, learning classifier systems, machine learning, regression, reinforcement learning},
}

@inproceedings{Butz:2008:SMX:1389095.1389361,
 author = {Butz, Martin V. and Stalph, Patrick and Lanzi, Pier Luca},
 title = {Self-adaptive Mutation in XCSF},
 booktitle = {Proceedings of the 10th Annual Conference on Genetic and Evolutionary Computation},
 series = {GECCO '08},
 year = {2008},
 isbn = {978-1-60558-130-9},
 location = {Atlanta, GA, USA},
 pages = {1365--1372},
 numpages = {8},
 url = {http://doi.acm.org/10.1145/1389095.1389361},
 doi = {10.1145/1389095.1389361},
 acmid = {1389361},
 publisher = {ACM},
 address = {New York, NY, USA},
 keywords = {LCS, XCS, mutation, self-adaptation},
}

@inproceedings{Haaranen:2014:IBO:2538862.2538921,
 author = {Haaranen, Lassi and Ihantola, Petri and Hakulinen, Lasse and Korhonen, Ari},
 title = {How (Not) to Introduce Badges to Online Exercises},
 booktitle = {Proceedings of the 45th ACM Technical Symposium on Computer Science Education},
 series = {SIGCSE '14},
 year = {2014},
 isbn = {978-1-4503-2605-6},
 location = {Atlanta, Georgia, USA},
 pages = {33--38},
 numpages = {6},
 url = {http://doi.acm.org/10.1145/2538862.2538921},
 doi = {10.1145/2538862.2538921},
 acmid = {2538921},
 publisher = {ACM},
 address = {New York, NY, USA},
 keywords = {achievement badges, computer science education, gamification},
}

@inproceedings{Urbanowicz:2016:IRM:2908961.2926979,
 author = {Urbanowicz, Ryan},
 title = {Introducing Rule-Based Machine Learning: Capturing Complexity},
 booktitle = {Proceedings of the 2016 on Genetic and Evolutionary Computation Conference Companion},
 series = {GECCO '16 Companion},
 year = {2016},
 isbn = {978-1-4503-4323-7},
 location = {Denver, Colorado, USA},
 pages = {305--332},
 numpages = {28},
 url = {http://doi.acm.org/10.1145/2908961.2926979},
 doi = {10.1145/2908961.2926979},
 acmid = {2926979},
 publisher = {ACM},
 address = {New York, NY, USA},
 keywords = {classifier systems, data mining, evolutionary algorithms, machine learning, rule based machine learning},
}

@inproceedings{Urbanowicz:2015:IRM:2739482.2756590,
 author = {Urbanowicz, Ryan and Browne, Will},
 title = {Introducing Rule-based Machine Learning: A Practical Guide},
 booktitle = {Proceedings of the Companion Publication of the 2015 Annual Conference on Genetic and Evolutionary Computation},
 series = {GECCO Companion '15},
 year = {2015},
 isbn = {978-1-4503-3488-4},
 location = {Madrid, Spain},
 pages = {263--292},
 numpages = {30},
 url = {http://doi.acm.org/10.1145/2739482.2756590},
 doi = {10.1145/2739482.2756590},
 acmid = {2756590},
 publisher = {ACM},
 address = {New York, NY, USA},
 keywords = {learning classifier systems, rule-based machine learning},
}

@inproceedings{Urbanowicz:2018:ILC:3205651.3207869,
 author = {Urbanowicz, Ryan J. and Vargas, Danilo Vasconcellos},
 title = {Introducing Learning Classifier Systems: Rules That Capture Complexity},
 booktitle = {Proceedings of the Genetic and Evolutionary Computation Conference Companion},
 series = {GECCO '18},
 year = {2018},
 isbn = {978-1-4503-5764-7},
 location = {Kyoto, Japan},
 pages = {619--648},
 numpages = {30},
 url = {http://doi.acm.org/10.1145/3205651.3207869},
 doi = {10.1145/3205651.3207869},
 acmid = {3207869},
 publisher = {ACM},
 address = {New York, NY, USA},
}

@article{Bull:2002:ZR:638553.638557,
 author = {Bull, Larry and Hurst, Jacob},
 title = {ZCS Redux},
 journal = {Evol. Comput.},
 issue_date = {Summer 2002},
 volume = {10},
 number = {2},
 month = jun,
 year = {2002},
 issn = {1063-6560},
 pages = {185--205},
 numpages = {21},
 url = {http://dx.doi.org/10.1162/106365602320169848},
 doi = {10.1162/106365602320169848},
 acmid = {638557},
 publisher = {MIT Press},
 address = {Cambridge, MA, USA},
 keywords = {fitness sharing, generalization, genetic algorithms, learning classifier systems, memory},
}

@article{Preen:2013:DGP:2508597.2508598,
 author = {Preen, Richard J. and Bull, Larry},
 title = {Dynamical Genetic Programming in Xcsf},
 journal = {Evol. Comput.},
 issue_date = {Fall 2013},
 volume = {21},
 number = {3},
 month = sep,
 year = {2013},
 issn = {1063-6560},
 pages = {361--387},
 numpages = {27},
 url = {http://dx.doi.org/10.1162/EVCO_a_00080},
 doi = {10.1162/EVCO_a_00080},
 acmid = {2508598},
 publisher = {MIT Press},
 address = {Cambridge, MA, USA},
 keywords = {Graph-based genetic programming, XCSF, learning classifier systems, multistep-ahead prediction, reinforcement learning, self-adaptation, symbolic regression},
}

@inproceedings{Landau:2005:AR:1068009.1068324,
 author = {Landau, Samuel and Sigaud, Olivier and Schoenauer, Marc},
 title = {ATNoSFERES Revisited},
 booktitle = {Proceedings of the 7th Annual Conference on Genetic and Evolutionary Computation},
 series = {GECCO '05},
 year = {2005},
 isbn = {1-59593-010-8},
 location = {Washington DC, USA},
 pages = {1867--1874},
 numpages = {8},
 url = {http://doi.acm.org/10.1145/1068009.1068324},
 doi = {10.1145/1068009.1068324},
 acmid = {1068324},
 publisher = {ACM},
 address = {New York, NY, USA},
 keywords = {ATNoSFERES, Markov decision processes, learning classifier systems, partially observable},
}

@inproceedings{Peska:2017:LCI:3078714.3078732,
 author = {Peska, Ladislav},
 title = {Linking Content Information with Bayesian Personalized Ranking via Multiple Content Alignments},
 booktitle = {Proceedings of the 28th ACM Conference on Hypertext and Social Media},
 series = {HT '17},
 year = {2017},
 isbn = {978-1-4503-4708-2},
 location = {Prague, Czech Republic},
 pages = {175--183},
 numpages = {9},
 url = {http://doi.acm.org/10.1145/3078714.3078732},
 doi = {10.1145/3078714.3078732},
 acmid = {3078732},
 publisher = {ACM},
 address = {New York, NY, USA},
 keywords = {bpr, cold-start problem, content alignment, recommender systems},
}

@inproceedings{Fang:2013:GGA:2502081.2502088,
 author = {Fang, Quan and Sang, Jitao and Xu, Changsheng},
 title = {GIANT: Geo-informative Attributes for Location Recognition and Exploration},
 booktitle = {Proceedings of the 21st ACM International Conference on Multimedia},
 series = {MM '13},
 year = {2013},
 isbn = {978-1-4503-2404-5},
 location = {Barcelona, Spain},
 pages = {13--22},
 numpages = {10},
 url = {http://doi.acm.org/10.1145/2502081.2502088},
 doi = {10.1145/2502081.2502088},
 acmid = {2502088},
 publisher = {ACM},
 address = {New York, NY, USA},
 keywords = {geo-informative attributes, latent model, location recognition},
}

@inproceedings{Enee:2008:APC:1388969.1389013,
 author = {En{\'e}e, Gilles and Peroumalna\"{\i}k, Mathias},
 title = {Adapted Pittsburgh Classifier System: Building Accurate Strategies in Non Markovian Environments},
 booktitle = {Proceedings of the 10th Annual Conference Companion on Genetic and Evolutionary Computation},
 series = {GECCO '08},
 year = {2008},
 isbn = {978-1-60558-131-6},
 location = {Atlanta, GA, USA},
 pages = {2001--2008},
 numpages = {8},
 url = {http://doi.acm.org/10.1145/1388969.1389013},
 doi = {10.1145/1388969.1389013},
 acmid = {1389013},
 publisher = {ACM},
 address = {New York, NY, USA},
 keywords = {APCS, XCS, classifier system, non markovian multistep environment, strategy},
}

@inproceedings{Himberg:2003:OPT:604045.604061,
 author = {Himberg, Johan and H\"{a}kkil\"{a}, Jonna and Kangas, Petri and M\"{a}ntyj\"{a}rvi, Jani},
 title = {On-line Personalization of a Touch Screen Based Keyboard},
 booktitle = {Proceedings of the 8th International Conference on Intelligent User Interfaces},
 series = {IUI '03},
 year = {2003},
 isbn = {1-58113-586-6},
 location = {Miami, Florida, USA},
 pages = {77--84},
 numpages = {8},
 url = {http://doi.acm.org/10.1145/604045.604061},
 doi = {10.1145/604045.604061},
 acmid = {604061},
 publisher = {ACM},
 address = {New York, NY, USA},
 keywords = {adaptation, adaptive user interface, ergonomics, handheld devices, keyboard design, personalization, virtual keyboard},
}

@inproceedings{Das:2014:EFH:2615731.2615837,
 author = {Das, Sanmay and Lavoie, Allen},
 title = {The Effects of Feedback on Human Behavior in Social Media: An Inverse Reinforcement Learning Model},
 booktitle = {Proceedings of the 2014 International Conference on Autonomous Agents and Multi-agent Systems},
 series = {AAMAS '14},
 year = {2014},
 isbn = {978-1-4503-2738-1},
 location = {Paris, France},
 pages = {653--660},
 numpages = {8},
 url = {http://dl.acm.org/citation.cfm?id=2615731.2615837},
 acmid = {2615837},
 publisher = {International Foundation for Autonomous Agents and Multiagent Systems},
 address = {Richland, SC},
 keywords = {multi-agent learning, social media, social simulation},
}

@inproceedings{Heimann:2018:RRL:3269206.3271788,
 author = {Heimann, Mark and Shen, Haoming and Safavi, Tara and Koutra, Danai},
 title = {REGAL: Representation Learning-based Graph Alignment},
 booktitle = {Proceedings of the 27th ACM International Conference on Information and Knowledge Management},
 series = {CIKM '18},
 year = {2018},
 isbn = {978-1-4503-6014-2},
 location = {Torino, Italy},
 pages = {117--126},
 numpages = {10},
 url = {http://doi.acm.org/10.1145/3269206.3271788},
 doi = {10.1145/3269206.3271788},
 acmid = {3271788},
 publisher = {ACM},
 address = {New York, NY, USA},
 keywords = {graph matching, graph mining, network alignment, node embedding, node representation learning},
}

@article{Smith:1994:MEL:1326668.1326670,
 author = {Smith, Robert E.},
 title = {Memory Exploitation in Learning Classifier Systems},
 journal = {Evol. Comput.},
 issue_date = {Fall 1994},
 volume = {2},
 number = {3},
 month = sep,
 year = {1994},
 issn = {1063-6560},
 pages = {199--220},
 numpages = {22},
 url = {http://dx.doi.org/10.1162/evco.1994.2.3.199},
 doi = {10.1162/evco.1994.2.3.199},
 acmid = {1326670},
 publisher = {MIT Press},
 address = {Cambridge, MA, USA},
 keywords = {Learning classifier systems, bucket brigade algorithm, genetic algorithms, memory, parasites, reinforcement learning},
}

@inproceedings{Hunt:1961:PMH:1460690.1460706,
 author = {Hunt, Earl B. and Hovland, Carl I.},
 title = {Programming a Model of Human Concept Formulation},
 booktitle = {Papers Presented at the May 9-11, 1961, Western Joint IRE-AIEE-ACM Computer Conference},
 series = {IRE-AIEE-ACM '61 (Western)},
 year = {1961},
 location = {Los Angeles, California},
 pages = {145--155},
 numpages = {11},
 url = {http://doi.acm.org/10.1145/1460690.1460706},
 doi = {10.1145/1460690.1460706},
 acmid = {1460706},
 publisher = {ACM},
 address = {New York, NY, USA},
}

@article{Rouhani:2017:RAF:3145508.3126549,
 author = {Rouhani, Bita Darvish and Mirhoseini, Azalia and Koushanfar, Farinaz},
 title = {RISE: An Automated Framework for Real-Time Intelligent Video Surveillance on FPGA},
 journal = {ACM Trans. Embed. Comput. Syst.},
 issue_date = {October 2017},
 volume = {16},
 number = {5s},
 month = sep,
 year = {2017},
 issn = {1539-9087},
 pages = {158:1--158:18},
 articleno = {158},
 numpages = {18},
 url = {http://doi.acm.org/10.1145/3126549},
 doi = {10.1145/3126549},
 acmid = {3126549},
 publisher = {ACM},
 address = {New York, NY, USA},
 keywords = {Background subtraction, Data streaming, Intelligent video surveillance, License plate recognition, Reconfigurable computing},
}

@inproceedings{Mavroforakis:2017:MDL:3038912.3052669,
 author = {Mavroforakis, Charalampos and Valera, Isabel and Gomez-Rodriguez, Manuel},
 title = {Modeling the Dynamics of Learning Activity on the Web},
 booktitle = {Proceedings of the 26th International Conference on World Wide Web},
 series = {WWW '17},
 year = {2017},
 isbn = {978-1-4503-4913-0},
 location = {Perth, Australia},
 pages = {1421--1430},
 numpages = {10},
 url = {https://doi.org/10.1145/3038912.3052669},
 doi = {10.1145/3038912.3052669},
 acmid = {3052669},
 publisher = {International World Wide Web Conferences Steering Committee},
 address = {Republic and Canton of Geneva, Switzerland},
 keywords = {continuous-time data clustering, learning activity modeling, user interest tracking},
}

@article{Cao:2017:DSC:3127343.3015456,
 author = {Cao, Longbing},
 title = {Data Science: Challenges and Directions},
 journal = {Commun. ACM},
 issue_date = {August 2017},
 volume = {60},
 number = {8},
 month = jul,
 year = {2017},
 issn = {0001-0782},
 pages = {59--68},
 numpages = {10},
 url = {http://doi.acm.org/10.1145/3015456},
 doi = {10.1145/3015456},
 acmid = {3015456},
 publisher = {ACM},
 address = {New York, NY, USA},
}

@inproceedings{Liang:2013:LLS:2502081.2502089,
 author = {Liang, Xiaodan and Lin, Liang and Cao, Liangliang},
 title = {Learning Latent Spatio-temporal Compositional Model for Human Action Recognition},
 booktitle = {Proceedings of the 21st ACM International Conference on Multimedia},
 series = {MM '13},
 year = {2013},
 isbn = {978-1-4503-2404-5},
 location = {Barcelona, Spain},
 pages = {263--272},
 numpages = {10},
 url = {http://doi.acm.org/10.1145/2502081.2502089},
 doi = {10.1145/2502081.2502089},
 acmid = {2502089},
 publisher = {ACM},
 address = {New York, NY, USA},
 keywords = {action recognition, and-or graph, structural learning, video understanding},
}

@inproceedings{Conrady:2019:LAC:3319619.3326820,
 author = {Conrady, Simon and Manuel, Manu and Kreddig, Arne and Stechele, Walter},
 title = {LCS-based Automatic Configuration of Approximate Computing Parameters for FPGA System Designs},
 booktitle = {Proceedings of the Genetic and Evolutionary Computation Conference Companion},
 series = {GECCO '19},
 year = {2019},
 isbn = {978-1-4503-6748-6},
 location = {Prague, Czech Republic},
 pages = {1271--1279},
 numpages = {9},
 url = {http://doi.acm.org/10.1145/3319619.3326820},
 doi = {10.1145/3319619.3326820},
 acmid = {3326820},
 publisher = {ACM},
 address = {New York, NY, USA},
 keywords = {approximate computing, learning classifier system},
}

@article{Fang:2014:DGA:2675060.2648581,
 author = {Fang, Quan and Sang, Jitao and Xu, Changsheng},
 title = {Discovering Geo-Informative Attributes for Location Recognition and Exploration},
 journal = {ACM Trans. Multimedia Comput. Commun. Appl.},
 issue_date = {September 2014},
 volume = {11},
 number = {1s},
 month = oct,
 year = {2014},
 issn = {1551-6857},
 pages = {19:1--19:23},
 articleno = {19},
 numpages = {23},
 url = {http://doi.acm.org/10.1145/2648581},
 doi = {10.1145/2648581},
 acmid = {2648581},
 publisher = {ACM},
 address = {New York, NY, USA},
 keywords = {Geo-informative attributes, latent model, location recognition},
}

@article{Wilson:1995:CFB:1326690.1326693,
 author = {Wilson, Stewart W.},
 title = {Classifier Fitness Based on Accuracy},
 journal = {Evol. Comput.},
 issue_date = {Summer 1995},
 volume = {3},
 number = {2},
 month = jun,
 year = {1995},
 issn = {1063-6560},
 pages = {149--175},
 numpages = {27},
 url = {http://dx.doi.org/10.1162/evco.1995.3.2.149},
 doi = {10.1162/evco.1995.3.2.149},
 acmid = {1326693},
 publisher = {MIT Press},
 address = {Cambridge, MA, USA},
 keywords = {Classifier systems, accuracy, fitness, generalization, mapping, niche genetic algorithm, restricted mating, strength},
}

@article{Lanzi:2000:TOC:1108857.1108860,
 author = {Lanzi, Pier Luca and Wilson, Stewart W.},
 title = {Toward Optimal Classifier System Performance in Non-Markov Environments},
 journal = {Evol. Comput.},
 issue_date = {December 2000},
 volume = {8},
 number = {4},
 month = dec,
 year = {2000},
 issn = {1063-6560},
 pages = {393--418},
 numpages = {26},
 url = {http://dx.doi.org/10.1162/106365600568239},
 doi = {10.1162/106365600568239},
 acmid = {1108860},
 publisher = {MIT Press},
 address = {Cambridge, MA, USA},
}

@article{Muruzabal:2006:PCS:1152111.1152115,
 author = {Muruz\'{a}bal, Jorge},
 title = {A Probabilistic Classifier System and Its Application in Data Mining},
 journal = {Evol. Comput.},
 issue_date = {June 2006},
 volume = {14},
 number = {2},
 month = jun,
 year = {2006},
 issn = {1063-6560},
 pages = {183--221},
 numpages = {39},
 url = {http://dx.doi.org/10.1162/evco.2006.14.2.183},
 doi = {10.1162/evco.2006.14.2.183},
 acmid = {1152115},
 publisher = {MIT Press},
 address = {Cambridge, MA, USA},
 keywords = {Bayesian learning, cooperative mixtures, generality, predictive scoring, rule-based classification},
}

@article{Cao:2017:DSC:3101309.3076253,
 author = {Cao, Longbing},
 title = {Data Science: A Comprehensive Overview},
 journal = {ACM Comput. Surv.},
 issue_date = {October 2017},
 volume = {50},
 number = {3},
 month = jun,
 year = {2017},
 issn = {0360-0300},
 pages = {43:1--43:42},
 articleno = {43},
 numpages = {42},
 url = {http://doi.acm.org/10.1145/3076253},
 doi = {10.1145/3076253},
 acmid = {3076253},
 publisher = {ACM},
 address = {New York, NY, USA},
 keywords = {Big data, advanced analytics, big data analytics, computing, data DNA, data analysis, data analytics, data economy, data education, data engineering, data industry, data innovation, data profession, data science, data scientist, data service, informatics, statistics},
}

@proceedings{Bosman:2007:1274000,
 title = {GECCO '07: Proceedings of the 9th Annual Conference Companion on Genetic and Evolutionary Computation},
 year = {2007},
 isbn = {978-1-59593-698-1},
 location = {London, United Kingdom},
 note = {910071},
 publisher = {ACM},
 address = {New York, NY, USA},
}

@article{Araujo:2013:SMT:2522968.2522975,
 author = {Araujo, Aluizio F. R. and Rego, Renata L. M. E.},
 title = {Self-organizing Maps with a Time-varying Structure},
 journal = {ACM Comput. Surv.},
 issue_date = {October 2013},
 volume = {46},
 number = {1},
 month = jul,
 year = {2013},
 issn = {0360-0300},
 pages = {7:1--7:38},
 articleno = {7},
 numpages = {38},
 url = {http://doi.acm.org/10.1145/2522968.2522975},
 doi = {10.1145/2522968.2522975},
 acmid = {2522975},
 publisher = {ACM},
 address = {New York, NY, USA},
 keywords = {Neural networks, self-organizing maps, unsupervised learning},
}

