@inproceedings{Asdi:2000:LTL:633292.633478,
 author = {Asdi, A. Kashif and Daniels, Beth H.},
 title = {"Learnability" Testing in Learner-centered Design},
 booktitle = {CHI '00 Extended Abstracts on Human Factors in Computing Systems},
 series = {CHI EA '00},
 year = {2000},
 isbn = {1-58113-248-4},
 location = {The Hague, The Netherlands},
 pages = {309--309},
 numpages = {1},
 url = {http://doi.acm.org/10.1145/633292.633478},
 doi = {10.1145/633292.633478},
 acmid = {633478},
 publisher = {ACM},
 address = {New York, NY, USA},
 keywords = {design, education, learner-centered design, teaching, usability, usability testing, user-centered design},
}

@article{Hsi:1998:LDS:310307.310374,
 author = {Hsi, Sherry and Soloway, Elliot},
 title = {Learner-centered Design: Specifically Addressing the Needs of Learners},
 journal = {SIGCHI Bull.},
 issue_date = {Oct. 1998},
 volume = {30},
 number = {4},
 month = oct,
 year = {1998},
 issn = {0736-6906},
 pages = {53--55},
 numpages = {3},
 url = {http://doi.acm.org/10.1145/310307.310374},
 doi = {10.1145/310307.310374},
 acmid = {310374},
 publisher = {ACM},
 address = {New York, NY, USA},
}

@inproceedings{Soloway:1996:ILE:257089.257386,
 author = {Soloway, Elliot},
 title = {Interactive Learning Environments: Where They'Ve Come from \&Amp; Where They'Re Going},
 booktitle = {Conference Companion on Human Factors in Computing Systems},
 series = {CHI '96},
 year = {1996},
 isbn = {0-89791-832-0},
 location = {Vancouver, British Columbia, Canada},
 pages = {384--385},
 numpages = {2},
 url = {http://doi.acm.org/10.1145/257089.257386},
 doi = {10.1145/257089.257386},
 acmid = {257386},
 publisher = {ACM},
 address = {New York, NY, USA},
 keywords = {constructionism, education \&amp; computers, intelligent tutoring systems, interactive learning environments},
}

@inproceedings{Fischer:2007:CSD:1240866.1241090,
 author = {Fischer, Gerhard and Giaccardi, Elisa and Ye, Yunwen and DiGiano, Chris and Nakakoji, Kumiyo},
 title = {Converging on a Science of Design Through the Synthesis of Design Methodologies},
 booktitle = {CHI '07 Extended Abstracts on Human Factors in Computing Systems},
 series = {CHI EA '07},
 year = {2007},
 isbn = {978-1-59593-642-4},
 location = {San Jose, CA, USA},
 pages = {2837--2840},
 numpages = {4},
 url = {http://doi.acm.org/10.1145/1240866.1241090},
 doi = {10.1145/1240866.1241090},
 acmid = {1241090},
 publisher = {ACM},
 address = {New York, NY, USA},
 keywords = {collaborative design, design in creative practices, learner-centered design, meta-design, participatory design, professional-oriented design, science of design, user-centered design},
}

@inproceedings{Quintana:2000:ECS:633292.633396,
 author = {Quintana, Chris and Fretz, Eric and Krajcik, Joseph and Soloway, Elliot},
 title = {Evaluation Criteria for Scaffolding in Learner-centered Tools},
 booktitle = {CHI '00 Extended Abstracts on Human Factors in Computing Systems},
 series = {CHI EA '00},
 year = {2000},
 isbn = {1-58113-248-4},
 location = {The Hague, The Netherlands},
 pages = {189--190},
 numpages = {2},
 url = {http://doi.acm.org/10.1145/633292.633396},
 doi = {10.1145/633292.633396},
 acmid = {633396},
 publisher = {ACM},
 address = {New York, NY, USA},
 keywords = {learner-centered design, scaffolding, software evaluation},
}

@inproceedings{Gasen:1999:TLC:632716.632745,
 author = {Gasen, Jean B.},
 title = {Technology and Learner Centered Design: Reaching out Across the Life Span},
 booktitle = {CHI '99 Extended Abstracts on Human Factors in Computing Systems},
 series = {CHI EA '99},
 year = {1999},
 isbn = {1-58113-158-5},
 location = {Pittsburgh, Pennsylvania},
 pages = {41--42},
 numpages = {2},
 url = {http://doi.acm.org/10.1145/632716.632745},
 doi = {10.1145/632716.632745},
 acmid = {632745},
 publisher = {ACM},
 address = {New York, NY, USA},
}

@inproceedings{Soloway:1995:ILE:223355.223715,
 author = {Soloway, Elliot and Bielaczyc, Kate},
 title = {Interactive Learning Environments: Where They'Ve Come from \&Amp; Where They'Re Going},
 booktitle = {Conference Companion on Human Factors in Computing Systems},
 series = {CHI '95},
 year = {1995},
 isbn = {0-89791-755-3},
 location = {Denver, Colorado, USA},
 pages = {347--348},
 numpages = {2},
 url = {http://doi.acm.org/10.1145/223355.223715},
 doi = {10.1145/223355.223715},
 acmid = {223715},
 publisher = {ACM},
 address = {New York, NY, USA},
}

@inproceedings{Luchini:2002:SSD:506443.506600,
 author = {Luchini, Kathleen and Quintana, Chris and Krajcik, Joe and Farah, Chris and Nandihalli, Nayan and Reese, Kyle and Wieczorek, Adam and Soloway, Elliot},
 title = {Scaffolding in the Small: Designing Educational Supports for Concept Mapping on Handheld Computers},
 booktitle = {CHI '02 Extended Abstracts on Human Factors in Computing Systems},
 series = {CHI EA '02},
 year = {2002},
 isbn = {1-58113-454-1},
 location = {Minneapolis, Minnesota, USA},
 pages = {792--793},
 numpages = {2},
 url = {http://doi.acm.org/10.1145/506443.506600},
 doi = {10.1145/506443.506600},
 acmid = {506600},
 publisher = {ACM},
 address = {New York, NY, USA},
 keywords = {concept map, handhelds, learner centered design, scaffolds},
}

@inproceedings{Hsi:1998:LDA:286498.286697,
 author = {Hsi, Sherry and Soloway, Elliot},
 title = {Learner-centered Design: Addressing, Finally, the Unique Needs of Learners},
 booktitle = {CHI 98 Conference Summary on Human Factors in Computing Systems},
 series = {CHI '98},
 year = {1998},
 isbn = {1-58113-028-7},
 location = {Los Angeles, California, USA},
 pages = {211--212},
 numpages = {2},
 url = {http://doi.acm.org/10.1145/286498.286697},
 doi = {10.1145/286498.286697},
 acmid = {286697},
 publisher = {ACM},
 address = {New York, NY, USA},
}

@article{Zingaro:2016:BRL:2938622.2927017,
 author = {Zingaro, Daniel},
 title = {BOOK REVIEW: Learner-centered Design of Computing Education: Research on Computing for Everyone},
 journal = {ACM Inroads},
 issue_date = {June 2016},
 volume = {7},
 number = {2},
 month = may,
 year = {2016},
 issn = {2153-2184},
 pages = {45--46},
 numpages = {2},
 url = {http://doi.acm.org/10.1145/2927017},
 doi = {10.1145/2927017},
 acmid = {2927017},
 publisher = {ACM},
 address = {New York, NY, USA},
}

@inproceedings{Quintana:2002:CSD:503376.503392,
 author = {Quintana, Chris and Krajcik, Joseph and Soloway, Elliot},
 title = {A Case Study to Distill Structural Scaffolding Guidelines for Scaffolded Software Environments},
 booktitle = {Proceedings of the SIGCHI Conference on Human Factors in Computing Systems},
 series = {CHI '02},
 year = {2002},
 isbn = {1-58113-453-3},
 location = {Minneapolis, Minnesota, USA},
 pages = {81--88},
 numpages = {8},
 url = {http://doi.acm.org/10.1145/503376.503392},
 doi = {10.1145/503376.503392},
 acmid = {503392},
 publisher = {ACM},
 address = {New York, NY, USA},
 keywords = {design guidelines, educational applications, scaffolding},
}

@inproceedings{Quintana:1996:NSC:1161135.1161172,
 author = {Quintana, Chris and Abotel, Kasem and Soloway, Elliot},
 title = {NoRIS: Supporting Computational Science Activities Through Learner-centered Design},
 booktitle = {Proceedings of the 1996 International Conference on Learning Sciences},
 series = {ICLS '96},
 year = {1996},
 isbn = {1-880094-23-1},
 location = {Evanston, Illinois},
 pages = {272--279},
 numpages = {8},
 url = {http://dl.acm.org/citation.cfm?id=1161135.1161172},
 acmid = {1161172},
 publisher = {International Society of the Learning Sciences},
}

@inproceedings{D'Alessandro:2001:VNH:379437.379813,
 author = {D'Alessandro, Michael P. and Bakalar, Richard S. and D'Alessandro, Donna M. and Ashley, Denis E. and Hendrix, Mary J. C.},
 title = {The Virtual Naval Hospital: The Digital Library As Knowledge Management Tool for Nomadic Patrons},
 booktitle = {Proceedings of the 1st ACM/IEEE-CS Joint Conference on Digital Libraries},
 series = {JCDL '01},
 year = {2001},
 isbn = {1-58113-345-6},
 location = {Roanoke, Virginia, USA},
 pages = {478--},
 url = {http://doi.acm.org/10.1145/379437.379813},
 doi = {10.1145/379437.379813},
 acmid = {379813},
 publisher = {ACM},
 address = {New York, NY, USA},
 keywords = {case study, digital libraries, knowledge management, lessons learned, nomadic computing},
}

@inproceedings{Guzdial:1995:LSD:225434.225450,
 author = {Guzdial, Mark and Kafai, Yasmin B. and Carroll, John M. and Fischer, Gerhard and Schank, Roger and Soloway, Elliot},
 title = {Learner-centered System Design: HCI Perspective for the Future},
 booktitle = {Proceedings of the 1st Conference on Designing Interactive Systems: Processes, Practices, Methods, \& Techniques},
 series = {DIS '95},
 year = {1995},
 isbn = {0-89791-673-5},
 location = {Ann Arbor, Michigan, USA},
 pages = {143--147},
 numpages = {5},
 url = {http://doi.acm.org/10.1145/225434.225450},
 doi = {10.1145/225434.225450},
 acmid = {225450},
 publisher = {ACM},
 address = {New York, NY, USA},
}

@inproceedings{Quintana:1999:SCS:302979.303136,
 author = {Quintana, Chris and Eng, Jim and Carra, Andrew and Wu, Hsin-Kai and Soloway, Elliot},
 title = {Symphony: A Case Study in Extending Learner-centered Design Through Process Space Analysis},
 booktitle = {Proceedings of the SIGCHI Conference on Human Factors in Computing Systems},
 series = {CHI '99},
 year = {1999},
 isbn = {0-201-48559-1},
 location = {Pittsburgh, Pennsylvania, USA},
 pages = {473--480},
 numpages = {8},
 url = {http://doi.acm.org/10.1145/302979.303136},
 doi = {10.1145/302979.303136},
 acmid = {303136},
 publisher = {ACM},
 address = {New York, NY, USA},
 keywords = {learner-centered design, process spaces, processes scaffolding, scaffolded integrated tool environments},
}

@inproceedings{Wallace:1998:ALD:274644.274673,
 author = {Wallace, Raven and Soloway, Elliot and Krajcik, Joseph and Bos, Nathan and Hoffman, Joseph and Hunter, Heather Eccleston and Kiskis, Dan and Klann, Elisabeth and Peters, Greg and Richardson, David and Ronen, Ofer},
 title = {ARTEMIS: Learner-centered Design of an Information Seeking Environment for K-12 Education},
 booktitle = {Proceedings of the SIGCHI Conference on Human Factors in Computing Systems},
 series = {CHI '98},
 year = {1998},
 isbn = {0-201-30987-4},
 location = {Los Angeles, California, USA},
 pages = {195--202},
 numpages = {8},
 url = {http://dx.doi.org/10.1145/274644.274673},
 doi = {10.1145/274644.274673},
 acmid = {274673},
 publisher = {ACM Press/Addison-Wesley Publishing Co.},
 address = {New York, NY, USA},
 keywords = {K-12 education, digital libraries, information seeking, learner-centered design},
}

@inproceedings{Quintana:2017:PPU:3027063.3053355,
 author = {Quintana, Rebecca M. and Haley, Stephanie R. and Levick, Adam and Holman, Caitlin and Hayward, Ben and Wojan, Mike},
 title = {The Persona Party: Using Personas to Design for Learning at Scale},
 booktitle = {Proceedings of the 2017 CHI Conference Extended Abstracts on Human Factors in Computing Systems},
 series = {CHI EA '17},
 year = {2017},
 isbn = {978-1-4503-4656-6},
 location = {Denver, Colorado, USA},
 pages = {933--941},
 numpages = {9},
 url = {http://doi.acm.org/10.1145/3027063.3053355},
 doi = {10.1145/3027063.3053355},
 acmid = {3053355},
 publisher = {ACM},
 address = {New York, NY, USA},
 keywords = {design, learning at scale, personas, product development},
}

@inproceedings{Gifford:1999:ACD:1150240.1150262,
 author = {Gifford, Bernard R. and Enyedy, Noel D.},
 title = {Activity Centered Design: Towards a Theoretical Framework for CSCL},
 booktitle = {Proceedings of the 1999 Conference on Computer Support for Collaborative Learning},
 series = {CSCL '99},
 year = {1999},
 location = {Palo Alto, California},
 articleno = {22},
 url = {http://dl.acm.org/citation.cfm?id=1150240.1150262},
 acmid = {1150262},
 publisher = {International Society of the Learning Sciences},
 keywords = {activity theory, design framework, discourse analysis},
}

@inproceedings{Sun:2017:CEO:3022198.3026348,
 author = {Sun, Na and Rosson, Mary Beth},
 title = {Connection Enablers in Online Learning Community: From Informative Online Personae to Meaningful Social Space},
 booktitle = {Companion of the 2017 ACM Conference on Computer Supported Cooperative Work and Social Computing},
 series = {CSCW '17 Companion},
 year = {2017},
 isbn = {978-1-4503-4688-7},
 location = {Portland, Oregon, USA},
 pages = {315--318},
 numpages = {4},
 url = {http://doi.acm.org/10.1145/3022198.3026348},
 doi = {10.1145/3022198.3026348},
 acmid = {3026348},
 publisher = {ACM},
 address = {New York, NY, USA},
 keywords = {distance education, online community, visualization design},
}

@inproceedings{Jackson:1996:DGL:1161135.1161241,
 author = {Jackson, Shari L.},
 title = {The Design of Guided Learner-adaptable Scaffolding in Interactive Learning Environments},
 booktitle = {Proceedings of the 1996 International Conference on Learning Sciences},
 series = {ICLS '96},
 year = {1996},
 isbn = {1-880094-23-1},
 location = {Evanston, Illinois},
 pages = {575--576},
 numpages = {2},
 url = {http://dl.acm.org/citation.cfm?id=1161135.1161241},
 acmid = {1161241},
 publisher = {International Society of the Learning Sciences},
}

@article{Guo:2017:AAL:3127343.3105421,
 author = {Guo, Philip},
 title = {How Adults Ages 60+ Are Learning to Code},
 journal = {Commun. ACM},
 issue_date = {August 2017},
 volume = {60},
 number = {8},
 month = jul,
 year = {2017},
 issn = {0001-0782},
 pages = {10--11},
 numpages = {2},
 url = {http://doi.acm.org/10.1145/3105421},
 doi = {10.1145/3105421},
 acmid = {3105421},
 publisher = {ACM},
 address = {New York, NY, USA},
}

@article{Brown:2001:DBO:366413.364621,
 author = {Brown, Judy and Lu, Jiayun},
 title = {Designing Better Online Teaching Material},
 journal = {SIGCSE Bull.},
 issue_date = {March 2001},
 volume = {33},
 number = {1},
 month = feb,
 year = {2001},
 issn = {0097-8418},
 pages = {352--356},
 numpages = {5},
 url = {http://doi.acm.org/10.1145/366413.364621},
 doi = {10.1145/366413.364621},
 acmid = {364621},
 publisher = {ACM},
 address = {New York, NY, USA},
}

@inproceedings{Brown:2001:DBO:364447.364621,
 author = {Brown, Judy and Lu, Jiayun},
 title = {Designing Better Online Teaching Material},
 booktitle = {Proceedings of the Thirty-second SIGCSE Technical Symposium on Computer Science Education},
 series = {SIGCSE '01},
 year = {2001},
 isbn = {1-58113-329-4},
 location = {Charlotte, North Carolina, USA},
 pages = {352--356},
 numpages = {5},
 url = {http://doi.acm.org/10.1145/364447.364621},
 doi = {10.1145/364447.364621},
 acmid = {364621},
 publisher = {ACM},
 address = {New York, NY, USA},
}

@inproceedings{Feijoo-Garcia:2019:IFP:3304221.3325587,
 author = {Feij\'{o}o-Garc\'{\i}a, Pedro G. and Gardner-McCune, Christina},
 title = {Improving Functional Programming Understanding Through Student-Created Instructional Videos},
 booktitle = {Proceedings of the 2019 ACM Conference on Innovation and Technology in Computer Science Education},
 series = {ITiCSE '19},
 year = {2019},
 isbn = {978-1-4503-6301-3},
 location = {Aberdeen, Scotland Uk},
 pages = {304--304},
 numpages = {1},
 url = {http://doi.acm.org/10.1145/3304221.3325587},
 doi = {10.1145/3304221.3325587},
 acmid = {3325587},
 publisher = {ACM},
 address = {New York, NY, USA},
 keywords = {computing education, student-created artifacts},
}

@article{McCartney:2019:ICP:3310216.3310218,
 author = {McCartney, Robert and Petersen, Andrew},
 title = {ICER 2019 Call for Participation},
 journal = {SIGCSE Bull.},
 issue_date = {January 2019},
 volume = {51},
 number = {1},
 month = jan,
 year = {2019},
 issn = {0097-8418},
 pages = {3--4},
 numpages = {2},
 url = {http://doi.acm.org/10.1145/3310216.3310218},
 doi = {10.1145/3310216.3310218},
 acmid = {3310218},
 publisher = {ACM},
 address = {New York, NY, USA},
}

@article{Gale:2006:THT:1167948.1167993,
 author = {Gale, Carolyn},
 title = {Transitioning to the Hallway Talk},
 journal = {Interactions},
 issue_date = {November + December 2006},
 volume = {13},
 number = {6},
 month = nov,
 year = {2006},
 issn = {1072-5520},
 pages = {60--},
 url = {http://doi.acm.org/10.1145/1167948.1167993},
 doi = {10.1145/1167948.1167993},
 acmid = {1167993},
 publisher = {ACM},
 address = {New York, NY, USA},
}

@inproceedings{Quintana:2004:DII:996350.996454,
 author = {Quintana, Chris and Zhang, Meilan},
 title = {The Digital Ideakeeper: Integrating Digital Libraries with a Scaffolded Environment for Online Inquiry},
 booktitle = {Proceedings of the 4th ACM/IEEE-CS Joint Conference on Digital Libraries},
 series = {JCDL '04},
 year = {2004},
 isbn = {1-58113-832-6},
 location = {Tuscon, AZ, USA},
 pages = {388--388},
 numpages = {1},
 url = {http://doi.acm.org/10.1145/996350.996454},
 doi = {10.1145/996350.996454},
 acmid = {996454},
 publisher = {ACM},
 address = {New York, NY, USA},
 keywords = {digital libraries, online inquiry, scaffolding},
}

@article{Gale:2006:BBR:1109069.1109112,
 author = {Gale, Carolyn},
 title = {Building a Bridge Between Research and Practice},
 journal = {Interactions},
 issue_date = {January + February 2006},
 volume = {13},
 number = {1},
 month = jan,
 year = {2006},
 issn = {1072-5520},
 pages = {63--63},
 numpages = {1},
 url = {http://doi.acm.org/10.1145/1109069.1109112},
 doi = {10.1145/1109069.1109112},
 acmid = {1109112},
 publisher = {ACM},
 address = {New York, NY, USA},
}

@inproceedings{Bruckman:1996:MCC:1161135.1161239,
 author = {Bruckman, Amy},
 title = {MOOSE Crossing: Creating a Learning Culture},
 booktitle = {Proceedings of the 1996 International Conference on Learning Sciences},
 series = {ICLS '96},
 year = {1996},
 isbn = {1-880094-23-1},
 location = {Evanston, Illinois},
 pages = {571--572},
 numpages = {2},
 url = {http://dl.acm.org/citation.cfm?id=1161135.1161239},
 acmid = {1161239},
 publisher = {International Society of the Learning Sciences},
}

@inproceedings{Quintana:2004:INS:985921.986056,
 author = {Quintana, Chris and Zhang, Meilan},
 title = {IdeaKeeper Notepads: Scaffolding Digital Library Information Analysis in Online Inquiry},
 booktitle = {CHI '04 Extended Abstracts on Human Factors in Computing Systems},
 series = {CHI EA '04},
 year = {2004},
 isbn = {1-58113-703-6},
 location = {Vienna, Austria},
 pages = {1329--1332},
 numpages = {4},
 url = {http://doi.acm.org/10.1145/985921.986056},
 doi = {10.1145/985921.986056},
 acmid = {986056},
 publisher = {ACM},
 address = {New York, NY, USA},
 keywords = {digital libraries, education, online inquiry, scaffolding},
}

@inproceedings{Lyons:2007:SCM:1240866.1240879,
 author = {Lyons, Leilah Blakeney},
 title = {Scaffolding Cooperative Multi-device Activities in an Informal Learning Environment},
 booktitle = {CHI '07 Extended Abstracts on Human Factors in Computing Systems},
 series = {CHI EA '07},
 year = {2007},
 isbn = {978-1-59593-642-4},
 location = {San Jose, CA, USA},
 pages = {1669--1672},
 numpages = {4},
 url = {http://doi.acm.org/10.1145/1240866.1240879},
 doi = {10.1145/1240866.1240879},
 acmid = {1240879},
 publisher = {ACM},
 address = {New York, NY, USA},
 keywords = {co-located cooperation, complex systems, distributed scaffolding, informal learning, microworlds, multi-device interfaces, multi-user interfaces, simulations},
}

@inproceedings{Hoang:2017:ASP:3025453.3025860,
 author = {Hoang, Thuong and Reinoso, Martin and Joukhadar, Zaher and Vetere, Frank and Kelly, David},
 title = {Augmented Studio: Projection Mapping on Moving Body for Physiotherapy Education},
 booktitle = {Proceedings of the 2017 CHI Conference on Human Factors in Computing Systems},
 series = {CHI '17},
 year = {2017},
 isbn = {978-1-4503-4655-9},
 location = {Denver, Colorado, USA},
 pages = {1419--1430},
 numpages = {12},
 url = {http://doi.acm.org/10.1145/3025453.3025860},
 doi = {10.1145/3025453.3025860},
 acmid = {3025860},
 publisher = {ACM},
 address = {New York, NY, USA},
 keywords = {annotation, physiotherapy education, projection mapping, spatial augmented reality},
}

@inproceedings{Ardito:2004:UET:989863.989873,
 author = {Ardito, C. and De Marsico, M. and Lanzilotti, R. and Levialdi, S. and Roselli, T. and Rossano, V. and Tersigni, M.},
 title = {Usability of E-learning Tools},
 booktitle = {Proceedings of the Working Conference on Advanced Visual Interfaces},
 series = {AVI '04},
 year = {2004},
 isbn = {1-58113-867-9},
 location = {Gallipoli, Italy},
 pages = {80--84},
 numpages = {5},
 url = {http://doi.acm.org/10.1145/989863.989873},
 doi = {10.1145/989863.989873},
 acmid = {989873},
 publisher = {ACM},
 address = {New York, NY, USA},
 keywords = {e-learning, learner centered design, usability evaluation},
}

@inproceedings{Carey:2001:INK:634067.634345,
 author = {Carey, Tom and Vredenburg, Karel and Bizzocchi, Jim},
 title = {Interactive Narrative and Knowledge Stewardship},
 booktitle = {CHI '01 Extended Abstracts on Human Factors in Computing Systems},
 series = {CHI EA '01},
 year = {2001},
 isbn = {1-58113-340-5},
 location = {Seattle, Washington},
 pages = {485--486},
 numpages = {2},
 url = {http://doi.acm.org/10.1145/634067.634345},
 doi = {10.1145/634067.634345},
 acmid = {634345},
 publisher = {ACM},
 address = {New York, NY, USA},
 keywords = {case studies, digital storytelling, interactive narrative, knowledge community, knowledge stewardship, multimedia genres},
}

@inproceedings{Jackson:1995:SML:223355.223367,
 author = {Jackson, Shari L.},
 title = {The ScienceWare Modeler: A Learner-centered Tool for Students Building Models},
 booktitle = {Conference Companion on Human Factors in Computing Systems},
 series = {CHI '95},
 year = {1995},
 isbn = {0-89791-755-3},
 location = {Denver, Colorado, USA},
 pages = {7--8},
 numpages = {2},
 url = {http://doi.acm.org/10.1145/223355.223367},
 doi = {10.1145/223355.223367},
 acmid = {223367},
 publisher = {ACM},
 address = {New York, NY, USA},
 keywords = {educational applications, learner-Centered software design, multimedia, science applications},
}

@article{Jackson:1996:LTS:227210.227224,
 author = {Jackson, Shari L. and Stratford, Steven J. and Krajcik, Joseph and Soloway, Elliot},
 title = {A Learner-centered Tool for Students Building Models},
 journal = {Commun. ACM},
 issue_date = {April 1996},
 volume = {39},
 number = {4},
 month = apr,
 year = {1996},
 issn = {0001-0782},
 pages = {48--49},
 numpages = {2},
 url = {http://doi.acm.org/10.1145/227210.227224},
 doi = {10.1145/227210.227224},
 acmid = {227224},
 publisher = {ACM},
 address = {New York, NY, USA},
}

@article{Gale:2006:ET:1125864.1125905,
 author = {Gale, Carolyn},
 title = {The Elevator Talk},
 journal = {Interactions},
 issue_date = {May + June 2006},
 volume = {13},
 number = {3},
 month = may,
 year = {2006},
 issn = {1072-5520},
 pages = {65--65},
 numpages = {1},
 url = {http://doi.acm.org/10.1145/1125864.1125905},
 doi = {10.1145/1125864.1125905},
 acmid = {1125905},
 publisher = {ACM},
 address = {New York, NY, USA},
}

@inproceedings{Kuhn:2009:SNW:1551788.1551834,
 author = {Kuhn, Alex and Quintana, Chris and Soloway, Elliot},
 title = {StoryTime: A New Way for Children to Write},
 booktitle = {Proceedings of the 8th International Conference on Interaction Design and Children},
 series = {IDC '09},
 year = {2009},
 isbn = {978-1-60558-395-2},
 location = {Como, Italy},
 pages = {218--221},
 numpages = {4},
 url = {http://doi.acm.org/10.1145/1551788.1551834},
 doi = {10.1145/1551788.1551834},
 acmid = {1551834},
 publisher = {ACM},
 address = {New York, NY, USA},
 keywords = {children's literacy, finger-touch interface, learner-centered design, mobile learning, usability},
}

@inproceedings{Park:2013:ODT:2468356.2468690,
 author = {Park, Thomas H. and Saxena, Ankur and Jagannath, Swathi and Wiedenbeck, Susan and Forte, Andrea},
 title = {OpenHTML: Designing a Transitional Web Editor for Novices},
 booktitle = {CHI '13 Extended Abstracts on Human Factors in Computing Systems},
 series = {CHI EA '13},
 year = {2013},
 isbn = {978-1-4503-1952-2},
 location = {Paris, France},
 pages = {1863--1868},
 numpages = {6},
 url = {http://doi.acm.org/10.1145/2468356.2468690},
 doi = {10.1145/2468356.2468690},
 acmid = {2468690},
 publisher = {ACM},
 address = {New York, NY, USA},
 keywords = {code editors, learner-centered design, web development},
}

@inproceedings{Luchini:2003:PPC:642611.642668,
 author = {Luchini, Kathleen and Quintana, Chris and Soloway, Elliot},
 title = {Pocket PiCoMap: A Case Study in Designing and Assessing a Handheld Concept Mapping Tool for Learners},
 booktitle = {Proceedings of the SIGCHI Conference on Human Factors in Computing Systems},
 series = {CHI '03},
 year = {2003},
 isbn = {1-58113-630-7},
 location = {Ft. Lauderdale, Florida, USA},
 pages = {321--328},
 numpages = {8},
 url = {http://doi.acm.org/10.1145/642611.642668},
 doi = {10.1145/642611.642668},
 acmid = {642668},
 publisher = {ACM},
 address = {New York, NY, USA},
}

@inproceedings{Soloway:1996:LTP:238386.238476,
 author = {Soloway, Elliot and Jackson, Shari L. and Klein, Jonathan and Quintana, Chris and Reed, James and Spitulnik, Jeff and Stratford, Steven J. and Studer, Scott and Eng, Jim and Scala, Nancy},
 title = {Learning Theory in Practice: Case Studies of Learner-centered Design},
 booktitle = {Proceedings of the SIGCHI Conference on Human Factors in Computing Systems},
 series = {CHI '96},
 year = {1996},
 isbn = {0-89791-777-4},
 location = {Vancouver, British Columbia, Canada},
 pages = {189--196},
 numpages = {8},
 url = {http://doi.acm.org/10.1145/238386.238476},
 doi = {10.1145/238386.238476},
 acmid = {238476},
 publisher = {ACM},
 address = {New York, NY, USA},
 keywords = {case study, constructivism, educational applications, learner-centered design, scaffolding, science applications, socioculturalism},
}

@inproceedings{Kelleher:2005:STD:1054972.1055047,
 author = {Kelleher, Caitlin and Pausch, Randy and Pausch, Randy},
 title = {Stencils-based Tutorials: Design and Evaluation},
 booktitle = {Proceedings of the SIGCHI Conference on Human Factors in Computing Systems},
 series = {CHI '05},
 year = {2005},
 isbn = {1-58113-998-5},
 location = {Portland, Oregon, USA},
 pages = {541--550},
 numpages = {10},
 url = {http://doi.acm.org/10.1145/1054972.1055047},
 doi = {10.1145/1054972.1055047},
 acmid = {1055047},
 publisher = {ACM},
 address = {New York, NY, USA},
 keywords = {interaction technique, transparent overlay, tutorials, user interface design},
}

@inproceedings{Scott:2004:CHC:1017833.1017862,
 author = {Scott, Lisa Ann and Zimmerman, Robert and Chang, Hsin-Yi and Heitzman, Mary and Krajcik, Joseph and McNeill, Kate Lynch and Quintana, Chris and Soloway, Elliot},
 title = {Chemation: A Handheld Chemistry Modeling and Animation Tool},
 booktitle = {Proceedings of the 2004 Conference on Interaction Design and Children: Building a Community},
 series = {IDC '04},
 year = {2004},
 isbn = {1-58113-791-5},
 location = {Maryland},
 pages = {145--146},
 numpages = {2},
 url = {http://doi.acm.org/10.1145/1017833.1017862},
 doi = {10.1145/1017833.1017862},
 acmid = {1017862},
 publisher = {ACM},
 address = {New York, NY, USA},
 keywords = {animation, chemistry, handheld, modeling},
}

@article{Guzdial:2017:BTC:3098997.3077227,
 author = {Guzdial, Mark},
 title = {Balancing Teaching CS Efficiently with Motivating Students},
 journal = {Commun. ACM},
 issue_date = {June 2017},
 volume = {60},
 number = {6},
 month = may,
 year = {2017},
 issn = {0001-0782},
 pages = {10--11},
 numpages = {2},
 url = {http://doi.acm.org/10.1145/3077227},
 doi = {10.1145/3077227},
 acmid = {3077227},
 publisher = {ACM},
 address = {New York, NY, USA},
}

@inproceedings{Quintana:1998:SEU:286498.286785,
 author = {Quintana, Chris and Soloway, Elliot and Krajcik, Joseph and Carra, Andrew and Houser, Matt and McDonald, Mike and Mouradian, Mike and Saarela, Aaron and Vyas, Naresh and Wisnudel, Michele},
 title = {Symphony: Exploring User Interface Representations for Learner-centered Process Scaffolding},
 booktitle = {CHI 98 Conference Summary on Human Factors in Computing Systems},
 series = {CHI '98},
 year = {1998},
 isbn = {1-58113-028-7},
 location = {Los Angeles, California, USA},
 pages = {311--312},
 numpages = {2},
 url = {http://doi.acm.org/10.1145/286498.286785},
 doi = {10.1145/286498.286785},
 acmid = {286785},
 publisher = {ACM},
 address = {New York, NY, USA},
 keywords = {learner-centered tools, process scaffolding, process visualization, supportive integrated environments},
}

@inproceedings{Jackson:1998:DGL:274644.274672,
 author = {Jackson, Shari L. and Krajcik, Joseph and Soloway, Elliot},
 title = {The Design of Guided Learner-adaptable Scaffolding in Interactive Learning Environments},
 booktitle = {Proceedings of the SIGCHI Conference on Human Factors in Computing Systems},
 series = {CHI '98},
 year = {1998},
 isbn = {0-201-30987-4},
 location = {Los Angeles, California, USA},
 pages = {187--194},
 numpages = {8},
 url = {http://dx.doi.org/10.1145/274644.274672},
 doi = {10.1145/274644.274672},
 acmid = {274672},
 publisher = {ACM Press/Addison-Wesley Publishing Co.},
 address = {New York, NY, USA},
 keywords = {adaptable interfaces, education applications, fading, learner-centered design, scaffolding},
}

@inproceedings{Heines:2003:PDM:611892.611899,
 author = {Heines, Jesse and B\"{o}rner, Katy and Ivory, Melody Y. and Gehringer, Edward F.},
 title = {Panel on the Development, Maintenance, and Use of Course Web Sites},
 booktitle = {Proceedings of the 34th SIGCSE Technical Symposium on Computer Science Education},
 series = {SIGCSE '03},
 year = {2003},
 isbn = {1-58113-648-X},
 location = {Reno, Navada, USA},
 pages = {94--95},
 numpages = {2},
 url = {http://doi.acm.org/10.1145/611892.611899},
 doi = {10.1145/611892.611899},
 acmid = {611899},
 publisher = {ACM},
 address = {New York, NY, USA},
 keywords = {course web sites},
}

@article{Heines:2003:PDM:792548.611899,
 author = {Heines, Jesse and B\"{o}rner, Katy and Ivory, Melody Y. and Gehringer, Edward F.},
 title = {Panel on the Development, Maintenance, and Use of Course Web Sites},
 journal = {SIGCSE Bull.},
 issue_date = {January 2003},
 volume = {35},
 number = {1},
 month = jan,
 year = {2003},
 issn = {0097-8418},
 pages = {94--95},
 numpages = {2},
 url = {http://doi.acm.org/10.1145/792548.611899},
 doi = {10.1145/792548.611899},
 acmid = {611899},
 publisher = {ACM},
 address = {New York, NY, USA},
 keywords = {course web sites},
}

@inproceedings{Ericson:2015:APP:2787622.2787740,
 author = {Ericson, Barbara J.},
 title = {Adaptive Parsons Problems with Discourse Rules},
 booktitle = {Proceedings of the Eleventh Annual International Conference on International Computing Education Research},
 series = {ICER '15},
 year = {2015},
 isbn = {978-1-4503-3630-7},
 location = {Omaha, Nebraska, USA},
 pages = {259--260},
 numpages = {2},
 url = {http://doi.acm.org/10.1145/2787622.2787740},
 doi = {10.1145/2787622.2787740},
 acmid = {2787740},
 publisher = {ACM},
 address = {New York, NY, USA},
 keywords = {learning programming, parsons problems},
}

@inproceedings{Jul:2003:DL:765891.766139,
 author = {Jul, Susanne and Quintana, Chris},
 title = {Designing for Learning},
 booktitle = {CHI '03 Extended Abstracts on Human Factors in Computing Systems},
 series = {CHI EA '03},
 year = {2003},
 isbn = {1-58113-637-4},
 location = {Ft. Lauderdale, Florida, USA},
 pages = {1042--1043},
 numpages = {2},
 url = {http://doi.acm.org/10.1145/765891.766139},
 doi = {10.1145/765891.766139},
 acmid = {766139},
 publisher = {ACM},
 address = {New York, NY, USA},
 keywords = {design, design guidelines, design problem analysis, design theory, learning},
}

@inproceedings{Wallace:2000:WHS:633292.633343,
 author = {Wallace, Raven McCrory},
 title = {The Web in High School Science Teaching: Constructing a Technology in Practice},
 booktitle = {CHI '00 Extended Abstracts on Human Factors in Computing Systems},
 series = {CHI EA '00},
 year = {2000},
 isbn = {1-58113-248-4},
 location = {The Hague, The Netherlands},
 pages = {85--86},
 numpages = {2},
 url = {http://doi.acm.org/10.1145/633292.633343},
 doi = {10.1145/633292.633343},
 acmid = {633343},
 publisher = {ACM},
 address = {New York, NY, USA},
 keywords = {K-12 education, educational technology, internet, teaching, user studies},
}

@inproceedings{Luchini:2002:UHS:1658616.1658796,
 author = {Luchini, Kathleen and Quintana, Chris and Curtis, Michael and Murphy, Richard and Krajcik, Joseph and Soloway, Elliot and Suthers, Daniel},
 title = {Using Handhelds to Support Collaborative Learning},
 booktitle = {Proceedings of the Conference on Computer Support for Collaborative Learning: Foundations for a CSCL Community},
 series = {CSCL '02},
 year = {2002},
 location = {Boulder, Colorado},
 pages = {704--705},
 numpages = {2},
 url = {http://dl.acm.org/citation.cfm?id=1658616.1658796},
 acmid = {1658796},
 publisher = {International Society of the Learning Sciences},
 keywords = {collaborative learning, concept maps, handheld computers, wireless internet},
}

@inproceedings{Ericson:2016:DAP:2960310.2960342,
 author = {Ericson, Barbara J.},
 title = {Dynamically Adaptive Parsons Problems},
 booktitle = {Proceedings of the 2016 ACM Conference on International Computing Education Research},
 series = {ICER '16},
 year = {2016},
 isbn = {978-1-4503-4449-4},
 location = {Melbourne, VIC, Australia},
 pages = {269--270},
 numpages = {2},
 url = {http://doi.acm.org/10.1145/2960310.2960342},
 doi = {10.1145/2960310.2960342},
 acmid = {2960342},
 publisher = {ACM},
 address = {New York, NY, USA},
 keywords = {adaptive learning, ebook, learning programming, online learning, parsons problems},
}

@inproceedings{Hundhausen:2006:APP:1148493.1148521,
 author = {Hundhausen, Christopher D. and Brown, Jonathan L. and Farley, Sean},
 title = {Adding Procedures and Pointers to the ALVIS Algorithm Visualization Software: A Preliminary Design},
 booktitle = {Proceedings of the 2006 ACM Symposium on Software Visualization},
 series = {SoftVis '06},
 year = {2006},
 isbn = {1-59593-464-2},
 location = {Brighton, United Kingdom},
 pages = {155--156},
 numpages = {2},
 url = {http://doi.acm.org/10.1145/1148493.1148521},
 doi = {10.1145/1148493.1148521},
 acmid = {1148521},
 publisher = {ACM},
 address = {New York, NY, USA},
 keywords = {algorithm visualization, studio-based algorithms course},
}

@article{Guzdial:2016:SBC:2907055.2892708,
 author = {Guzdial, Mark and Arquilla, John},
 title = {Sampling Bias in CS Education, and Where's the Cyber Strategy?},
 journal = {Commun. ACM},
 issue_date = {April 2016},
 volume = {59},
 number = {4},
 month = mar,
 year = {2016},
 issn = {0001-0782},
 pages = {10--11},
 numpages = {2},
 url = {http://doi.acm.org/10.1145/2892708},
 doi = {10.1145/2892708},
 acmid = {2892708},
 publisher = {ACM},
 address = {New York, NY, USA},
}

@inproceedings{Luther:2009:PSC:1640233.1640316,
 author = {Luther, Kurt and Ziegler, Kevin and Caine, Kelly E. and Bruckman, Amy},
 title = {Predicting Successful Completion of Online Collaborative Animation Projects},
 booktitle = {Proceedings of the Seventh ACM Conference on Creativity and Cognition},
 series = {C\&\#38;C '09},
 year = {2009},
 isbn = {978-1-60558-865-0},
 location = {Berkeley, California, USA},
 pages = {391--392},
 numpages = {2},
 url = {http://doi.acm.org/10.1145/1640233.1640316},
 doi = {10.1145/1640233.1640316},
 acmid = {1640316},
 publisher = {ACM},
 address = {New York, NY, USA},
 keywords = {animation, leadership, online communities, online creative collaboration, predicting success, social computing},
}

@article{Barr:2016:ICN:3013530.2994590,
 author = {Barr, Valerie and Guzdial, Mark},
 title = {Introducing CS to Newcomers, and JES As a Teaching Tool},
 journal = {Commun. ACM},
 issue_date = {November 2016},
 volume = {59},
 number = {11},
 month = oct,
 year = {2016},
 issn = {0001-0782},
 pages = {10--11},
 numpages = {2},
 url = {http://doi.acm.org/10.1145/2994590},
 doi = {10.1145/2994590},
 acmid = {2994590},
 publisher = {ACM},
 address = {New York, NY, USA},
}

@inproceedings{Ericson:2014:APP:2632320.2632324,
 author = {Ericson, Barbara J.},
 title = {Adaptive Parsons Problems with Discourse Rules},
 booktitle = {Proceedings of the Tenth Annual Conference on International Computing Education Research},
 series = {ICER '14},
 year = {2014},
 isbn = {978-1-4503-2755-8},
 location = {Glasgow, Scotland, United Kingdom},
 pages = {145--146},
 numpages = {2},
 url = {http://doi.acm.org/10.1145/2632320.2632324},
 doi = {10.1145/2632320.2632324},
 acmid = {2632324},
 publisher = {ACM},
 address = {New York, NY, USA},
 keywords = {learning programming, parsons problems},
}

@inproceedings{Luther:2014:CCA:2556420.2556788,
 author = {Luther, Kurt and Pavel, Amy and Wu, Wei and Tolentino, Jari-lee and Agrawala, Maneesh and Hartmann, Bj\"{o}rn and Dow, Steven P.},
 title = {CrowdCrit: Crowdsourcing and Aggregating Visual Design Critique},
 booktitle = {Proceedings of the Companion Publication of the 17th ACM Conference on Computer Supported Cooperative Work \&\#38; Social Computing},
 series = {CSCW Companion '14},
 year = {2014},
 isbn = {978-1-4503-2541-7},
 location = {Baltimore, Maryland, USA},
 pages = {21--24},
 numpages = {4},
 url = {http://doi.acm.org/10.1145/2556420.2556788},
 doi = {10.1145/2556420.2556788},
 acmid = {2556788},
 publisher = {ACM},
 address = {New York, NY, USA},
 keywords = {critique, crowdsourcing, design, feedback, scaffolding},
}

@inproceedings{Vallance:2013:ACP:2447556.2447659,
 author = {Vallance, Michael},
 title = {The Affect of Collaboratively Programming Robots in a 3D Virtual Simulation.},
 booktitle = {Proceedings of the 8th ACM/IEEE International Conference on Human-robot Interaction},
 series = {HRI '13},
 year = {2013},
 isbn = {978-1-4673-3055-8},
 location = {Tokyo, Japan},
 pages = {245--246},
 numpages = {2},
 url = {http://dl.acm.org/citation.cfm?id=2447556.2447659},
 acmid = {2447659},
 publisher = {IEEE Press},
 address = {Piscataway, NJ, USA},
 keywords = {collaboration, information science, lego robots, simulation, virtual world},
}

@inproceedings{Kuhn:2011:CSA:1979742.1979937,
 author = {Kuhn, Alex and McNally, Brenna and Cahill, Clara and Quintana, Chris and Soloway, Elliot},
 title = {Constructing Scientific Arguments with User Collected Data in Nomadic Inquiry},
 booktitle = {CHI '11 Extended Abstracts on Human Factors in Computing Systems},
 series = {CHI EA '11},
 year = {2011},
 isbn = {978-1-4503-0268-5},
 location = {Vancouver, BC, Canada},
 pages = {2167--2172},
 numpages = {6},
 url = {http://doi.acm.org/10.1145/1979742.1979937},
 doi = {10.1145/1979742.1979937},
 acmid = {1979937},
 publisher = {ACM},
 address = {New York, NY, USA},
 keywords = {argument creation, learner-centered design, nomadic inquiry, scaffolding, tagging},
}

@inproceedings{Lee:2004:MJF:985921.986068,
 author = {Lee, Jeremy and Luchini, Kathleen and Michael, Benjamin and Norris, Cathie and Soloway, Elliot},
 title = {More Than Just Fun and Games: Assessing the Value of Educational Video Games in the Classroom},
 booktitle = {CHI '04 Extended Abstracts on Human Factors in Computing Systems},
 series = {CHI EA '04},
 year = {2004},
 isbn = {1-58113-703-6},
 location = {Vienna, Austria},
 pages = {1375--1378},
 numpages = {4},
 url = {http://doi.acm.org/10.1145/985921.986068},
 doi = {10.1145/985921.986068},
 acmid = {986068},
 publisher = {ACM},
 address = {New York, NY, USA},
 keywords = {education, gameboy, handhelds, learner-centered design},
}

@article{Notess:2001:UUE:566933.566938,
 author = {Notess, Mark},
 title = {Usability, User Experience, and Learner Experience},
 journal = {eLearn},
 issue_date = {August 2001},
 volume = {2001},
 number = {8},
 month = aug,
 year = {2001},
 issn = {1535-394X},
 pages = {3--},
 url = {http://doi.acm.org/10.1145/566933.566938},
 doi = {10.1145/566933.566938},
 acmid = {566938},
 publisher = {ACM},
 address = {New York, NY, USA},
}

@inproceedings{Prates:2005:EET:1056808.1057006,
 author = {Prates, Raquel Oliveira and de Figueiredo, Rosa Maria Videira},
 title = {An Experience with an Enriched Task Model for Educational Software},
 booktitle = {CHI '05 Extended Abstracts on Human Factors in Computing Systems},
 series = {CHI EA '05},
 year = {2005},
 isbn = {1-59593-002-7},
 location = {Portland, OR, USA},
 pages = {1721--1724},
 numpages = {4},
 url = {http://doi.acm.org/10.1145/1056808.1057006},
 doi = {10.1145/1056808.1057006},
 acmid = {1057006},
 publisher = {ACM},
 address = {New York, NY, USA},
 keywords = {educational applications, scaffolding, task models},
}

@inproceedings{Cahill:2010:ZUM:1810543.1810564,
 author = {Cahill, Clara and Kuhn, Alex and Schmoll, Shannon and Pompe, Alex and Quintana, Chris},
 title = {Zydeco: Using Mobile and Web Technologies to Support Seamless Inquiry Between Museum and School Contexts},
 booktitle = {Proceedings of the 9th International Conference on Interaction Design and Children},
 series = {IDC '10},
 year = {2010},
 isbn = {978-1-60558-951-0},
 location = {Barcelona, Spain},
 pages = {174--177},
 numpages = {4},
 url = {http://doi.acm.org/10.1145/1810543.1810564},
 doi = {10.1145/1810543.1810564},
 acmid = {1810564},
 publisher = {ACM},
 address = {New York, NY, USA},
 keywords = {informal learning, learner-centered design, mobile devices, mobile learning, museums, nomadic inquiry, scaffolding},
}

@inproceedings{Oja:2010:DCI:1753846.1754059,
 author = {Oja, Mari-Klara},
 title = {Designing for Collaboration: Improving Usability of Complex Software Systems},
 booktitle = {CHI '10 Extended Abstracts on Human Factors in Computing Systems},
 series = {CHI EA '10},
 year = {2010},
 isbn = {978-1-60558-930-5},
 location = {Atlanta, Georgia, USA},
 pages = {3799--3804},
 numpages = {6},
 url = {http://doi.acm.org/10.1145/1753846.1754059},
 doi = {10.1145/1753846.1754059},
 acmid = {1754059},
 publisher = {ACM},
 address = {New York, NY, USA},
 keywords = {complex software systems, human-computer collaboration, usability},
}

@inproceedings{Ahn:2013:SDS:2485760.2485851,
 author = {Ahn, June and Yip, Jason and Gubbels, Michael},
 title = {SINQ: Designing Social Media to Foster Everyday Scientific Inquiry for Children},
 booktitle = {Proceedings of the 12th International Conference on Interaction Design and Children},
 series = {IDC '13},
 year = {2013},
 isbn = {978-1-4503-1918-8},
 location = {New York, New York, USA},
 pages = {503--506},
 numpages = {4},
 url = {http://doi.acm.org/10.1145/2485760.2485851},
 doi = {10.1145/2485760.2485851},
 acmid = {2485851},
 publisher = {ACM},
 address = {New York, NY, USA},
 keywords = {children, cooperative inquiry, participatory design, science learning, social media},
}

@inproceedings{Myers:2006:IRO:1125451.1125472,
 author = {Myers, Brad A. and Ko, Andrew J. and Burnett, Margaret M.},
 title = {Invited Research Overview: End-user Programming},
 booktitle = {CHI '06 Extended Abstracts on Human Factors in Computing Systems},
 series = {CHI EA '06},
 year = {2006},
 isbn = {1-59593-298-4},
 location = {Montr\&\#233;al, Qu\&\#233;bec, Canada},
 pages = {75--80},
 numpages = {6},
 url = {http://doi.acm.org/10.1145/1125451.1125472},
 doi = {10.1145/1125451.1125472},
 acmid = {1125472},
 publisher = {ACM},
 address = {New York, NY, USA},
 keywords = {empirical studies of programmers (ESP), end-user software engineering, natural programming, programming by demonstration, programming by example, psychology of programming, visual programming},
}

@inproceedings{Kuhn:2010:SSI:1753846.1753987,
 author = {Kuhn, Alex and Cahill, Clara and Quintana, Chris and Soloway, Elliot},
 title = {Scaffolding Science Inquiry in Museums with Zydeco},
 booktitle = {CHI '10 Extended Abstracts on Human Factors in Computing Systems},
 series = {CHI EA '10},
 year = {2010},
 isbn = {978-1-60558-930-5},
 location = {Atlanta, Georgia, USA},
 pages = {3373--3378},
 numpages = {6},
 url = {http://doi.acm.org/10.1145/1753846.1753987},
 doi = {10.1145/1753846.1753987},
 acmid = {1753987},
 publisher = {ACM},
 address = {New York, NY, USA},
 keywords = {adaptive scaffolding, collaboration, context-aware, learner-centered design, mobile computing, science inquiry learning},
}

@article{Soloway:1994:LDC:174809.174813,
 author = {Soloway, Elliot and Guzdial, Mark and Hay, Kenneth E.},
 title = {Learner-centered Design: The Challenge for HCI in the 21st Century},
 journal = {interactions},
 issue_date = {April 1994},
 volume = {1},
 number = {2},
 month = apr,
 year = {1994},
 issn = {1072-5520},
 pages = {36--48},
 numpages = {13},
 url = {http://doi.acm.org/10.1145/174809.174813},
 doi = {10.1145/174809.174813},
 acmid = {174813},
 publisher = {ACM},
 address = {New York, NY, USA},
}

@inproceedings{Smith:1998:NGU:274644.274702,
 author = {Smith, Brian K. and Reiser, Brian J.},
 title = {National Geographic Unplugged: Classroom-centered Design of Interactive Nature Films},
 booktitle = {Proceedings of the SIGCHI Conference on Human Factors in Computing Systems},
 series = {CHI '98},
 year = {1998},
 isbn = {0-201-30987-4},
 location = {Los Angeles, California, USA},
 pages = {424--431},
 numpages = {8},
 url = {http://dx.doi.org/10.1145/274644.274702},
 doi = {10.1145/274644.274702},
 acmid = {274702},
 publisher = {ACM Press/Addison-Wesley Publishing Co.},
 address = {New York, NY, USA},
 keywords = {children, collaborative learning, educational applications, interaction design, multimedia, social issues, video},
}

@inproceedings{Loh:1998:PPD:274644.274728,
 author = {Loh, Ben and Radinsky, Josh and Russell, Eric and Gomez, Louis M. and Reiser, Brian J. and Edelson, Daniel C.},
 title = {The Progress Portfolio: Designing Reflective Tools for a Classroom Context},
 booktitle = {Proceedings of the SIGCHI Conference on Human Factors in Computing Systems},
 series = {CHI '98},
 year = {1998},
 isbn = {0-201-30987-4},
 location = {Los Angeles, California, USA},
 pages = {627--634},
 numpages = {8},
 url = {http://dx.doi.org/10.1145/274644.274728},
 doi = {10.1145/274644.274728},
 acmid = {274728},
 publisher = {ACM Press/Addison-Wesley Publishing Co.},
 address = {New York, NY, USA},
 keywords = {children, collaborative learning, education applications, inquiry support tools, learner-centered design},
}

@inproceedings{Luchini:2004:DGL:985692.985710,
 author = {Luchini, Kathleen and Quintana, Chris and Soloway, Elliot},
 title = {Design Guidelines for Learner-centered Handheld Tools},
 booktitle = {Proceedings of the SIGCHI Conference on Human Factors in Computing Systems},
 series = {CHI '04},
 year = {2004},
 isbn = {1-58113-702-8},
 location = {Vienna, Austria},
 pages = {135--142},
 numpages = {8},
 url = {http://doi.acm.org/10.1145/985692.985710},
 doi = {10.1145/985692.985710},
 acmid = {985710},
 publisher = {ACM},
 address = {New York, NY, USA},
 keywords = {handhelds, learner-centered design},
}

@inproceedings{Sawyer:2006:MFL:1150034.1150237,
 author = {Sawyer, R. Keith and Collins, Allan and Confrey, Jere and Kolodner, Janet L. and Scardamalia, Marlene},
 title = {Moving Forward: The Learning Sciences and the Future of Education},
 booktitle = {Proceedings of the 7th International Conference on Learning Sciences},
 series = {ICLS '06},
 year = {2006},
 isbn = {0-8058-6174-2},
 location = {Bloomington, Indiana},
 pages = {1084--1087},
 numpages = {4},
 url = {http://dl.acm.org/citation.cfm?id=1150034.1150237},
 acmid = {1150237},
 publisher = {International Society of the Learning Sciences},
}

@article{Philip:2017:LMT:3055102.2976735,
 author = {Philip, Thomas M.},
 title = {Learning with Mobile Technologies},
 journal = {Commun. ACM},
 issue_date = {March 2017},
 volume = {60},
 number = {3},
 month = feb,
 year = {2017},
 issn = {0001-0782},
 pages = {34--36},
 numpages = {3},
 url = {http://doi.acm.org/10.1145/2976735},
 doi = {10.1145/2976735},
 acmid = {2976735},
 publisher = {ACM},
 address = {New York, NY, USA},
}

@article{Holzinger:2005:LSM:1125280.1125284,
 author = {Holzinger, Andreas and Nischelwitzer, Alexander and Meisenberger, Matthias},
 title = {Lifelong-learning Support by M-learning: Example Scenarios},
 journal = {eLearn},
 issue_date = {November 2005},
 volume = {2005},
 number = {11},
 month = nov,
 year = {2005},
 issn = {1535-394X},
 pages = {2--},
 url = {http://doi.acm.org/10.1145/1125280.1125284},
 doi = {10.1145/1125280.1125284},
 acmid = {1125284},
 publisher = {ACM},
 address = {New York, NY, USA},
}

@inproceedings{Abbas:2002:MSC:544220.544239,
 author = {Abbas, June and Norris, Cathleen and Soloway, Elliott},
 title = {Middle School Children's Use of the ARTEMIS Digital Library},
 booktitle = {Proceedings of the 2Nd ACM/IEEE-CS Joint Conference on Digital Libraries},
 series = {JCDL '02},
 year = {2002},
 isbn = {1-58113-513-0},
 location = {Portland, Oregon, USA},
 pages = {98--105},
 numpages = {8},
 url = {http://doi.acm.org/10.1145/544220.544239},
 doi = {10.1145/544220.544239},
 acmid = {544239},
 publisher = {ACM},
 address = {New York, NY, USA},
 keywords = {children, information retrieval, information seeking, representation, scaffolds},
}

@inproceedings{AlGhamdi:2013:BDC:2655780.2655898,
 author = {AlGhamdi, Mohammed J. and Beheshti, Jamshid and Cole, Charles and Abuhimed, Dhary and Lamoureux, Isabelle},
 title = {Bonded Design: Children As Co-designers of an Educational Tool for Students Involved in an Inquiry-based Project},
 booktitle = {Proceedings of the 76th ASIS\&T Annual Meeting: Beyond the Cloud: Rethinking Information Boundaries},
 series = {ASIST '13},
 year = {2013},
 isbn = {0-87715-545-3},
 location = {Montreal, Quebec, Canada},
 pages = {118:1--118:4},
 articleno = {118},
 numpages = {4},
 url = {http://dl.acm.org/citation.cfm?id=2655780.2655898},
 acmid = {2655898},
 publisher = {American Society for Information Science},
 address = {Silver Springs, MD, USA},
 keywords = {bonded design, guided inquiry, inquiry-based learning},
}

@inproceedings{Petrou:2009:TFS:1599503.1599547,
 author = {Petrou, Marilena and Kerawalla, Lucinda and Scanlon, Eileen},
 title = {The 'Talk Factory' Software: Scaffolding Students' Argumentation Around an Interactive Whiteboard in Primary School Science},
 booktitle = {Proceedings of the 9th International Conference on Computer Supported Collaborative Learning - Volume 2},
 series = {CSCL'09},
 year = {2009},
 isbn = {978-1-4092-8598-4},
 location = {Rhodes, Greece},
 pages = {129--131},
 numpages = {3},
 url = {http://dl.acm.org/citation.cfm?id=1599503.1599547},
 acmid = {1599547},
 publisher = {International Society of the Learning Sciences},
}

@article{Vredenburg:1999:IEU:301353.301419,
 author = {Vredenburg, Karel},
 title = {Increasing Ease of Use},
 journal = {Commun. ACM},
 issue_date = {May 1999},
 volume = {42},
 number = {5},
 month = may,
 year = {1999},
 issn = {0001-0782},
 pages = {67--71},
 numpages = {5},
 url = {http://doi.acm.org/10.1145/301353.301419},
 doi = {10.1145/301353.301419},
 acmid = {301419},
 publisher = {ACM},
 address = {New York, NY, USA},
}

@inproceedings{Leung:2009:ILM:1520340.1520443,
 author = {Leung, Rock},
 title = {Improving the Learnability of Mobile Device Applications for Older Adults},
 booktitle = {CHI '09 Extended Abstracts on Human Factors in Computing Systems},
 series = {CHI EA '09},
 year = {2009},
 isbn = {978-1-60558-247-4},
 location = {Boston, MA, USA},
 pages = {3125--3128},
 numpages = {4},
 url = {http://doi.acm.org/10.1145/1520340.1520443},
 doi = {10.1145/1520340.1520443},
 acmid = {1520443},
 publisher = {ACM},
 address = {New York, NY, USA},
 keywords = {graphical icons, learnability, mobile devices, multi-layered interfaces, older adults, scaffolding},
}

@inproceedings{Roschelle:2006:CIT:1150034.1150122,
 author = {Roschelle, Jeremy and Penuel, William R.},
 title = {Co-design of Innovations with Teachers: Definition and Dynamics},
 booktitle = {Proceedings of the 7th International Conference on Learning Sciences},
 series = {ICLS '06},
 year = {2006},
 isbn = {0-8058-6174-2},
 location = {Bloomington, Indiana},
 pages = {606--612},
 numpages = {7},
 url = {http://dl.acm.org/citation.cfm?id=1150034.1150122},
 acmid = {1150122},
 publisher = {International Society of the Learning Sciences},
}

@inproceedings{Wang:2018:MEM:3173574.3174085,
 author = {Wang, April Y. and Mitts, Ryan and Guo, Philip J. and Chilana, Parmit K.},
 title = {Mismatch of Expectations: How Modern Learning Resources Fail Conversational Programmers},
 booktitle = {Proceedings of the 2018 CHI Conference on Human Factors in Computing Systems},
 series = {CHI '18},
 year = {2018},
 isbn = {978-1-4503-5620-6},
 location = {Montreal QC, Canada},
 pages = {511:1--511:13},
 articleno = {511},
 numpages = {13},
 url = {http://doi.acm.org/10.1145/3173574.3174085},
 doi = {10.1145/3173574.3174085},
 acmid = {3174085},
 publisher = {ACM},
 address = {New York, NY, USA},
 keywords = {conversational programmers, learner-centered design, programming literacy, technical conversations},
}

@inproceedings{Campbell:2017:CME:3059009.3059027,
 author = {Campbell, Jennifer and Craig, Michelle and Law, Marcus},
 title = {Computing for Medicine: An Experience Report},
 booktitle = {Proceedings of the 2017 ACM Conference on Innovation and Technology in Computer Science Education},
 series = {ITiCSE '17},
 year = {2017},
 isbn = {978-1-4503-4704-4},
 location = {Bologna, Italy},
 pages = {281--286},
 numpages = {6},
 url = {http://doi.acm.org/10.1145/3059009.3059027},
 doi = {10.1145/3059009.3059027},
 acmid = {3059027},
 publisher = {ACM},
 address = {New York, NY, USA},
 keywords = {medicine, non-majors, novice programming},
}

@inproceedings{Mehlenbacher:2009:MCC:1621995.1622007,
 author = {Mehlenbacher, Brad},
 title = {Multidisciplinarity and 21st Century Communication Design},
 booktitle = {Proceedings of the 27th ACM International Conference on Design of Communication},
 series = {SIGDOC '09},
 year = {2009},
 isbn = {978-1-60558-559-8},
 location = {Bloomington, Indiana, USA},
 pages = {59--66},
 numpages = {8},
 url = {http://doi.acm.org/10.1145/1621995.1622007},
 doi = {10.1145/1621995.1622007},
 acmid = {1622007},
 publisher = {ACM},
 address = {New York, NY, USA},
 keywords = {communication, cross-disciplinary, design, education, interdisciplinary, multidisciplinary, transdisciplinary, work},
}

@inproceedings{Reiser:2002:WSS:1658616.1658652,
 author = {Reiser, Brian J.},
 title = {Why Scaffolding Should Sometimes Make Tasks More Difficult for Learners},
 booktitle = {Proceedings of the Conference on Computer Support for Collaborative Learning: Foundations for a CSCL Community},
 series = {CSCL '02},
 year = {2002},
 location = {Boulder, Colorado},
 pages = {255--264},
 numpages = {10},
 url = {http://dl.acm.org/citation.cfm?id=1658616.1658652},
 acmid = {1658652},
 publisher = {International Society of the Learning Sciences},
 keywords = {interactive learning environments, scaffolding, science education},
}

@inproceedings{Dede:1996:MLC:1161135.1161139,
 author = {Dede, Chris and Salzman, Marilyn C. and Loftin, R. Bowen},
 title = {MaxwellWorld: Learning Complex Scientific Concepts via Immersion in Virtual Reality},
 booktitle = {Proceedings of the 1996 International Conference on Learning Sciences},
 series = {ICLS '96},
 year = {1996},
 isbn = {1-880094-23-1},
 location = {Evanston, Illinois},
 pages = {22--29},
 numpages = {8},
 url = {http://dl.acm.org/citation.cfm?id=1161135.1161139},
 acmid = {1161139},
 publisher = {International Society of the Learning Sciences},
}

@inproceedings{Weibert:2017:TMS:3064857.3079135,
 author = {Weibert, Anne and Aal, Konstantin and Oertel Ribeiro, Nora and Wulf, Volker},
 title = {"This is My Story...": Storytelling with Tangible Artifacts Among Migrant Women in Germany},
 booktitle = {Proceedings of the 2017 ACM Conference Companion Publication on Designing Interactive Systems},
 series = {DIS '17 Companion},
 year = {2017},
 isbn = {978-1-4503-4991-8},
 location = {Edinburgh, United Kingdom},
 pages = {144--149},
 numpages = {6},
 url = {http://doi.acm.org/10.1145/3064857.3079135},
 doi = {10.1145/3064857.3079135},
 acmid = {3079135},
 publisher = {ACM},
 address = {New York, NY, USA},
 keywords = {identity, intercultural, migrants, storytelling, tangibles, women},
}

@inproceedings{Robinson:2016:SPE:2978249.2978265,
 author = {Robinson, William},
 title = {From Scratch to Patch: Easing the Blocks-Text Transition},
 booktitle = {Proceedings of the 11th Workshop in Primary and Secondary Computing Education},
 series = {WiPSCE '16},
 year = {2016},
 isbn = {978-1-4503-4223-0},
 location = {M\&\#252;nster, Germany},
 pages = {96--99},
 numpages = {4},
 url = {http://doi.acm.org/10.1145/2978249.2978265},
 doi = {10.1145/2978249.2978265},
 acmid = {2978265},
 publisher = {ACM},
 address = {New York, NY, USA},
 keywords = {Algorithmic thinking, Blocks-based programming, Blocks-text transition, Novice programmers},
}

@inproceedings{Seffah:2003:ESE:776816.776909,
 author = {Seffah, Ahmed and Andreevskaia, Alina},
 title = {Empowering Software Engineers in Human-centered Design},
 booktitle = {Proceedings of the 25th International Conference on Software Engineering},
 series = {ICSE '03},
 year = {2003},
 isbn = {0-7695-1877-X},
 location = {Portland, Oregon},
 pages = {653--658},
 numpages = {6},
 url = {http://dl.acm.org/citation.cfm?id=776816.776909},
 acmid = {776909},
 publisher = {IEEE Computer Society},
 address = {Washington, DC, USA},
}

@inproceedings{Guo:2018:NES:3173574.3173970,
 author = {Guo, Philip J.},
 title = {Non-Native English Speakers Learning Computer Programming: Barriers, Desires, and Design Opportunities},
 booktitle = {Proceedings of the 2018 CHI Conference on Human Factors in Computing Systems},
 series = {CHI '18},
 year = {2018},
 isbn = {978-1-4503-5620-6},
 location = {Montreal QC, Canada},
 pages = {396:1--396:14},
 articleno = {396},
 numpages = {14},
 url = {http://doi.acm.org/10.1145/3173574.3173970},
 doi = {10.1145/3173574.3173970},
 acmid = {3173970},
 publisher = {ACM},
 address = {New York, NY, USA},
 keywords = {learning programming, non-native english speakers},
}

@article{Vat:2000:TSP:331795.331892,
 author = {Vat, Kam Hou},
 title = {Teaching Software Psychology: Expanding the Perspective},
 journal = {SIGCSE Bull.},
 issue_date = {Mar. 2000},
 volume = {32},
 number = {1},
 month = mar,
 year = {2000},
 issn = {0097-8418},
 pages = {392--396},
 numpages = {5},
 url = {http://doi.acm.org/10.1145/331795.331892},
 doi = {10.1145/331795.331892},
 acmid = {331892},
 publisher = {ACM},
 address = {New York, NY, USA},
}

@inproceedings{Vat:2000:TSP:330908.331892,
 author = {Vat, Kam Hou},
 title = {Teaching Software Psychology: Expanding the Perspective},
 booktitle = {Proceedings of the Thirty-first SIGCSE Technical Symposium on Computer Science Education},
 series = {SIGCSE '00},
 year = {2000},
 isbn = {1-58113-213-1},
 location = {Austin, Texas, USA},
 pages = {392--396},
 numpages = {5},
 url = {http://doi.acm.org/10.1145/330908.331892},
 doi = {10.1145/330908.331892},
 acmid = {331892},
 publisher = {ACM},
 address = {New York, NY, USA},
}

@article{Carlson:1996:WIL:236462.236558,
 author = {Carlson, David and Guzdial, Mark and Kehoe, Colleen and Shah, Viren and Stasko, John},
 title = {WWW Interactive Learning Environments for Computer Science Education},
 journal = {SIGCSE Bull.},
 issue_date = {March 1996},
 volume = {28},
 number = {1},
 month = mar,
 year = {1996},
 issn = {0097-8418},
 pages = {290--294},
 numpages = {5},
 url = {http://doi.acm.org/10.1145/236462.236558},
 doi = {10.1145/236462.236558},
 acmid = {236558},
 publisher = {ACM},
 address = {New York, NY, USA},
}

@inproceedings{Carlson:1996:WIL:236452.236558,
 author = {Carlson, David and Guzdial, Mark and Kehoe, Colleen and Shah, Viren and Stasko, John},
 title = {WWW Interactive Learning Environments for Computer Science Education},
 booktitle = {Proceedings of the Twenty-seventh SIGCSE Technical Symposium on Computer Science Education},
 series = {SIGCSE '96},
 year = {1996},
 isbn = {0-89791-757-X},
 location = {Philadelphia, Pennsylvania, USA},
 pages = {290--294},
 numpages = {5},
 url = {http://doi.acm.org/10.1145/236452.236558},
 doi = {10.1145/236452.236558},
 acmid = {236558},
 publisher = {ACM},
 address = {New York, NY, USA},
}

@article{Zaharias:2004:UER:998337.998345,
 author = {Zaharias, Panagiotis},
 title = {Usability and e-Learning: The Road Towards Integration},
 journal = {eLearn},
 issue_date = {June 2004},
 volume = {2004},
 number = {6},
 month = jun,
 year = {2004},
 issn = {1535-394X},
 pages = {4--},
 url = {http://doi.acm.org/10.1145/998337.998345},
 doi = {10.1145/998337.998345},
 acmid = {998345},
 publisher = {ACM},
 address = {New York, NY, USA},
}

@inproceedings{Wu:2018:ESC:3183586.3183599,
 author = {Wu, Binghui and Duan, Tingting},
 title = {e-Learning Situations and Cultivation Strategies: An Example from China},
 booktitle = {Proceedings of the 9th International Conference on E-Education, E-Business, E-Management and E-Learning},
 series = {IC4E '18},
 year = {2018},
 isbn = {978-1-4503-5485-1},
 location = {San Diego, California},
 pages = {15--19},
 numpages = {5},
 url = {http://doi.acm.org/10.1145/3183586.3183599},
 doi = {10.1145/3183586.3183599},
 acmid = {3183599},
 publisher = {ACM},
 address = {New York, NY, USA},
 keywords = {cultivation strategy, e-learning, learning method, learning power theory},
}

@inproceedings{Chorianopoulos:2014:DPS:2645791.2645843,
 author = {Chorianopoulos, Konstantinos and Giannakos, Michail N. and Chrisochoides, Nikos},
 title = {Design Principles for Serious Games in Mathematics},
 booktitle = {Proceedings of the 18th Panhellenic Conference on Informatics},
 series = {PCI '14},
 year = {2014},
 isbn = {978-1-4503-2897-5},
 location = {Athens, Greece},
 pages = {55:1--55:5},
 articleno = {55},
 numpages = {5},
 url = {http://doi.acm.org/10.1145/2645791.2645843},
 doi = {10.1145/2645791.2645843},
 acmid = {2645843},
 publisher = {ACM},
 address = {New York, NY, USA},
 keywords = {Design Principles, Interaction Design, Learning, Mathematics, Serious Games},
}

@inproceedings{Richard:2015:MPD:2771839.2771926,
 author = {Richard, Gabriela T. and Kafai, Yasmin B.},
 title = {Making Physical and Digital Games with e-Textiles: A Workshop for Youth Making Responsive Wearable Games and Controllers},
 booktitle = {Proceedings of the 14th International Conference on Interaction Design and Children},
 series = {IDC '15},
 year = {2015},
 isbn = {978-1-4503-3590-4},
 location = {Boston, Massachusetts},
 pages = {399--402},
 numpages = {4},
 url = {http://doi.acm.org/10.1145/2771839.2771926},
 doi = {10.1145/2771839.2771926},
 acmid = {2771926},
 publisher = {ACM},
 address = {New York, NY, USA},
 keywords = {bidirectional design, electronic textiles, game design, hybrid crafting, physical computing, tangible design},
}

@inproceedings{Barendregt:2016:RDM:2930674.2935999,
 author = {Barendregt, Wolmet and Bekker, Mathilde M. and B\"{o}rjesson, Peter and Eriksson, Eva and Torgersson, Olof},
 title = {The Role Definition Matrix: Creating a Shared Understanding of Children's Participation in the Design Process},
 booktitle = {Proceedings of the The 15th International Conference on Interaction Design and Children},
 series = {IDC '16},
 year = {2016},
 isbn = {978-1-4503-4313-8},
 location = {Manchester, United Kingdom},
 pages = {577--582},
 numpages = {6},
 url = {http://doi.acm.org/10.1145/2930674.2935999},
 doi = {10.1145/2930674.2935999},
 acmid = {2935999},
 publisher = {ACM},
 address = {New York, NY, USA},
 keywords = {Participatory design, children, roles},
}

@article{Seffah:2003:LRH:889692.889693,
 author = {Seffah, Ahmed},
 title = {Learning the Ropes: Human-centered Design Skills and Patterns for Software Engineers' Education},
 journal = {Interactions},
 issue_date = {September + October 2003},
 volume = {10},
 number = {5},
 month = sep,
 year = {2003},
 issn = {1072-5520},
 pages = {36--45},
 numpages = {10},
 url = {http://doi.acm.org/10.1145/889692.889693},
 doi = {10.1145/889692.889693},
 acmid = {889693},
 publisher = {ACM},
 address = {New York, NY, USA},
}

@inproceedings{Aguirre:2014:PES:2662253.2662281,
 author = {Aguirre, Andr{\'e}s F. and \'{A}ngela, Villareal F. and Collazos, C{\'e}sar A. and Gil, Rosa},
 title = {Proposal to Evaluate the Satisfaction of Use in Virtual Learning Environments},
 booktitle = {Proceedings of the XV International Conference on Human Computer Interaction},
 series = {Interacci\&\#243;n '14},
 year = {2014},
 isbn = {978-1-4503-2880-7},
 location = {Puerto de la Cruz, Tenerife, Spain},
 pages = {28:1--28:4},
 articleno = {28},
 numpages = {4},
 url = {http://doi.acm.org/10.1145/2662253.2662281},
 doi = {10.1145/2662253.2662281},
 acmid = {2662281},
 publisher = {ACM},
 address = {New York, NY, USA},
 keywords = {Satisfaction of use, instructional design, user experience, virtual learning environments},
}

@inproceedings{Benvenuti:2012:EDL:2448136.2448177,
 author = {Benvenuti, Laura and Rogier, Els and van der Veer, Gerrit C.},
 title = {e-Learning in a Distance Learning Curriculum: A Workplace Approach},
 booktitle = {Proceedings of the 30th European Conference on Cognitive Ergonomics},
 series = {ECCE '12},
 year = {2012},
 isbn = {978-1-4503-1786-3},
 location = {Edinburgh, United Kingdom},
 pages = {185--188},
 numpages = {4},
 url = {http://doi.acm.org/10.1145/2448136.2448177},
 doi = {10.1145/2448136.2448177},
 acmid = {2448177},
 publisher = {ACM},
 address = {New York, NY, USA},
 keywords = {blended academic education, distance learning, interaction design, internet based learning environments},
}

@inproceedings{Stary:2016:PTD:2970930.2970934,
 author = {Stary, Christian and Wachholder, Dominik},
 title = {Personality Traits As Design Impetus for Learning Support},
 booktitle = {Proceedings of the European Conference on Cognitive Ergonomics},
 series = {ECCE '16},
 year = {2016},
 isbn = {978-1-4503-4244-5},
 location = {Nottingham, United Kingdom},
 pages = {3:1--3:4},
 articleno = {3},
 numpages = {4},
 url = {http://doi.acm.org/10.1145/2970930.2970934},
 doi = {10.1145/2970930.2970934},
 acmid = {2970934},
 publisher = {ACM},
 address = {New York, NY, USA},
 keywords = {Learning Support, Personality, User-Centered Design},
}

@inproceedings{Zaharias:2006:UEM:1125451.1125738,
 author = {Zaharias, Panagiotis},
 title = {A Usability Evaluation Method for e-Learning: Focus on Motivation to Learn},
 booktitle = {CHI '06 Extended Abstracts on Human Factors in Computing Systems},
 series = {CHI EA '06},
 year = {2006},
 isbn = {1-59593-298-4},
 location = {Montr\&\#233;al, Qu\&\#233;bec, Canada},
 pages = {1571--1576},
 numpages = {6},
 url = {http://doi.acm.org/10.1145/1125451.1125738},
 doi = {10.1145/1125451.1125738},
 acmid = {1125738},
 publisher = {ACM},
 address = {New York, NY, USA},
 keywords = {e-learning, motivation to learn, usability evaluation method, users' affect},
}

@inproceedings{Kuhn:2011:UTE:1978942.1979038,
 author = {Kuhn, Alex and Cahill, Clara and Quintana, Chris and Schmoll, Shannon},
 title = {Using Tags to Encourage Reflection and Annotation on Data During Nomadic Inquiry},
 booktitle = {Proceedings of the SIGCHI Conference on Human Factors in Computing Systems},
 series = {CHI '11},
 year = {2011},
 isbn = {978-1-4503-0228-9},
 location = {Vancouver, BC, Canada},
 pages = {667--670},
 numpages = {4},
 url = {http://doi.acm.org/10.1145/1978942.1979038},
 doi = {10.1145/1978942.1979038},
 acmid = {1979038},
 publisher = {ACM},
 address = {New York, NY, USA},
 keywords = {learner-centered design, mobile computing, mobile learning, nomadic inquiry, scaffolding, tagging},
}

@article{Denning:2017:MCS:3055102.3041047,
 author = {Denning, Peter J. and Tedre, Matti and Yongpradit, Pat},
 title = {Misconceptions About Computer Science},
 journal = {Commun. ACM},
 issue_date = {March 2017},
 volume = {60},
 number = {3},
 month = feb,
 year = {2017},
 issn = {0001-0782},
 pages = {31--33},
 numpages = {3},
 url = {http://doi.acm.org/10.1145/3041047},
 doi = {10.1145/3041047},
 acmid = {3041047},
 publisher = {ACM},
 address = {New York, NY, USA},
}

@inproceedings{Wecker:2009:SSS:1600053.1600127,
 author = {Wecker, Christof and Stegmann, Karsten and Bernstein, Florian and Huber, Michael J. and Kalus, Georg and Rathmayer, Sabine and Kollar, Ingo and Fischer, Frank},
 title = {Sustainable Script and Scaffold Development for Collaboration on Varying Web Content: The S-COL Technological Approach},
 booktitle = {Proceedings of the 9th International Conference on Computer Supported Collaborative Learning - Volume 1},
 series = {CSCL'09},
 year = {2009},
 isbn = {978-1-4092-8598-4},
 location = {Rhodes, Greece},
 pages = {512--516},
 numpages = {5},
 url = {http://dl.acm.org/citation.cfm?id=1600053.1600127},
 acmid = {1600127},
 publisher = {International Society of the Learning Sciences},
}

@inproceedings{Park:2013:CWD:2485760.2485845,
 author = {Park, Thomas H. and Magee, Rachel M. and Wiedenbeck, Susan and Forte, Andrea},
 title = {Children As Webmakers: Designing a Web Editor for Beginners},
 booktitle = {Proceedings of the 12th International Conference on Interaction Design and Children},
 series = {IDC '13},
 year = {2013},
 isbn = {978-1-4503-1918-8},
 location = {New York, New York, USA},
 pages = {419--422},
 numpages = {4},
 url = {http://doi.acm.org/10.1145/2485760.2485845},
 doi = {10.1145/2485760.2485845},
 acmid = {2485845},
 publisher = {ACM},
 address = {New York, NY, USA},
 keywords = {HTML, children, learning, web development},
}

@inproceedings{Grynszpan:2005:HCI:1056808.1056931,
 author = {Grynszpan, Ouriel and Martin, Jean-Claude and Nadel, Jacqueline},
 title = {Human Computer Interfaces for Autism: Assessing the Influence of Task Assignment and Output Modalities},
 booktitle = {CHI '05 Extended Abstracts on Human Factors in Computing Systems},
 series = {CHI EA '05},
 year = {2005},
 isbn = {1-59593-002-7},
 location = {Portland, OR, USA},
 pages = {1419--1422},
 numpages = {4},
 url = {http://doi.acm.org/10.1145/1056808.1056931},
 doi = {10.1145/1056808.1056931},
 acmid = {1056931},
 publisher = {ACM},
 address = {New York, NY, USA},
 keywords = {autism, computer assisted education, handicap, learner-centered design, multimodality, special education},
}

@inproceedings{Garzotto:2010:ISC:1810543.1810613,
 author = {Garzotto, Franca and Paolini, Paolo and Sabiescu, Amalia},
 title = {Interactive Storytelling for Children},
 booktitle = {Proceedings of the 9th International Conference on Interaction Design and Children},
 series = {IDC '10},
 year = {2010},
 isbn = {978-1-60558-951-0},
 location = {Barcelona, Spain},
 pages = {356--359},
 numpages = {4},
 url = {http://doi.acm.org/10.1145/1810543.1810613},
 doi = {10.1145/1810543.1810613},
 acmid = {1810613},
 publisher = {ACM},
 address = {New York, NY, USA},
 keywords = {benefit, children, design, education, evaluation, interactive storytelling, learning, social interaction},
}

@inproceedings{Schoop:2016:DSS:2851581.2892429,
 author = {Schoop, Eldon and Nguyen, Michelle and Lim, Daniel and Savage, Valkyrie and Follmer, Sean and Hartmann, Bj\"{o}rn},
 title = {Drill Sergeant: Supporting Physical Construction Projects Through an Ecosystem of Augmented Tools},
 booktitle = {Proceedings of the 2016 CHI Conference Extended Abstracts on Human Factors in Computing Systems},
 series = {CHI EA '16},
 year = {2016},
 isbn = {978-1-4503-4082-3},
 location = {San Jose, California, USA},
 pages = {1607--1614},
 numpages = {8},
 url = {http://doi.acm.org/10.1145/2851581.2892429},
 doi = {10.1145/2851581.2892429},
 acmid = {2892429},
 publisher = {ACM},
 address = {New York, NY, USA},
 keywords = {DIY, learning instructional systems, multi-machine ecosystems, smart tools},
}

@inproceedings{Chang:2006:SAS:1150034.1150045,
 author = {Chang, Hsin-Yi and Quintana, Chris},
 title = {Student-generated Animations: Supporting Middle School Students' Visualization, Interpretation and Reasoning of Chemical Phenomena},
 booktitle = {Proceedings of the 7th International Conference on Learning Sciences},
 series = {ICLS '06},
 year = {2006},
 isbn = {0-8058-6174-2},
 location = {Bloomington, Indiana},
 pages = {71--77},
 numpages = {7},
 url = {http://dl.acm.org/citation.cfm?id=1150034.1150045},
 acmid = {1150045},
 publisher = {International Society of the Learning Sciences},
}

@inproceedings{Yardi:2006:RBC:1150034.1150158,
 author = {Yardi, Sarita},
 title = {The Role of the Backchannel in Collaborative Learning Environments},
 booktitle = {Proceedings of the 7th International Conference on Learning Sciences},
 series = {ICLS '06},
 year = {2006},
 isbn = {0-8058-6174-2},
 location = {Bloomington, Indiana},
 pages = {852--858},
 numpages = {7},
 url = {http://dl.acm.org/citation.cfm?id=1150034.1150158},
 acmid = {1150158},
 publisher = {International Society of the Learning Sciences},
}

@inproceedings{Touretzky:2017:SRY:3017680.3017787,
 author = {Touretzky, David S. and Gardner-McCune, Christina and Aggarwal, Ashish},
 title = {Semantic Reasoning in Young Programmers},
 booktitle = {Proceedings of the 2017 ACM SIGCSE Technical Symposium on Computer Science Education},
 series = {SIGCSE '17},
 year = {2017},
 isbn = {978-1-4503-4698-6},
 location = {Seattle, Washington, USA},
 pages = {585--590},
 numpages = {6},
 url = {http://doi.acm.org/10.1145/3017680.3017787},
 doi = {10.1145/3017680.3017787},
 acmid = {3017787},
 publisher = {ACM},
 address = {New York, NY, USA},
 keywords = {formal reasoning, kodu game lab, programming idioms},
}

@inproceedings{Schreurs:2013:VSL:2460296.2460305,
 author = {Schreurs, Bieke and Teplovs, Chris and Ferguson, Rebecca and de Laat, Maarten and Buckingham Shum, Simon},
 title = {Visualizing Social Learning Ties by Type and Topic: Rationale and Concept Demonstrator},
 booktitle = {Proceedings of the Third International Conference on Learning Analytics and Knowledge},
 series = {LAK '13},
 year = {2013},
 isbn = {978-1-4503-1785-6},
 location = {Leuven, Belgium},
 pages = {33--37},
 numpages = {5},
 url = {http://doi.acm.org/10.1145/2460296.2460305},
 doi = {10.1145/2460296.2460305},
 acmid = {2460305},
 publisher = {ACM},
 address = {New York, NY, USA},
 keywords = {networked learning, social learning analytics, social network analysis, visualization},
}

@inproceedings{Adroin:2000:DDS:337180.337212,
 author = {Adroin, W. Richards},
 title = {Developing and Deploying Software Engineering Courseware in an Adaptable Curriculum Framework},
 booktitle = {Proceedings of the 22Nd International Conference on Software Engineering},
 series = {ICSE '00},
 year = {2000},
 isbn = {1-58113-206-9},
 location = {Limerick, Ireland},
 pages = {284--292},
 numpages = {9},
 url = {http://doi.acm.org/10.1145/337180.337212},
 doi = {10.1145/337180.337212},
 acmid = {337212},
 publisher = {ACM},
 address = {New York, NY, USA},
 keywords = {educational technology, multimedia courseware, pedagogy, software engineering education, teaching and learning},
}

@inproceedings{DiSalvo:2016:PDT:2858036.2858405,
 author = {DiSalvo, Betsy},
 title = {Participatory Design Through a Learning Science Lens},
 booktitle = {Proceedings of the 2016 CHI Conference on Human Factors in Computing Systems},
 series = {CHI '16},
 year = {2016},
 isbn = {978-1-4503-3362-7},
 location = {San Jose, California, USA},
 pages = {4459--4463},
 numpages = {5},
 url = {http://doi.acm.org/10.1145/2858036.2858405},
 doi = {10.1145/2858036.2858405},
 acmid = {2858405},
 publisher = {ACM},
 address = {New York, NY, USA},
 keywords = {active learning, collaboration, learning, learning science, metacognition, participatory design},
}

@inproceedings{Mehlenbacher:2007:TCD:1297144.1297164,
 author = {Mehlenbacher, Brad},
 title = {Triangulating Communication Design: Emerging Models for Theory and Practice},
 booktitle = {Proceedings of the 25th Annual ACM International Conference on Design of Communication},
 series = {SIGDOC '07},
 year = {2007},
 isbn = {978-1-59593-588-5},
 location = {El Paso, Texas, USA},
 pages = {87--94},
 numpages = {8},
 url = {http://doi.acm.org/10.1145/1297144.1297164},
 doi = {10.1145/1297144.1297164},
 acmid = {1297164},
 publisher = {ACM},
 address = {New York, NY, USA},
 keywords = {communication, design, practice, theory},
}

@inproceedings{Cook:2009:CCA:1531674.1531681,
 author = {Cook, Eric and Teasley, Stephanie D. and Ackerman, Mark S.},
 title = {Contribution, Commercialization \& Audience: Understanding Participation in an Online Creative Community},
 booktitle = {Proceedings of the ACM 2009 International Conference on Supporting Group Work},
 series = {GROUP '09},
 year = {2009},
 isbn = {978-1-60558-500-0},
 location = {Sanibel Island, Florida, USA},
 pages = {41--50},
 numpages = {10},
 url = {http://doi.acm.org/10.1145/1531674.1531681},
 doi = {10.1145/1531674.1531681},
 acmid = {1531681},
 publisher = {ACM},
 address = {New York, NY, USA},
 keywords = {amateurs, audiences, commercialization, community of practice, creativity, learning, online community, professionals, user-generated content},
}

@inproceedings{Yarosh:2011:EVA:1999030.1999046,
 author = {Yarosh, Svetlana and Radu, Iulian and Hunter, Seth and Rosenbaum, Eric},
 title = {Examining Values: An Analysis of Nine Years of IDC Research},
 booktitle = {Proceedings of the 10th International Conference on Interaction Design and Children},
 series = {IDC '11},
 year = {2011},
 isbn = {978-1-4503-0751-2},
 location = {Ann Arbor, Michigan},
 pages = {136--144},
 numpages = {9},
 url = {http://doi.acm.org/10.1145/1999030.1999046},
 doi = {10.1145/1999030.1999046},
 acmid = {1999046},
 publisher = {ACM},
 address = {New York, NY, USA},
 keywords = {meta-analysis, values in research},
}

@inproceedings{Bekker:2011:DSD:1978942.1979312,
 author = {Bekker, Tilde and Antle, Alissa N.},
 title = {Developmentally Situated Design (DSD): Making Theoretical Knowledge Accessible to Designers of Children's Technology},
 booktitle = {Proceedings of the SIGCHI Conference on Human Factors in Computing Systems},
 series = {CHI '11},
 year = {2011},
 isbn = {978-1-4503-0228-9},
 location = {Vancouver, BC, Canada},
 pages = {2531--2540},
 numpages = {10},
 url = {http://doi.acm.org/10.1145/1978942.1979312},
 doi = {10.1145/1978942.1979312},
 acmid = {1979312},
 publisher = {ACM},
 address = {New York, NY, USA},
 keywords = {child development, child-computer interaction, design cards, design methods, design tools, interaction design},
}

@inproceedings{Alloway:1996:CIE:1161135.1161136,
 author = {Alloway, Gene and Bos, Nathan and Hamel, Kathleen and Hammerman, Tracy and Klann, Elisabeth and Krajcik, Joseph and Lyons, David and Madden, Terry and Margerum-Leys, Jon and Reed, James and Scala, Nancy and Soloway, Elliot and Vekiri, Ioanna and Wallace, Raven},
 title = {Creating an Inquiry-learning Environment Using the World Wide Web},
 booktitle = {Proceedings of the 1996 International Conference on Learning Sciences},
 series = {ICLS '96},
 year = {1996},
 isbn = {1-880094-23-1},
 location = {Evanston, Illinois},
 pages = {1--8},
 numpages = {8},
 url = {http://dl.acm.org/citation.cfm?id=1161135.1161136},
 acmid = {1161136},
 publisher = {International Society of the Learning Sciences},
}

@article{Ellis:1999:SCM:339290.339299,
 author = {Ellis, Jason B. and Kogan, Sandra and Rowan, Jim},
 title = {Senior CHI \&Mdash; the CHI 99 Development Consortium},
 journal = {SIGCHI Bull.},
 issue_date = {Oct. 1999},
 volume = {31},
 number = {4},
 month = oct,
 year = {1999},
 issn = {0736-6906},
 pages = {37--42},
 numpages = {6},
 url = {http://doi.acm.org/10.1145/339290.339299},
 doi = {10.1145/339290.339299},
 acmid = {339299},
 publisher = {ACM},
 address = {New York, NY, USA},
}

@inproceedings{Hmelo:1996:BGB:1161135.1161153,
 author = {Hmelo, Cindy E. and Guzdial, Mark},
 title = {Of Black and Glass Boxes: Scaffolding for Doing and Learning},
 booktitle = {Proceedings of the 1996 International Conference on Learning Sciences},
 series = {ICLS '96},
 year = {1996},
 isbn = {1-880094-23-1},
 location = {Evanston, Illinois},
 pages = {128--134},
 numpages = {7},
 url = {http://dl.acm.org/citation.cfm?id=1161135.1161153},
 acmid = {1161153},
 publisher = {International Society of the Learning Sciences},
}

@inproceedings{Dryer:2018:MMI:3159450.3159553,
 author = {Dryer, Amber and Walia, Nicole and Chattopadhyay, Ankur},
 title = {A Middle-School Module for Introducing Data-Mining, Big-Data, Ethics and Privacy Using RapidMiner and a Hollywood Theme},
 booktitle = {Proceedings of the 49th ACM Technical Symposium on Computer Science Education},
 series = {SIGCSE '18},
 year = {2018},
 isbn = {978-1-4503-5103-4},
 location = {Baltimore, Maryland, USA},
 pages = {753--758},
 numpages = {6},
 url = {http://doi.acm.org/10.1145/3159450.3159553},
 doi = {10.1145/3159450.3159553},
 acmid = {3159553},
 publisher = {ACM},
 address = {New York, NY, USA},
 keywords = {BI, GUI, Google-ignitecs, K-12 learning module, NSA-gencyber, big-data, data-driven decision-making, data-driven intelligence, data-mining, ethics, hollywood movie, middle-school, privacy, rapidminer, security-first principles},
}

@article{Barnes:2007:GBC:1269900.1268821,
 author = {Barnes, Tiffany and Richter, Heather and Powell, Eve and Chaffin, Amanda and Godwin, Alex},
 title = {Game2Learn: Building CS1 Learning Games for Retention},
 journal = {SIGCSE Bull.},
 issue_date = {September 2007},
 volume = {39},
 number = {3},
 month = jun,
 year = {2007},
 issn = {0097-8418},
 pages = {121--125},
 numpages = {5},
 url = {http://doi.acm.org/10.1145/1269900.1268821},
 doi = {10.1145/1269900.1268821},
 acmid = {1268821},
 publisher = {ACM},
 address = {New York, NY, USA},
 keywords = {capstone courses, games, undergraduate research},
}

@inproceedings{Barnes:2007:GBC:1268784.1268821,
 author = {Barnes, Tiffany and Richter, Heather and Powell, Eve and Chaffin, Amanda and Godwin, Alex},
 title = {Game2Learn: Building CS1 Learning Games for Retention},
 booktitle = {Proceedings of the 12th Annual SIGCSE Conference on Innovation and Technology in Computer Science Education},
 series = {ITiCSE '07},
 year = {2007},
 isbn = {978-1-59593-610-3},
 location = {Dundee, Scotland},
 pages = {121--125},
 numpages = {5},
 url = {http://doi.acm.org/10.1145/1268784.1268821},
 doi = {10.1145/1268784.1268821},
 acmid = {1268821},
 publisher = {ACM},
 address = {New York, NY, USA},
 keywords = {capstone courses, games, undergraduate research},
}

@inproceedings{Alsumait:2009:UHE:1806338.1806417,
 author = {Alsumait, Asmaa and Al-Osaimi, Asma},
 title = {Usability Heuristics Evaluation for Child e-Learning Applications},
 booktitle = {Proceedings of the 11th International Conference on Information Integration and Web-based Applications \&Amp; Services},
 series = {iiWAS '09},
 year = {2009},
 isbn = {978-1-60558-660-1},
 location = {Kuala Lumpur, Malaysia},
 pages = {425--430},
 numpages = {6},
 url = {http://doi.acm.org/10.1145/1806338.1806417},
 doi = {10.1145/1806338.1806417},
 acmid = {1806417},
 publisher = {ACM},
 address = {New York, NY, USA},
 keywords = {e-learning, human computer interaction, usability evaluation},
}

@inproceedings{Hoffman:2019:SEK:3287324.3287438,
 author = {Hoffman, Beryl and Morelli, Ralph and Rosato, Jennifer},
 title = {Student Engagement is Key to Broadening Participation in CS},
 booktitle = {Proceedings of the 50th ACM Technical Symposium on Computer Science Education},
 series = {SIGCSE '19},
 year = {2019},
 isbn = {978-1-4503-5890-3},
 location = {Minneapolis, MN, USA},
 pages = {1123--1129},
 numpages = {7},
 url = {http://doi.acm.org/10.1145/3287324.3287438},
 doi = {10.1145/3287324.3287438},
 acmid = {3287438},
 publisher = {ACM},
 address = {New York, NY, USA},
 keywords = {ap csp, app inventor, broadening participation, mobile csp, student engagement},
}

@inproceedings{Emond:2010:AAU:1878537.1878576,
 author = {Emond, Bruno and Fournier, H{\'e}l\`{e}ne and Lapointe, Jean-Fran\c{c}ois},
 title = {Applying Advanced User Models and Input Technologies to Augment Military Simulation-based Training},
 booktitle = {Proceedings of the 2010 Spring Simulation Multiconference},
 series = {SpringSim '10},
 year = {2010},
 isbn = {978-1-4503-0069-8},
 location = {Orlando, Florida},
 pages = {37:1--37:7},
 articleno = {37},
 numpages = {7},
 url = {https://doi.org/10.1145/1878537.1878576},
 doi = {10.1145/1878537.1878576},
 acmid = {1878576},
 publisher = {Society for Computer Simulation International},
 address = {San Diego, CA, USA},
 keywords = {agent-based combat modeling, exercises, military operations, requirements, simulation and modeling for acquisition, simulation/exercise integration, simulations in training, training, training (SMART), virtual training environment},
}

@inproceedings{Memon:2010:PRE:1943628.1943633,
 author = {Memon, Rafia Naz and Ahmad, Rodina and Salim, Siti Salwah},
 title = {Problems in Requirements Engineering Education: A Survey},
 booktitle = {Proceedings of the 8th International Conference on Frontiers of Information Technology},
 series = {FIT '10},
 year = {2010},
 isbn = {978-1-4503-0342-2},
 location = {Islamabad, Pakistan},
 pages = {5:1--5:6},
 articleno = {5},
 numpages = {6},
 url = {http://doi.acm.org/10.1145/1943628.1943633},
 doi = {10.1145/1943628.1943633},
 acmid = {1943633},
 publisher = {ACM},
 address = {New York, NY, USA},
 keywords = {requirements engineering (RE), requirements engineering education (REE)},
}

@inproceedings{Barkhuus:2011:TSL:1979742.1979616,
 author = {Barkhuus, Louise and Lecusay, Robert},
 title = {Technologies and Social Learning in an Urban After-school Center},
 booktitle = {CHI '11 Extended Abstracts on Human Factors in Computing Systems},
 series = {CHI EA '11},
 year = {2011},
 isbn = {978-1-4503-0268-5},
 location = {Vancouver, BC, Canada},
 pages = {273--282},
 numpages = {10},
 url = {http://doi.acm.org/10.1145/1979742.1979616},
 doi = {10.1145/1979742.1979616},
 acmid = {1979616},
 publisher = {ACM},
 address = {New York, NY, USA},
 keywords = {children, education, ethnography, learning technologies},
}

@inproceedings{Lee:2010:ICA:1822090.1822172,
 author = {Lee, Ming-Han and R\"{o}\ssling, Guido},
 title = {Integrating Categories of Algorithm Learning Objective into Algorithm Visualization Design: A Proposal},
 booktitle = {Proceedings of the Fifteenth Annual Conference on Innovation and Technology in Computer Science Education},
 series = {ITiCSE '10},
 year = {2010},
 isbn = {978-1-60558-820-9},
 location = {Bilkent, Ankara, Turkey},
 pages = {289--293},
 numpages = {5},
 url = {http://doi.acm.org/10.1145/1822090.1822172},
 doi = {10.1145/1822090.1822172},
 acmid = {1822172},
 publisher = {ACM},
 address = {New York, NY, USA},
 keywords = {AV design, CALO, algorithm visualization, computer science education, learning objective},
}

@inproceedings{Kolyda:2013:TSL:2507065.2507077,
 author = {Kolyda, Frantzeska},
 title = {Towards Simplifying Learning Systems: A Critical Review},
 booktitle = {Proceedings of the 31st ACM International Conference on Design of Communication},
 series = {SIGDOC '13},
 year = {2013},
 isbn = {978-1-4503-2131-0},
 location = {Greenville, North Carolina, USA},
 pages = {85--90},
 numpages = {6},
 url = {http://doi.acm.org/10.1145/2507065.2507077},
 doi = {10.1145/2507065.2507077},
 acmid = {2507077},
 publisher = {ACM},
 address = {New York, NY, USA},
 keywords = {educational technology, learning, learning systems, user-centered design},
}

@inproceedings{Consiglio:2012:DFL:2462932.2462951,
 author = {Consiglio, Teresa and van der Veer, Gerrit C.},
 title = {Design for Free Learning: A Case Study on Supporting a Service Design Course},
 booktitle = {Proceedings of the Eighth Annual International Symposium on Wikis and Open Collaboration},
 series = {WikiSym '12},
 year = {2012},
 isbn = {978-1-4503-1605-7},
 location = {Linz, Austria},
 pages = {14:1--14:13},
 articleno = {14},
 numpages = {13},
 url = {http://doi.acm.org/10.1145/2462932.2462951},
 doi = {10.1145/2462932.2462951},
 acmid = {2462951},
 publisher = {ACM},
 address = {New York, NY, USA},
 keywords = {cultural diversity, e-learning, experience report, learner centered design, open source, service design},
}

@inproceedings{Kuure:2010:CIA:1900441.1900460,
 author = {Kuure, Leena and Halkola, Eija and Iivari, Netta and Kinnula, Marianne and Molin-Juustila, Tonja},
 title = {Children Imitate!: Appreciating Recycling in Participatory Design with Children},
 booktitle = {Proceedings of the 11th Biennial Participatory Design Conference},
 series = {PDC '10},
 year = {2010},
 isbn = {978-1-4503-0131-2},
 location = {Sydney, Australia},
 pages = {131--140},
 numpages = {10},
 url = {http://doi.acm.org/10.1145/1900441.1900460},
 doi = {10.1145/1900441.1900460},
 acmid = {1900460},
 publisher = {ACM},
 address = {New York, NY, USA},
 keywords = {collaboration, design workshop, methodology, multidisciplinary research, multimodality, technology-rich everyday life},
}

@inproceedings{vanNimwegen:2006:ILA:1150034.1150148,
 author = {van Nimwegen, Christof and van Oostendorp, Herre and Burgos, Daniel and Koper, Rob},
 title = {Does an Interface with Less Assistance Provoke More Thoughtful Behavior?},
 booktitle = {Proceedings of the 7th International Conference on Learning Sciences},
 series = {ICLS '06},
 year = {2006},
 isbn = {0-8058-6174-2},
 location = {Bloomington, Indiana},
 pages = {785--791},
 numpages = {7},
 url = {http://dl.acm.org/citation.cfm?id=1150034.1150148},
 acmid = {1150148},
 publisher = {International Society of the Learning Sciences},
}

@inproceedings{Goldman:2004:ESE:1149126.1149152,
 author = {Goldman, Shelley and Pea, Roy and Maldonado, Heidy},
 title = {Emerging Social Engineering in the Wireless Classroom},
 booktitle = {Proceedings of the 6th International Conference on Learning Sciences},
 series = {ICLS '04},
 year = {2004},
 location = {Santa Monica, California},
 pages = {222--229},
 numpages = {8},
 url = {http://dl.acm.org/citation.cfm?id=1149126.1149152},
 acmid = {1149152},
 publisher = {International Society of the Learning Sciences},
}

@inproceedings{Conrad:1999:IEL:1150240.1150252,
 author = {Conrad,III, William H. and Zaritsky, Raul and Munroe, Michael},
 title = {Infusing Engaged Learning Strategies and Modeling Software into Sixth Grade Classrooms: The Achieving High Academic Standards Project (AHAS)},
 booktitle = {Proceedings of the 1999 Conference on Computer Support for Collaborative Learning},
 series = {CSCL '99},
 year = {1999},
 location = {Palo Alto, California},
 articleno = {12},
 url = {http://dl.acm.org/citation.cfm?id=1150240.1150252},
 acmid = {1150252},
 publisher = {International Society of the Learning Sciences},
 keywords = {collaboration (university/school/industry), improving classroom teaching, modeling tools and activities in education},
}

@article{Chen:2008:IAM:1352782.1352783,
 author = {Chen, Sherry Y. and Liu, Xiaohui},
 title = {An Integrated Approach for Modeling Learning Patterns of Students in Web-Based Instruction: A Cognitive Style Perspective},
 journal = {ACM Trans. Comput.-Hum. Interact.},
 issue_date = {May 2008},
 volume = {15},
 number = {1},
 month = may,
 year = {2008},
 issn = {1073-0516},
 pages = {1:1--1:28},
 articleno = {1},
 numpages = {28},
 url = {http://doi.acm.org/10.1145/1352782.1352783},
 doi = {10.1145/1352782.1352783},
 acmid = {1352783},
 publisher = {ACM},
 address = {New York, NY, USA},
 keywords = {Cognitive style, Web-based instruction, data mining, learning patterns},
}

@inproceedings{Stylianou:2004:SMS:1149126.1149191,
 author = {Stylianou, Agnes and Puntambekar, Sadhana},
 title = {Supporting Middle School Students Use Nonlinear Science Texts in an Inquiry Classroom},
 booktitle = {Proceedings of the 6th International Conference on Learning Sciences},
 series = {ICLS '04},
 year = {2004},
 location = {Santa Monica, California},
 pages = {529--536},
 numpages = {8},
 url = {http://dl.acm.org/citation.cfm?id=1149126.1149191},
 acmid = {1149191},
 publisher = {International Society of the Learning Sciences},
}

@inproceedings{Resnick:1996:CCH:1161135.1161174,
 author = {Resnick, Mitchel and Rusk, Natalie},
 title = {The Computer Clubhouse: Helping Youth Develop Fluency with New Media},
 booktitle = {Proceedings of the 1996 International Conference on Learning Sciences},
 series = {ICLS '96},
 year = {1996},
 isbn = {1-880094-23-1},
 location = {Evanston, Illinois},
 pages = {285--291},
 numpages = {7},
 url = {http://dl.acm.org/citation.cfm?id=1161135.1161174},
 acmid = {1161174},
 publisher = {International Society of the Learning Sciences},
}

@article{Draper:1999:SUL:311147.311152,
 author = {Draper, Stephen W.},
 title = {Supporting Use, Learning, and Education},
 journal = {SIGDOC Asterisk J. Comput. Doc.},
 issue_date = {May 1999},
 volume = {23},
 number = {2},
 month = may,
 year = {1999},
 issn = {0731-1001},
 pages = {19--24},
 numpages = {6},
 url = {http://doi.acm.org/10.1145/311147.311152},
 doi = {10.1145/311147.311152},
 acmid = {311152},
 publisher = {ACM},
 address = {New York, NY, USA},
}

@inproceedings{Kurti:2008:CMS:1456223.1456331,
 author = {Kurti, Arianit},
 title = {Context Modeling to Support the Design of Mobile Learning},
 booktitle = {Proceedings of the 5th International Conference on Soft Computing As Transdisciplinary Science and Technology},
 series = {CSTST '08},
 year = {2008},
 isbn = {978-1-60558-046-3},
 location = {Cergy-Pontoise, France},
 pages = {536--541},
 numpages = {6},
 url = {http://doi.acm.org/10.1145/1456223.1456331},
 doi = {10.1145/1456223.1456331},
 acmid = {1456331},
 publisher = {ACM},
 address = {New York, NY, USA},
 keywords = {content adaptivity, context awareness, context model, contextual data model, mobile learning},
}

@inproceedings{Matson:2001:RIC:501516.501540,
 author = {Matson, Rebecca},
 title = {Re-forming Information: A Case Study in Teaching Content Encapsulation},
 booktitle = {Proceedings of the 19th Annual International Conference on Computer Documentation},
 series = {SIGDOC '01},
 year = {2001},
 isbn = {1-58113-295-6},
 location = {Sante Fe, New Mexico, USA},
 pages = {116--121},
 numpages = {6},
 url = {http://doi.acm.org/10.1145/501516.501540},
 doi = {10.1145/501516.501540},
 acmid = {501540},
 publisher = {ACM},
 address = {New York, NY, USA},
 keywords = {encapsulated content, information design, information encapsulation},
}

@inproceedings{Stricker:2011:TAL:2048558.2048559,
 author = {Stricker, Andrew G. and Hardy, Kimberly-Combs and Stricker, Elizabeth S. and Scribner, Toni A. and Cook, John A. and Calongne, Cynthia A. and Flitter, Kathryn L. and Arenas, Fil J.},
 title = {Third-space Architecture for Learning in 3D},
 booktitle = {Proceedings of the 2011 Military Modeling \& Simulation Symposium},
 series = {MMS '11},
 year = {2011},
 location = {Boston, Massachusetts},
 pages = {3--10},
 numpages = {8},
 url = {http://dl.acm.org/citation.cfm?id=2048558.2048559},
 acmid = {2048559},
 publisher = {Society for Computer Simulation International},
 address = {San Diego, CA, USA},
 keywords = {learning in 3D, model-based reasoning, virtual environments, visual simulation},
}

@inproceedings{Guibert:2005:VDA:1148550.1148569,
 author = {Guibert, Nicolas and Guittet, Laurent and Girard, Patrick},
 title = {Validation D'Une Approche \guillemotleft Bas{\'e}e Sur Exemples ' Pour L'Apprentissage De La Programmation},
 booktitle = {Proceedings of the 17th Conference on L'Interaction Homme-Machine},
 series = {IHM '05},
 year = {2005},
 isbn = {1-59593-192-9},
 location = {Toulouse, France},
 pages = {147--154},
 numpages = {8},
 url = {http://doi.acm.org/10.1145/1148550.1148569},
 doi = {10.1145/1148550.1148569},
 acmid = {1148569},
 publisher = {ACM},
 address = {New York, NY, USA},
 keywords = {computer-aided learning \& teaching, experimentations, programming by demonstration, psychology \& didactics of programming},
}

@inproceedings{Guo:2017:OAL:3025453.3025945,
 author = {Guo, Philip J.},
 title = {Older Adults Learning Computer Programming: Motivations, Frustrations, and Design Opportunities},
 booktitle = {Proceedings of the 2017 CHI Conference on Human Factors in Computing Systems},
 series = {CHI '17},
 year = {2017},
 isbn = {978-1-4503-4655-9},
 location = {Denver, Colorado, USA},
 pages = {7070--7083},
 numpages = {14},
 url = {http://doi.acm.org/10.1145/3025453.3025945},
 doi = {10.1145/3025453.3025945},
 acmid = {3025945},
 publisher = {ACM},
 address = {New York, NY, USA},
 keywords = {computational literacy, learning programming, older adults},
}

@inproceedings{Korcuska:1996:DCL:1161135.1161162,
 author = {Korcuska, Michael and Kass, Alex and Jona, Menachem Y.},
 title = {Design Choices for Learning-by-doing Software: When to Choose Advise},
 booktitle = {Proceedings of the 1996 International Conference on Learning Sciences},
 series = {ICLS '96},
 year = {1996},
 isbn = {1-880094-23-1},
 location = {Evanston, Illinois},
 pages = {196--203},
 numpages = {8},
 url = {http://dl.acm.org/citation.cfm?id=1161135.1161162},
 acmid = {1161162},
 publisher = {International Society of the Learning Sciences},
}

@inproceedings{Oduor:2007:DTA:1234772.1234775,
 author = {Oduor, Kenya Freeman and Campbell, Christopher S.},
 title = {Deciding when to Trust Automation in a Policy-based City Management Game: Policity},
 booktitle = {Proceedings of the 2007 Symposium on Computer Human Interaction for the Management of Information Technology},
 series = {CHIMIT '07},
 year = {2007},
 isbn = {978-1-59593-635-6},
 location = {Cambridge, Massachusetts},
 articleno = {2},
 url = {http://doi.acm.org/10.1145/1234772.1234775},
 doi = {10.1145/1234772.1234775},
 acmid = {1234775},
 publisher = {ACM},
 address = {New York, NY, USA},
 keywords = {IT service delivery, algorithms, automation, decision aids, human factors, information technology management, policy-based interaction, productivity, reliability, services research, trust},
}

@inproceedings{Ellis:2001:DPT:365024.365317,
 author = {Ellis, Jason B. and Bruckman, Amy S.},
 title = {Designing Palaver Tree Online: Supporting Social Roles in a Community of Oral History},
 booktitle = {Proceedings of the SIGCHI Conference on Human Factors in Computing Systems},
 series = {CHI '01},
 year = {2001},
 isbn = {1-58113-327-8},
 location = {Seattle, Washington, USA},
 pages = {474--481},
 numpages = {8},
 url = {http://doi.acm.org/10.1145/365024.365317},
 doi = {10.1145/365024.365317},
 acmid = {365317},
 publisher = {ACM},
 address = {New York, NY, USA},
 keywords = {CSCL, children, online community, user-centered design},
}

@inproceedings{Griffin:2016:LTA:2978192.2978231,
 author = {Griffin, Jean M.},
 title = {Learning by Taking Apart: Deconstructing Code by Reading, Tracing, and Debugging},
 booktitle = {Proceedings of the 17th Annual Conference on Information Technology Education},
 series = {SIGITE '16},
 year = {2016},
 isbn = {978-1-4503-4452-4},
 location = {Boston, Massachusetts, USA},
 pages = {148--153},
 numpages = {6},
 url = {http://doi.acm.org/10.1145/2978192.2978231},
 doi = {10.1145/2978192.2978231},
 acmid = {2978231},
 publisher = {ACM},
 address = {New York, NY, USA},
 keywords = {constructionism, cs0, cs1, debugging, deconstructionism, worked examples},
}

@inproceedings{Santana:2019:AGV:3287324.3287414,
 author = {Santana, Alan de Oliveira and Aranha, Eduardo},
 title = {An Approach to Generate Virtual Tutors for Game Programming Classes},
 booktitle = {Proceedings of the 50th ACM Technical Symposium on Computer Science Education},
 series = {SIGCSE '19},
 year = {2019},
 isbn = {978-1-4503-5890-3},
 location = {Minneapolis, MN, USA},
 pages = {246--252},
 numpages = {7},
 url = {http://doi.acm.org/10.1145/3287324.3287414},
 doi = {10.1145/3287324.3287414},
 acmid = {3287414},
 publisher = {ACM},
 address = {New York, NY, USA},
 keywords = {education, game programming classes, virtual tutors},
}

@inproceedings{Moher:2006:EPS:1124772.1124875,
 author = {Moher, Tom},
 title = {Embedded Phenomena: Supporting Science Learning with Classroom-sized Distributed Simulations},
 booktitle = {Proceedings of the SIGCHI Conference on Human Factors in Computing Systems},
 series = {CHI '06},
 year = {2006},
 isbn = {1-59593-372-7},
 location = {Montr\&\#233;al, Qu\&\#233;bec, Canada},
 pages = {691--700},
 numpages = {10},
 url = {http://doi.acm.org/10.1145/1124772.1124875},
 doi = {10.1145/1124772.1124875},
 acmid = {1124875},
 publisher = {ACM},
 address = {New York, NY, USA},
 keywords = {classroom learning, embedded phenomena, science inquiry},
}

@inproceedings{Zingaro:2018:ISD:3230977.3231005,
 author = {Zingaro, Daniel and Taylor, Cynthia and Porter, Leo and Clancy, Michael and Lee, Cynthia and Nam Liao, Soohyun and Webb, Kevin C.},
 title = {Identifying Student Difficulties with Basic Data Structures},
 booktitle = {Proceedings of the 2018 ACM Conference on International Computing Education Research},
 series = {ICER '18},
 year = {2018},
 isbn = {978-1-4503-5628-2},
 location = {Espoo, Finland},
 pages = {169--177},
 numpages = {9},
 url = {http://doi.acm.org/10.1145/3230977.3231005},
 doi = {10.1145/3230977.3231005},
 acmid = {3231005},
 publisher = {ACM},
 address = {New York, NY, USA},
 keywords = {cs2, data structures, difficulties},
}

@inproceedings{Lee:2019:CIP:3300115.3309505,
 author = {Lee, Michael J. and Geller, James},
 title = {CodeSport: Increasing Participation in Programming UsingCoding Tournaments As an Alternative to Hackathons},
 booktitle = {Proceedings of the ACM Conference on Global Computing Education},
 series = {CompEd '19},
 year = {2019},
 isbn = {978-1-4503-6259-7},
 location = {Chengdu,Sichuan, China},
 pages = {9--15},
 numpages = {7},
 url = {http://doi.acm.org/10.1145/3300115.3309505},
 doi = {10.1145/3300115.3309505},
 acmid = {3309505},
 publisher = {ACM},
 address = {New York, NY, USA},
 keywords = {broadening participation, computing education, hackathons},
}

@inproceedings{Ryokai:2002:LLS:1658616.1658666,
 author = {Ryokai, Kimiko and Vaucelle, Catherine and Cassell, Justine},
 title = {Literacy Learning by Storytelling with a Virtual Peer},
 booktitle = {Proceedings of the Conference on Computer Support for Collaborative Learning: Foundations for a CSCL Community},
 series = {CSCL '02},
 year = {2002},
 location = {Boulder, Colorado},
 pages = {352--360},
 numpages = {9},
 url = {http://dl.acm.org/citation.cfm?id=1658616.1658666},
 acmid = {1658666},
 publisher = {International Society of the Learning Sciences},
 keywords = {literacy learning, peer collaboration, storytelling, virtual peer},
}

@inproceedings{Patitsas:2016:ECS:2960310.2960312,
 author = {Patitsas, Elizabeth and Berlin, Jesse and Craig, Michelle and Easterbrook, Steve},
 title = {Evidence That Computer Science Grades Are Not Bimodal},
 booktitle = {Proceedings of the 2016 ACM Conference on International Computing Education Research},
 series = {ICER '16},
 year = {2016},
 isbn = {978-1-4503-4449-4},
 location = {Melbourne, VIC, Australia},
 pages = {113--121},
 numpages = {9},
 url = {http://doi.acm.org/10.1145/2960310.2960312},
 doi = {10.1145/2960310.2960312},
 acmid = {2960312},
 publisher = {ACM},
 address = {New York, NY, USA},
 keywords = {grades computer science education instructor beliefs},
}

@inproceedings{Rogers:2004:AWD:1017833.1017834,
 author = {Rogers, Y. and Price, S. and Fitzpatrick, G. and Fleck, R. and Harris, E. and Smith, H. and Randell, C. and Muller, H. and O'Malley, C. and Stanton, D. and Thompson, M. and Weal, M.},
 title = {Ambient Wood: Designing New Forms of Digital Augmentation for Learning Outdoors},
 booktitle = {Proceedings of the 2004 Conference on Interaction Design and Children: Building a Community},
 series = {IDC '04},
 year = {2004},
 isbn = {1-58113-791-5},
 location = {Maryland},
 pages = {3--10},
 numpages = {8},
 url = {http://doi.acm.org/10.1145/1017833.1017834},
 doi = {10.1145/1017833.1017834},
 acmid = {1017834},
 publisher = {ACM},
 address = {New York, NY, USA},
 keywords = {digital augmentation, mobile learning, outdoor learning, reflective learning, ubiquitous computing},
}

@inproceedings{Rozanski:2003:MFH:947121.947162,
 author = {Rozanski, Evelyn P. and Haake, Anne R.},
 title = {The Many Facets of HCI},
 booktitle = {Proceedings of the 4th Conference on Information Technology Curriculum},
 series = {CITC4 '03},
 year = {2003},
 isbn = {1-58113-770-2},
 location = {Lafayette, Indiana, USA},
 pages = {180--185},
 numpages = {6},
 url = {http://doi.acm.org/10.1145/947121.947162},
 doi = {10.1145/947121.947162},
 acmid = {947162},
 publisher = {ACM},
 address = {New York, NY, USA},
 keywords = {design methods, human-computer interaction, ubiquitous computing, usability, usability engineering},
}

@article{Denning:2017:RTS:3098997.2998438,
 author = {Denning, Peter J.},
 title = {Remaining Trouble Spots with Computational Thinking},
 journal = {Commun. ACM},
 issue_date = {June 2017},
 volume = {60},
 number = {6},
 month = may,
 year = {2017},
 issn = {0001-0782},
 pages = {33--39},
 numpages = {7},
 url = {http://doi.acm.org/10.1145/2998438},
 doi = {10.1145/2998438},
 acmid = {2998438},
 publisher = {ACM},
 address = {New York, NY, USA},
}

@inproceedings{Mbogo:2016:DUS:2899415.2899456,
 author = {Mbogo, Chao and Blake, Edwin and Suleman, Hussein},
 title = {Design and Use of Static Scaffolding Techniques to Support Java Programming on a Mobile Phone},
 booktitle = {Proceedings of the 2016 ACM Conference on Innovation and Technology in Computer Science Education},
 series = {ITiCSE '16},
 year = {2016},
 isbn = {978-1-4503-4231-5},
 location = {Arequipa, Peru},
 pages = {314--319},
 numpages = {6},
 url = {http://doi.acm.org/10.1145/2899415.2899456},
 doi = {10.1145/2899415.2899456},
 acmid = {2899456},
 publisher = {ACM},
 address = {New York, NY, USA},
 keywords = {java, mobile phone, programming, scaffolding, static},
}

@inproceedings{Kafai:2013:STK:2445196.2445373,
 author = {Kafai, Yasmin B. and Burke, Quinn},
 title = {The Social Turn in K-12 Programming: Moving from Computational Thinking to Computational Participation},
 booktitle = {Proceeding of the 44th ACM Technical Symposium on Computer Science Education},
 series = {SIGCSE '13},
 year = {2013},
 isbn = {978-1-4503-1868-6},
 location = {Denver, Colorado, USA},
 pages = {603--608},
 numpages = {6},
 url = {http://doi.acm.org/10.1145/2445196.2445373},
 doi = {10.1145/2445196.2445373},
 acmid = {2445373},
 publisher = {ACM},
 address = {New York, NY, USA},
 keywords = {networked commons, novice programming, tools},
}

@inproceedings{Cahill:2011:MLM:1999030.1999033,
 author = {Cahill, Clara and Kuhn, Alex and Schmoll, Shannon and Lo, Wan-Tzu and McNally, Brenna and Quintana, Chris},
 title = {Mobile Learning in Museums: How Mobile Supports for Learning Influence Student Behavior},
 booktitle = {Proceedings of the 10th International Conference on Interaction Design and Children},
 series = {IDC '11},
 year = {2011},
 isbn = {978-1-4503-0751-2},
 location = {Ann Arbor, Michigan},
 pages = {21--28},
 numpages = {8},
 url = {http://doi.acm.org/10.1145/1999030.1999033},
 doi = {10.1145/1999030.1999033},
 acmid = {1999033},
 publisher = {ACM},
 address = {New York, NY, USA},
 keywords = {informal learning, learner-centered design, mobile devices, mobile learning, museums, nomadic inquiry, scaffolding},
}

@inproceedings{Jayathirtha:2019:ETC:3287324.3287343,
 author = {Jayathirtha, Gayithri and Kafai, Yasmin B.},
 title = {Electronic Textiles in Computer Science Education: A Synthesis of Efforts to Broaden Participation, Increase Interest, and Deepen Learning},
 booktitle = {Proceedings of the 50th ACM Technical Symposium on Computer Science Education},
 series = {SIGCSE '19},
 year = {2019},
 isbn = {978-1-4503-5890-3},
 location = {Minneapolis, MN, USA},
 pages = {713--719},
 numpages = {7},
 url = {http://doi.acm.org/10.1145/3287324.3287343},
 doi = {10.1145/3287324.3287343},
 acmid = {3287343},
 publisher = {ACM},
 address = {New York, NY, USA},
 keywords = {computational construction kits, computer science education, electronic textiles, gender and diversity},
}

@inproceedings{Moher:2009:PIW:1551788.1551808,
 author = {Moher, Tom},
 title = {Putting Interference to Work in the Design of a Whole-class Learning Activity},
 booktitle = {Proceedings of the 8th International Conference on Interaction Design and Children},
 series = {IDC '09},
 year = {2009},
 isbn = {978-1-60558-395-2},
 location = {Como, Italy},
 pages = {115--122},
 numpages = {8},
 url = {http://doi.acm.org/10.1145/1551788.1551808},
 doi = {10.1145/1551788.1551808},
 acmid = {1551808},
 publisher = {ACM},
 address = {New York, NY, USA},
 keywords = {control of variables, elementary school learners, interference, science inquiry, single-display groupware},
}

@inproceedings{Adebesin:2009:UTE:1562741.1562742,
 author = {Adebesin, T. F. (Funmi) and de Villiers, M. R. (Ruth) and Ssemugabi, Samuel},
 title = {Usability Testing of e-Learning: An Approach Incorporating Co-discovery and Think-aloud},
 booktitle = {Proceedings of the 2009 Annual Conference of the Southern African Computer Lecturers' Association},
 series = {SACLA '09},
 year = {2009},
 isbn = {978-1-60558-683-0},
 location = {Eastern Cape, South Africa},
 pages = {6--15},
 numpages = {10},
 url = {http://doi.acm.org/10.1145/1562741.1562742},
 doi = {10.1145/1562741.1562742},
 acmid = {1562742},
 publisher = {ACM},
 address = {New York, NY, USA},
 keywords = {CAI tutorial, co-discovery, e-learning, think-aloud, usability evaluation, usability testing},
}

@inproceedings{Corradini:2017:CMC:3105726.3106194,
 author = {Corradini, Isabella and Lodi, Michael and Nardelli, Enrico},
 title = {Conceptions and Misconceptions About Computational Thinking Among Italian Primary School Teachers},
 booktitle = {Proceedings of the 2017 ACM Conference on International Computing Education Research},
 series = {ICER '17},
 year = {2017},
 isbn = {978-1-4503-4968-0},
 location = {Tacoma, Washington, USA},
 pages = {136--144},
 numpages = {9},
 url = {http://doi.acm.org/10.1145/3105726.3106194},
 doi = {10.1145/3105726.3106194},
 acmid = {3106194},
 publisher = {ACM},
 address = {New York, NY, USA},
 keywords = {computational thinking definition, conceptions and misconceptions, informatics education, primary school teachers},
}

@inproceedings{Qian:2019:UDU:3300115.3309521,
 author = {Qian, Yizhou and Yan, Peilin and Zhou, Mingke},
 title = {Using Data to Understand Difficulties of Learning to Program: A Study with Chinese Middle School Students},
 booktitle = {Proceedings of the ACM Conference on Global Computing Education},
 series = {CompEd '19},
 year = {2019},
 isbn = {978-1-4503-6259-7},
 location = {Chengdu,Sichuan, China},
 pages = {185--191},
 numpages = {7},
 url = {http://doi.acm.org/10.1145/3300115.3309521},
 doi = {10.1145/3300115.3309521},
 acmid = {3309521},
 publisher = {ACM},
 address = {New York, NY, USA},
 keywords = {Chinese middle school students, computing education, difficulties, misconceptions, novice programming},
}

@inproceedings{Moher:2008:LPP:1599871.1599882,
 author = {Moher, Tom},
 title = {Learning and Participation in a Persistent Whole-classroom Seismology Simulation},
 booktitle = {Proceedings of the 8th International Conference on International Conference for the Learning Sciences - Volume 2},
 series = {ICLS'08},
 year = {2008},
 location = {Utrecht, The Netherlands},
 pages = {82--90},
 numpages = {9},
 url = {http://dl.acm.org/citation.cfm?id=1599871.1599882},
 acmid = {1599882},
 publisher = {International Society of the Learning Sciences},
}

@inproceedings{Hutchinson:2006:EIC:1139073.1139101,
 author = {Hutchinson, Hilary Browne and Bederson, Benjamin B. and Druin, Allison},
 title = {The Evolution of the International Children's Digital Library Searching and Browsing Interface},
 booktitle = {Proceedings of the 2006 Conference on Interaction Design and Children},
 series = {IDC '06},
 year = {2006},
 location = {Tampere, Finland},
 pages = {105--112},
 numpages = {8},
 url = {http://doi.acm.org/10.1145/1139073.1139101},
 doi = {10.1145/1139073.1139101},
 acmid = {1139101},
 publisher = {ACM},
 address = {New York, NY, USA},
 keywords = {browse, category browser, children, digital library, search},
}

@article{Guzdial:1999:SLU:311147.311148,
 author = {Guzdial, Mark},
 title = {Supporting Learners As Users},
 journal = {SIGDOC Asterisk J. Comput. Doc.},
 issue_date = {May 1999},
 volume = {23},
 number = {2},
 month = may,
 year = {1999},
 issn = {0731-1001},
 pages = {3--13},
 numpages = {11},
 url = {http://doi.acm.org/10.1145/311147.311148},
 doi = {10.1145/311147.311148},
 acmid = {311148},
 publisher = {ACM},
 address = {New York, NY, USA},
}

@inproceedings{Aggarwal:2018:DAE:3159450.3159488,
 author = {Aggarwal, Ashish and Touretzky, David S. and Gardner-McCune, Christina},
 title = {Demonstrating the Ability of Elementary School Students to Reason About Programs},
 booktitle = {Proceedings of the 49th ACM Technical Symposium on Computer Science Education},
 series = {SIGCSE '18},
 year = {2018},
 isbn = {978-1-4503-5103-4},
 location = {Baltimore, Maryland, USA},
 pages = {735--740},
 numpages = {6},
 url = {http://doi.acm.org/10.1145/3159450.3159488},
 doi = {10.1145/3159450.3159488},
 acmid = {3159488},
 publisher = {ACM},
 address = {New York, NY, USA},
 keywords = {K-12 CS education, computational thinking, curriculum, mental simulation, reasoning ability},
}

@inproceedings{Tuhkala:2018:TCS:3213818.3213828,
 author = {Tuhkala, Ari and Wagner, Marie-Louise and Nielsen, Nick and Iversen, Ole Sejer and K\"{a}rkk\"{a}inen, Tommi},
 title = {Technology Comprehension: Scaling Making into a National Discipline},
 booktitle = {Proceedings of the Conference on Creativity and Making in Education},
 series = {FabLearn Europe'18},
 year = {2018},
 isbn = {978-1-4503-5371-7},
 location = {Trondheim, Norway},
 pages = {72--80},
 numpages = {9},
 url = {http://doi.acm.org/10.1145/3213818.3213828},
 doi = {10.1145/3213818.3213828},
 acmid = {3213828},
 publisher = {ACM},
 address = {New York, NY, USA},
 keywords = {computational thinking, design, discipline, education, making, national, scaling, teachers, technology comprehension},
}

@inproceedings{Prabaker:2006:EUP:1124772.1124809,
 author = {Prabaker, Madhu and Bergman, Lawrence and Castelli, Vittorio},
 title = {An Evaluation of Using Programming by Demonstration and Guided Walkthrough Techniques for Authoring and Utilizing Documentation},
 booktitle = {Proceedings of the SIGCHI Conference on Human Factors in Computing Systems},
 series = {CHI '06},
 year = {2006},
 isbn = {1-59593-372-7},
 location = {Montr\&\#233;al, Qu\&\#233;bec, Canada},
 pages = {241--250},
 numpages = {10},
 url = {http://doi.acm.org/10.1145/1124772.1124809},
 doi = {10.1145/1124772.1124809},
 acmid = {1124809},
 publisher = {ACM},
 address = {New York, NY, USA},
 keywords = {documentation authoring, guided-walkthrough, programming by demonstration},
}

@inproceedings{Brecht:2002:CCM:1658616.1658643,
 author = {Brecht, John and Chung, Mark and Pea, Roy},
 title = {CML: The ClassSync Modeling Language},
 booktitle = {Proceedings of the Conference on Computer Support for Collaborative Learning: Foundations for a CSCL Community},
 series = {CSCL '02},
 year = {2002},
 location = {Boulder, Colorado},
 pages = {189--198},
 numpages = {10},
 url = {http://dl.acm.org/citation.cfm?id=1658616.1658643},
 acmid = {1658643},
 publisher = {International Society of the Learning Sciences},
 keywords = {EML (education modeling language), classroom workflow, handheld devices, instructional discourse, wireless networking},
}

@inproceedings{Kawano:2019:LBE:3323771.3323789,
 author = {Kawano, Atsuko and Motoyama, Yuji and Aoyama, Mikio},
 title = {A LX (Learner eXperience)-Based Evaluation Method of the Education and Training Programs for Professional Software Engineers},
 booktitle = {Proceedings of the 2019 7th International Conference on Information and Education Technology},
 series = {ICIET 2019},
 year = {2019},
 isbn = {978-1-4503-6639-7},
 location = {Aizu-Wakamatsu, Japan},
 pages = {151--159},
 numpages = {9},
 url = {http://doi.acm.org/10.1145/3323771.3323789},
 doi = {10.1145/3323771.3323789},
 acmid = {3323789},
 publisher = {ACM},
 address = {New York, NY, USA},
 keywords = {Corporate education and training program, Design thinking, Journey map, LX (Learner eXperience), Lean start-up, Professional software engineer, UX (User eXperience)},
}

@inproceedings{Warner:2017:HEC:3105726.3106174,
 author = {Warner, Jeremy and Guo, Philip J.},
 title = {Hack.Edu: Examining How College Hackathons Are Perceived By Student Attendees and Non-Attendees},
 booktitle = {Proceedings of the 2017 ACM Conference on International Computing Education Research},
 series = {ICER '17},
 year = {2017},
 isbn = {978-1-4503-4968-0},
 location = {Tacoma, Washington, USA},
 pages = {254--262},
 numpages = {9},
 url = {http://doi.acm.org/10.1145/3105726.3106174},
 doi = {10.1145/3105726.3106174},
 acmid = {3106174},
 publisher = {ACM},
 address = {New York, NY, USA},
 keywords = {college hackathon, informal learning, situated learning},
}

@inproceedings{Silvern:1966:CIS:800256.810681,
 author = {Silvern, Gloria M. and Silvern, Leonard C.},
 title = {Computer-assisted Instruction: Specification of Attributes for CAI Programs and Programmers},
 booktitle = {Proceedings of the 1966 21st National Conference},
 series = {ACM '66},
 year = {1966},
 pages = {57--62},
 numpages = {6},
 url = {http://doi.acm.org/10.1145/800256.810681},
 doi = {10.1145/800256.810681},
 acmid = {810681},
 publisher = {ACM},
 address = {New York, NY, USA},
}

@inproceedings{Heslop:2013:LEW:2485760.2485765,
 author = {Heslop, Philip and Kharrufa, Ahmed and Balaam, Madeline and Leat, David and Dolan, Paul and Olivier, Patrick},
 title = {Learning Extended Writing: Designing for Children's Collaboration},
 booktitle = {Proceedings of the 12th International Conference on Interaction Design and Children},
 series = {IDC '13},
 year = {2013},
 isbn = {978-1-4503-1918-8},
 location = {New York, New York, USA},
 pages = {36--45},
 numpages = {10},
 url = {http://doi.acm.org/10.1145/2485760.2485765},
 doi = {10.1145/2485760.2485765},
 acmid = {2485765},
 publisher = {ACM},
 address = {New York, NY, USA},
 keywords = {collaboration, digital tabletops, distributed cognition},
}

@inproceedings{Williams:2009:UDA:1621995.1621997,
 author = {Williams, Ashley},
 title = {User-centered Design, Activity-centered Design, and Goal-directed Design: A Review of Three Methods for Designing Web Applications},
 booktitle = {Proceedings of the 27th ACM International Conference on Design of Communication},
 series = {SIGDOC '09},
 year = {2009},
 isbn = {978-1-60558-559-8},
 location = {Bloomington, Indiana, USA},
 pages = {1--8},
 numpages = {8},
 url = {http://doi.acm.org/10.1145/1621995.1621997},
 doi = {10.1145/1621995.1621997},
 acmid = {1621997},
 publisher = {ACM},
 address = {New York, NY, USA},
 keywords = {ACD, GDD, IA, UCD, activity centered design, content strategy, contextual inquiry, goal directed design, information architecture, interaction design, interface design, personas, usability, user centered design, user experience, user interface, web design},
}

@inproceedings{Ericson:2016:IDP:2960310.2960335,
 author = {Ericson, Barbara J. and Rogers, Kantwon and Parker, Miranda and Morrison, Briana and Guzdial, Mark},
 title = {Identifying Design Principles for CS Teacher Ebooks Through Design-Based Research},
 booktitle = {Proceedings of the 2016 ACM Conference on International Computing Education Research},
 series = {ICER '16},
 year = {2016},
 isbn = {978-1-4503-4449-4},
 location = {Melbourne, VIC, Australia},
 pages = {191--200},
 numpages = {10},
 url = {http://doi.acm.org/10.1145/2960310.2960335},
 doi = {10.1145/2960310.2960335},
 acmid = {2960335},
 publisher = {ACM},
 address = {New York, NY, USA},
 keywords = {design-based research, ebooks, electronic books, high school teacher professional development},
}

@inproceedings{Hinske:2008:TGD:1394445.1394454,
 author = {Hinske, Steve and Langheinrich, Marc and Lampe, Matthias},
 title = {Towards Guidelines for Designing Augmented Toy Environments},
 booktitle = {Proceedings of the 7th ACM Conference on Designing Interactive Systems},
 series = {DIS '08},
 year = {2008},
 isbn = {978-1-60558-002-9},
 location = {Cape Town, South Africa},
 pages = {78--87},
 numpages = {10},
 url = {http://doi.acm.org/10.1145/1394445.1394454},
 doi = {10.1145/1394445.1394454},
 acmid = {1394454},
 publisher = {ACM},
 address = {New York, NY, USA},
 keywords = {augmented toy environments, design guidelines, interactive systems, mixed reality, pervasive computing},
}

@inproceedings{Goh:2000:PDL:336597.336656,
 author = {Goh, Dion and Leggett, John},
 title = {Patron-augmented Digital Libraries},
 booktitle = {Proceedings of the Fifth ACM Conference on Digital Libraries},
 series = {DL '00},
 year = {2000},
 isbn = {1-58113-231-X},
 location = {San Antonio, Texas, USA},
 pages = {153--163},
 numpages = {11},
 url = {http://doi.acm.org/10.1145/336597.336656},
 doi = {10.1145/336597.336656},
 acmid = {336656},
 publisher = {ACM},
 address = {New York, NY, USA},
 keywords = {digital scholarship, patron-augmented digital libraries, publishing, user interfaces},
}

@inproceedings{Kuhn:2012:SFE:2207676.2208719,
 author = {Kuhn, Alex and McNally, Brenna and Schmoll, Shannon and Cahill, Clara and Lo, Wan-Tzu and Quintana, Chris and Delen, Ibrahim},
 title = {How Students Find, Evaluate and Utilize Peer-collected Annotated Multimedia Data in Science Inquiry with Zydeco},
 booktitle = {Proceedings of the SIGCHI Conference on Human Factors in Computing Systems},
 series = {CHI '12},
 year = {2012},
 isbn = {978-1-4503-1015-4},
 location = {Austin, Texas, USA},
 pages = {3061--3070},
 numpages = {10},
 url = {http://doi.acm.org/10.1145/2207676.2208719},
 doi = {10.1145/2207676.2208719},
 acmid = {2208719},
 publisher = {ACM},
 address = {New York, NY, USA},
 keywords = {children and technology, learner-centered design, mobile computing, science inquiry, tagging},
}

@inproceedings{Rau:2013:WIL:2470654.2470670,
 author = {Rau, Martina A. and Aleven, Vincent and Rummel, Nikol and Rohrbach, Stacie},
 title = {Why Interactive Learning Environments Can Have It All: Resolving Design Conflicts Between Competing Goals},
 booktitle = {Proceedings of the SIGCHI Conference on Human Factors in Computing Systems},
 series = {CHI '13},
 year = {2013},
 isbn = {978-1-4503-1899-0},
 location = {Paris, France},
 pages = {109--118},
 numpages = {10},
 url = {http://doi.acm.org/10.1145/2470654.2470670},
 doi = {10.1145/2470654.2470670},
 acmid = {2470670},
 publisher = {ACM},
 address = {New York, NY, USA},
 keywords = {cognitive tutors, design conflicts, instructional design, interactive learning environments},
}

@inproceedings{Baykal:2018:DPM:3213818.3213825,
 author = {Baykal, G\"{o}k\c{c}e Elif and Van Mechelen, Maarten and G\"{o}ksun, Tilbe and Yanta\c{c}, As\im Evren},
 title = {Designing with and for Preschoolers: A Method to Observe Tangible Interactions with Spatial Manipulatives},
 booktitle = {Proceedings of the Conference on Creativity and Making in Education},
 series = {FabLearn Europe'18},
 year = {2018},
 isbn = {978-1-4503-5371-7},
 location = {Trondheim, Norway},
 pages = {45--54},
 numpages = {10},
 url = {http://doi.acm.org/10.1145/3213818.3213825},
 doi = {10.1145/3213818.3213825},
 acmid = {3213825},
 publisher = {ACM},
 address = {New York, NY, USA},
 keywords = {Spatial learning, child-tangible interaction, design methods, design with young children, tangible interaction for learning},
}

@inproceedings{Tedre:2016:LQC:2999541.2999542,
 author = {Tedre, Matti and Denning, Peter J.},
 title = {The Long Quest for Computational Thinking},
 booktitle = {Proceedings of the 16th Koli Calling International Conference on Computing Education Research},
 series = {Koli Calling '16},
 year = {2016},
 isbn = {978-1-4503-4770-9},
 location = {Koli, Finland},
 pages = {120--129},
 numpages = {10},
 url = {http://doi.acm.org/10.1145/2999541.2999542},
 doi = {10.1145/2999541.2999542},
 acmid = {2999542},
 publisher = {ACM},
 address = {New York, NY, USA},
 keywords = {CSER, computational ideas, computational thinking, computer science education, disciplinary ways of thinking and practicing, history of computational thinking},
}

@inproceedings{Flanagan:2005:VPD:1054972.1055076,
 author = {Flanagan, Mary and Howe, Daniel C. and Nissenbaum, Helen},
 title = {Values at Play: Design Tradeoffs in Socially-oriented Game Design},
 booktitle = {Proceedings of the SIGCHI Conference on Human Factors in Computing Systems},
 series = {CHI '05},
 year = {2005},
 isbn = {1-58113-998-5},
 location = {Portland, Oregon, USA},
 pages = {751--760},
 numpages = {10},
 url = {http://doi.acm.org/10.1145/1054972.1055076},
 doi = {10.1145/1054972.1055076},
 acmid = {1055076},
 publisher = {ACM},
 address = {New York, NY, USA},
 keywords = {gender and computing, programming pedagogy, social issues, values},
}

@inproceedings{Costabile:2008:EPC:1357054.1357080,
 author = {Costabile, Maria F. and De Angeli, Antonella and Lanzilotti, Rosa and Ardito, Carmelo and Buono, Paolo and Pederson, Thomas},
 title = {Explore! Possibilities and Challenges of Mobile Learning},
 booktitle = {Proceedings of the SIGCHI Conference on Human Factors in Computing Systems},
 series = {CHI '08},
 year = {2008},
 isbn = {978-1-60558-011-1},
 location = {Florence, Italy},
 pages = {145--154},
 numpages = {10},
 url = {http://doi.acm.org/10.1145/1357054.1357080},
 doi = {10.1145/1357054.1357080},
 acmid = {1357080},
 publisher = {ACM},
 address = {New York, NY, USA},
 keywords = {children, cooperative inquiry, digital augmentation, edutainment, mobile learning},
}

@inproceedings{Lukkarinen:2016:CTC:2999541.2999551,
 author = {Lukkarinen, Aleksi and Sorva, Juha},
 title = {Classifying the Tools of Contextualized Programming Education and Forms of Media Computation},
 booktitle = {Proceedings of the 16th Koli Calling International Conference on Computing Education Research},
 series = {Koli Calling '16},
 year = {2016},
 isbn = {978-1-4503-4770-9},
 location = {Koli, Finland},
 pages = {51--60},
 numpages = {10},
 url = {http://doi.acm.org/10.1145/2999541.2999551},
 doi = {10.1145/2999541.2999551},
 acmid = {2999551},
 publisher = {ACM},
 address = {New York, NY, USA},
 keywords = {classification, contextualized education, media computation, programming education, review, tools},
}

@inproceedings{Shelley:2014:IAD:2556288.2557294,
 author = {Shelley, Tia and Lyons, Leilah and Moher, Tom and Dasgupta, Chandan and Lopez Silva, Brenda and Silva, Alexandra},
 title = {Information-building Applications: Designing for Data Exploration and Analysis by Elementary School Students},
 booktitle = {Proceedings of the SIGCHI Conference on Human Factors in Computing Systems},
 series = {CHI '14},
 year = {2014},
 isbn = {978-1-4503-2473-1},
 location = {Toronto, Ontario, Canada},
 pages = {2123--2132},
 numpages = {10},
 url = {http://doi.acm.org/10.1145/2556288.2557294},
 doi = {10.1145/2556288.2557294},
 acmid = {2557294},
 publisher = {ACM},
 address = {New York, NY, USA},
 keywords = {information-building applications, k-12 science education, learner centered design},
}

@inproceedings{Shelley:2014:IAD:2611528.2557294,
 author = {Shelley, Tia and Lyons, Leilah and Moher, Tom and Dasgupta, Chandan and Lopez Silva, Brenda and Silva, Alexandra},
 title = {Information-building Applications: Designing for Data Exploration and Analysis by Elementary School Students},
 booktitle = {Proceedings of the 32Nd Annual ACM Conference on Human Factors in Computing Systems},
 series = {CHI '14},
 year = {2014},
 isbn = {978-1-4503-2473-1},
 location = {Toronto, Ontario, Canada},
 pages = {2123--2132},
 numpages = {10},
 url = {http://doi.acm.org/10.1145/2556288.2557294},
 doi = {10.1145/2556288.2557294},
 acmid = {2557294},
 publisher = {ACM},
 address = {New York, NY, USA},
 keywords = {information-building applications, k-12 science education, learner centered design},
}

@inproceedings{Chatley:2017:LLA:3103028.3103047,
 author = {Chatley, Robert and Field, Tony},
 title = {Lean Learning: Applying Lean Techniques to Improve Software Engineering Education},
 booktitle = {Proceedings of the 39th International Conference on Software Engineering: Software Engineering and Education Track},
 series = {ICSE-SEET '17},
 year = {2017},
 isbn = {978-1-5386-2671-9},
 location = {Buenos Aires, Argentina},
 pages = {117--126},
 numpages = {10},
 url = {https://doi.org/10.1109/ICSE-SEET.2017.5},
 doi = {10.1109/ICSE-SEET.2017.5},
 acmid = {3103047},
 publisher = {IEEE Press},
 address = {Piscataway, NJ, USA},
 keywords = {curriculum design, education, software engineering},
}

@inproceedings{Stringer:2006:ESN:1182475.1182512,
 author = {Stringer, Mark and Harris, Eric and Fitzpatrick, Geraldine},
 title = {Exploring the Space of Near-future Design with Children},
 booktitle = {Proceedings of the 4th Nordic Conference on Human-computer Interaction: Changing Roles},
 series = {NordiCHI '06},
 year = {2006},
 isbn = {1-59593-325-5},
 location = {Oslo, Norway},
 pages = {351--360},
 numpages = {10},
 url = {http://doi.acm.org/10.1145/1182475.1182512},
 doi = {10.1145/1182475.1182512},
 acmid = {1182512},
 publisher = {ACM},
 address = {New York, NY, USA},
 keywords = {children, participatory design, ubiquitous computing, user-centred design},
}

@inproceedings{Iversen:2010:RVP:1900441.1900455,
 author = {Iversen, Ole Sejer and Halskov, Kim and Leong, Tuck Wah},
 title = {Rekindling Values in Participatory Design},
 booktitle = {Proceedings of the 11th Biennial Participatory Design Conference},
 series = {PDC '10},
 year = {2010},
 isbn = {978-1-4503-0131-2},
 location = {Sydney, Australia},
 pages = {91--100},
 numpages = {10},
 url = {http://doi.acm.org/10.1145/1900441.1900455},
 doi = {10.1145/1900441.1900455},
 acmid = {1900455},
 publisher = {ACM},
 address = {New York, NY, USA},
 keywords = {participatory design, values},
}

@inproceedings{Moher:2008:WDI:1357054.1357082,
 author = {Moher, Tom and Uphoff, Brian and Bhatt, Darshan and L\'{o}pez Silva, Brenda and Malcolm, Peter},
 title = {WallCology: Designing Interaction Affordances for Learner Engagement in Authentic Science Inquiry},
 booktitle = {Proceedings of the SIGCHI Conference on Human Factors in Computing Systems},
 series = {CHI '08},
 year = {2008},
 isbn = {978-1-60558-011-1},
 location = {Florence, Italy},
 pages = {163--172},
 numpages = {10},
 url = {http://doi.acm.org/10.1145/1357054.1357082},
 doi = {10.1145/1357054.1357082},
 acmid = {1357082},
 publisher = {ACM},
 address = {New York, NY, USA},
 keywords = {embedded phenomena, science inquiry learning, ubiquitous computing},
}

@inproceedings{Marinus:2018:UCC:3230977.3230984,
 author = {Marinus, Eva and Powell, Zoe and Thornton, Rosalind and McArthur, Genevieve and Crain, Stephen},
 title = {Unravelling the Cognition of Coding in 3-to-6-year Olds: The Development of an Assessment Tool and the Relation Between Coding Ability and Cognitive Compiling of Syntax in Natural Language},
 booktitle = {Proceedings of the 2018 ACM Conference on International Computing Education Research},
 series = {ICER '18},
 year = {2018},
 isbn = {978-1-4503-5628-2},
 location = {Espoo, Finland},
 pages = {133--141},
 numpages = {9},
 url = {http://doi.acm.org/10.1145/3230977.3230984},
 doi = {10.1145/3230977.3230984},
 acmid = {3230984},
 publisher = {ACM},
 address = {New York, NY, USA},
 keywords = {, natural language ability, assessment, children, coding, cognitive compiling, kindergarten, nonverbal intelligence, preschool, programming},
}

@inproceedings{Coyle:2011:EEC:1978942.1979378,
 author = {Coyle, David and McGlade, Nicola and Doherty, Gavin and O'Reilly, Gary},
 title = {Exploratory Evaluations of a Computer Game Supporting Cognitive Behavioural Therapy for Adolescents},
 booktitle = {Proceedings of the SIGCHI Conference on Human Factors in Computing Systems},
 series = {CHI '11},
 year = {2011},
 isbn = {978-1-4503-0228-9},
 location = {Vancouver, BC, Canada},
 pages = {2937--2946},
 numpages = {10},
 url = {http://doi.acm.org/10.1145/1978942.1979378},
 doi = {10.1145/1978942.1979378},
 acmid = {1979378},
 publisher = {ACM},
 address = {New York, NY, USA},
 keywords = {adolescent mental health, cognitive behavioural therapy, complex health interventions, computer games, evaluations},
}

@inproceedings{Sigurdson:2017:SPM:3141880.3141888,
 author = {Sigurdson, Nikki and Petersen, Andrew},
 title = {Student Perspectives on Mathematics in Computer Science},
 booktitle = {Proceedings of the 17th Koli Calling International Conference on Computing Education Research},
 series = {Koli Calling '17},
 year = {2017},
 isbn = {978-1-4503-5301-4},
 location = {Koli, Finland},
 pages = {108--117},
 numpages = {10},
 url = {http://doi.acm.org/10.1145/3141880.3141888},
 doi = {10.1145/3141880.3141888},
 acmid = {3141888},
 publisher = {ACM},
 address = {New York, NY, USA},
 keywords = {curriculum, identity, mathematics},
}

@inproceedings{Dimitracopoulou:2005:DCL:1149293.1149309,
 author = {Dimitracopoulou, Angelique},
 title = {Designing Collaborative Learning Systems: Current Trends \& Future Research Agenda},
 booktitle = {Proceedings of th 2005 Conference on Computer Support for Collaborative Learning: Learning 2005: The Next 10 Years!},
 series = {CSCL '05},
 year = {2005},
 isbn = {0-8058-5782-6},
 location = {Taipei, Taiwan},
 pages = {115--124},
 numpages = {10},
 url = {http://dl.acm.org/citation.cfm?id=1149293.1149309},
 acmid = {1149309},
 publisher = {International Society of the Learning Sciences},
 keywords = {collaborative learning systems, framework, primary / secondary education, trade-offs},
}

@article{Rogers:2010:ELS:1731477.1731499,
 author = {Rogers, Yvonne and Connelly, Kay and Hazlewood, William and Tedesco, Lenore},
 title = {Enhancing Learning: A Study of How Mobile Devices Can Facilitate Sensemaking},
 journal = {Personal Ubiquitous Comput.},
 issue_date = {February  2010},
 volume = {14},
 number = {2},
 month = feb,
 year = {2010},
 issn = {1617-4909},
 pages = {111--124},
 numpages = {14},
 url = {http://dx.doi.org/10.1007/s00779-009-0250-7},
 doi = {10.1007/s00779-009-0250-7},
 acmid = {1731499},
 publisher = {Springer-Verlag},
 address = {London, UK, UK},
 keywords = {Collaboration, Mobile learning, Mobile technologies, Sensemaking},
}

@Article{Pemberton:1998:280571,
 editor = {Pemberton, Steven},
 journal = {SIGCHI Bull.},
 year = {1998},
 issn = {0736-6906},
 volume = {30},
 number = {1},
 issue_date = {Jan. 1998},
 publisher = {ACM},
 address = {New York, NY, USA},
}

@article{Qian:2017:SMO:3155324.3077618,
 author = {Qian, Yizhou and Lehman, James},
 title = {Students\&\#x2019; Misconceptions and Other Difficulties in Introductory Programming: A Literature Review},
 journal = {ACM Trans. Comput. Educ.},
 issue_date = {December 2017},
 volume = {18},
 number = {1},
 month = oct,
 year = {2017},
 issn = {1946-6226},
 pages = {1:1--1:24},
 articleno = {1},
 numpages = {24},
 url = {http://doi.acm.org/10.1145/3077618},
 doi = {10.1145/3077618},
 acmid = {3077618},
 publisher = {ACM},
 address = {New York, NY, USA},
 keywords = {Misconceptions, conceptual change, constructivism, difficulties, introductory programming},
}

@article{Jun:2018:DPS:3290265.3274353,
 author = {Jun, Eunice and Jo, Blue A. and Oliveira, Nigini and Reinecke, Katharina},
 title = {Digestif: Promoting Science Communication in Online Experiments},
 journal = {Proc. ACM Hum.-Comput. Interact.},
 issue_date = {November 2018},
 volume = {2},
 number = {CSCW},
 month = nov,
 year = {2018},
 issn = {2573-0142},
 pages = {84:1--84:26},
 articleno = {84},
 numpages = {26},
 url = {http://doi.acm.org/10.1145/3274353},
 doi = {10.1145/3274353},
 acmid = {3274353},
 publisher = {ACM},
 address = {New York, NY, USA},
}

@inproceedings{Pollack:2016:CGS:2858036.2858240,
 author = {Pollack, Ari H. and Backonja, Uba and Miller, Andrew D. and Mishra, Sonali R. and Khelifi, Maher and Kendall, Logan and Pratt, Wanda},
 title = {Closing the Gap: Supporting Patients' Transition to Self-Management After Hospitalization},
 booktitle = {Proceedings of the 2016 CHI Conference on Human Factors in Computing Systems},
 series = {CHI '16},
 year = {2016},
 isbn = {978-1-4503-3362-7},
 location = {San Jose, California, USA},
 pages = {5324--5336},
 numpages = {13},
 url = {http://doi.acm.org/10.1145/2858036.2858240},
 doi = {10.1145/2858036.2858240},
 acmid = {2858240},
 publisher = {ACM},
 address = {New York, NY, USA},
 keywords = {discharge, health informatics, hospital, medical informatics, pediatric, self-efficacy, self-management},
}

@article{Arias:2000:TIH:344949.345015,
 author = {Arias, Ernesto and Eden, Hal and Fischer, Gerhard and Gorman, Andrew and Scharff, Eric},
 title = {Transcending the Individual Human Mind\&Mdash;Creating Shared Understanding Through Collaborative Design},
 journal = {ACM Trans. Comput.-Hum. Interact.},
 issue_date = {March 2000},
 volume = {7},
 number = {1},
 month = mar,
 year = {2000},
 issn = {1073-0516},
 pages = {84--113},
 numpages = {30},
 url = {http://doi.acm.org/10.1145/344949.345015},
 doi = {10.1145/344949.345015},
 acmid = {345015},
 publisher = {ACM},
 address = {New York, NY, USA},
 keywords = {collaborative design and knowledge construction, design support systems, distributed cognition, integration of action and reflection spaces, integration of physical and computational environments, open systems, symmetry of ignorance},
}

@article{Leung:2010:MII:1838562.1838563,
 author = {Leung, Rock and Findlater, Leah and McGrenere, Joanna and Graf, Peter and Yang, Justine},
 title = {Multi-Layered Interfaces to Improve Older Adults\&Rsquo; Initial Learnability of Mobile Applications},
 journal = {ACM Trans. Access. Comput.},
 issue_date = {September 2010},
 volume = {3},
 number = {1},
 month = sep,
 year = {2010},
 issn = {1936-7228},
 pages = {1:1--1:30},
 articleno = {1},
 numpages = {30},
 url = {http://doi.acm.org/10.1145/1838562.1838563},
 doi = {10.1145/1838562.1838563},
 acmid = {1838563},
 publisher = {ACM},
 address = {New York, NY, USA},
 keywords = {Age-related differences, learnability, menu design, mobile devices, multi-layered interfaces, older adults, user study},
}

@inproceedings{An:2019:UER:3290605.3300321,
 author = {An, Pengcheng and Bakker, Saskia and Ordanovski, Sara and Taconis, Ruurd and Paffen, Chris L.E. and Eggen, Berry},
 title = {Unobtrusively Enhancing Reflection-in-Action of Teachers Through Spatially Distributed Ambient Information},
 booktitle = {Proceedings of the 2019 CHI Conference on Human Factors in Computing Systems},
 series = {CHI '19},
 year = {2019},
 isbn = {978-1-4503-5970-2},
 location = {Glasgow, Scotland Uk},
 pages = {91:1--91:14},
 articleno = {91},
 numpages = {14},
 url = {http://doi.acm.org/10.1145/3290605.3300321},
 doi = {10.1145/3290605.3300321},
 acmid = {3300321},
 publisher = {ACM},
 address = {New York, NY, USA},
 keywords = {ambient information system, distributed cognition, periphery of attention, reflection-in-action, reflective practitioner, teacher},
}

@article{Fields:2017:YCP:3135995.3123815,
 author = {Fields, Deborah A. and Kafai, Yasmin B. and Giang, Michael T.},
 title = {Youth Computational Participation in the Wild: Understanding Experience and Equity in Participating and Programming in the Online Scratch Community},
 journal = {ACM Trans. Comput. Educ.},
 issue_date = {August 2017},
 volume = {17},
 number = {3},
 month = aug,
 year = {2017},
 issn = {1946-6226},
 pages = {15:1--15:22},
 articleno = {15},
 numpages = {22},
 url = {http://doi.acm.org/10.1145/3123815},
 doi = {10.1145/3123815},
 acmid = {3123815},
 publisher = {ACM},
 address = {New York, NY, USA},
 keywords = {Computer science education, collaborative learning, computer supported collaborative learning, educational data mining, equity, learning analytics, social networking forums, social networking sites},
}

@inproceedings{Kross:2019:PTD:3290605.3300493,
 author = {Kross, Sean and Guo, Philip J.},
 title = {Practitioners Teaching Data Science in Industry and Academia: Expectations, Workflows, and Challenges},
 booktitle = {Proceedings of the 2019 CHI Conference on Human Factors in Computing Systems},
 series = {CHI '19},
 year = {2019},
 isbn = {978-1-4503-5970-2},
 location = {Glasgow, Scotland Uk},
 pages = {263:1--263:14},
 articleno = {263},
 numpages = {14},
 url = {http://doi.acm.org/10.1145/3290605.3300493},
 doi = {10.1145/3290605.3300493},
 acmid = {3300493},
 publisher = {ACM},
 address = {New York, NY, USA},
 keywords = {data science education, teaching programming},
}

@article{RoBling:2008:ELM:1473195.1473239,
 author = {R\"{o}\ssling, Guido and Joy, Mike and Moreno, Andr{\'e}s and Radenski, Atanas and Malmi, Lauri and Kerren, Andreas and Naps, Thomas and Ross, Rockford J. and Clancy, Michael and Korhonen, Ari and Oechsle, Rainer and Iturbide, J. \'{A}ngel Vel\'{a}zquez},
 title = {Enhancing Learning Management Systems to Better Support Computer Science Education},
 journal = {SIGCSE Bull.},
 issue_date = {December 2008},
 volume = {40},
 number = {4},
 month = nov,
 year = {2008},
 issn = {0097-8418},
 pages = {142--166},
 numpages = {25},
 url = {http://doi.acm.org/10.1145/1473195.1473239},
 doi = {10.1145/1473195.1473239},
 acmid = {1473239},
 publisher = {ACM},
 address = {New York, NY, USA},
 keywords = {CALMS, LMS, computer science education, computing augmented learning management system, learning management system},
}

@techreport{K-12ComputerScienceFrameworkSteeringCommittee:2016:KCS:3079760,
 author = {K-12 Computer Science Framework Steering Committee},
 title = {K-12 Computer Science Framework},
 year = {2016},
 isbn = {978-1-4503-5278-9},
 publisher = {ACM},
 address = {New York, NY, USA},
}

