@inproceedings{Ritter:2016:MLW:2876034.2876039,
 author = {Ritter, Steve and Yudelson, Michael and Fancsali, Stephen E. and Berman, Susan R.},
 title = {How Mastery Learning Works at Scale},
 booktitle = {Proceedings of the Third (2016) ACM Conference on Learning @ Scale},
 series = {L@S '16},
 year = {2016},
 isbn = {978-1-4503-3726-7},
 location = {Edinburgh, Scotland, UK},
 pages = {71--79},
 numpages = {9},
 url = {http://doi.acm.org/10.1145/2876034.2876039},
 doi = {10.1145/2876034.2876039},
 acmid = {2876039},
 publisher = {ACM},
 address = {New York, NY, USA},
 keywords = {adaptive educational systems, big data, educational outcomes, intelligent tutors, longitudinal data, mastery learning},
}

@article{LeJeune:2010:CGM:1858583.1858604,
 author = {LeJeune, Noel},
 title = {Contract Grading with Mastery Learning in CS 1},
 journal = {J. Comput. Sci. Coll.},
 issue_date = {December 2010},
 volume = {26},
 number = {2},
 month = dec,
 year = {2010},
 issn = {1937-4771},
 pages = {149--156},
 numpages = {8},
 url = {http://dl.acm.org/citation.cfm?id=1858583.1858604},
 acmid = {1858604},
 publisher = {Consortium for Computing Sciences in Colleges},
 address = {USA},
}

@inproceedings{Garner:2019:MLC:3286960.3286965,
 author = {Garner, James and Denny, Paul and Luxton-Reilly, Andrew},
 title = {Mastery Learning in Computer Science Education},
 booktitle = {Proceedings of the Twenty-First Australasian Computing Education Conference},
 series = {ACE '19},
 year = {2019},
 isbn = {978-1-4503-6622-9},
 location = {Sydney, NSW, Australia},
 pages = {37--46},
 numpages = {10},
 url = {http://doi.acm.org/10.1145/3286960.3286965},
 doi = {10.1145/3286960.3286965},
 acmid = {3286965},
 publisher = {ACM},
 address = {New York, NY, USA},
 keywords = {Keller plan, PSI, mastery learning, pedagogy},
}

@inproceedings{Jazayeri:2015:CML:2819009.2819059,
 author = {Jazayeri, Mehdi},
 title = {Combining Mastery Learning with Project-based Learning in a First Programming Course: An Experience Report},
 booktitle = {Proceedings of the 37th International Conference on Software Engineering - Volume 2},
 series = {ICSE '15},
 year = {2015},
 location = {Florence, Italy},
 pages = {315--318},
 numpages = {4},
 url = {http://dl.acm.org/citation.cfm?id=2819009.2819059},
 acmid = {2819059},
 publisher = {IEEE Press},
 address = {Piscataway, NJ, USA},
 keywords = {CS1/CS2, first programming course, introductory programming, mastery learning, project-based learning, software engineering education},
}

@article{Starr:2008:BTR:1352322.1352227,
 author = {Starr, Christopher W. and Manaris, Bill and Stalvey, RoxAnn H.},
 title = {Bloom's Taxonomy Revisited: Specifying Assessable Learning Objectives in Computer Science},
 journal = {SIGCSE Bull.},
 issue_date = {March 2008},
 volume = {40},
 number = {1},
 month = mar,
 year = {2008},
 issn = {0097-8418},
 pages = {261--265},
 numpages = {5},
 url = {http://doi.acm.org/10.1145/1352322.1352227},
 doi = {10.1145/1352322.1352227},
 acmid = {1352227},
 publisher = {ACM},
 address = {New York, NY, USA},
 keywords = {accreditation, assessment, bloom's taxonomy, cs1, curriculum development, learning objectives},
}

@inproceedings{Starr:2008:BTR:1352135.1352227,
 author = {Starr, Christopher W. and Manaris, Bill and Stalvey, RoxAnn H.},
 title = {Bloom's Taxonomy Revisited: Specifying Assessable Learning Objectives in Computer Science},
 booktitle = {Proceedings of the 39th SIGCSE Technical Symposium on Computer Science Education},
 series = {SIGCSE '08},
 year = {2008},
 isbn = {978-1-59593-799-5},
 location = {Portland, OR, USA},
 pages = {261--265},
 numpages = {5},
 url = {http://doi.acm.org/10.1145/1352135.1352227},
 doi = {10.1145/1352135.1352227},
 acmid = {1352227},
 publisher = {ACM},
 address = {New York, NY, USA},
 keywords = {accreditation, assessment, bloom's taxonomy, cs1, curriculum development, learning objectives},
}

@inproceedings{Oliver:2004:TCB:979968.979998,
 author = {Oliver, Dave and Dobele, Tony and Greber, Myles and Roberts, Tim},
 title = {This Course Has a Bloom Rating of 3.9},
 booktitle = {Proceedings of the Sixth Australasian Conference on Computing Education - Volume 30},
 series = {ACE '04},
 year = {2004},
 location = {Dunedin, New Zealand},
 pages = {227--231},
 numpages = {5},
 url = {http://dl.acm.org/citation.cfm?id=979968.979998},
 acmid = {979998},
 publisher = {Australian Computer Society, Inc.},
 address = {Darlinghurst, Australia, Australia},
 keywords = {Blooms taxonomy, CS1, data communications, networks, programming},
}

@inproceedings{McCane:2017:MLI:3013499.3013501,
 author = {McCane, Brendan and Ott, Claudia and Meek, Nick and Robins, Anthony},
 title = {Mastery Learning in Introductory Programming},
 booktitle = {Proceedings of the Nineteenth Australasian Computing Education Conference},
 series = {ACE '17},
 year = {2017},
 isbn = {978-1-4503-4823-2},
 location = {Geelong, VIC, Australia},
 pages = {1--10},
 numpages = {10},
 url = {http://doi.acm.org/10.1145/3013499.3013501},
 doi = {10.1145/3013499.3013501},
 acmid = {3013501},
 publisher = {ACM},
 address = {New York, NY, USA},
 keywords = {CS1, Introductory Programming, Mastery Learning, Python},
}

@inproceedings{Gluga:2013:CMR:2667199.2667208,
 author = {Gluga, Richard and Kay, Judy and Lister, Raymond and Simon and Charleston, Michael and Harland, James and Teague, Donna},
 title = {A Conceptual Model for Reflecting on Expected Learning vs. Demonstrated Student Performance},
 booktitle = {Proceedings of the Fifteenth Australasian Computing Education Conference - Volume 136},
 series = {ACE '13},
 year = {2013},
 isbn = {978-1-921770-21-0},
 location = {Adelaide, Australia},
 pages = {77--86},
 numpages = {10},
 url = {http://dl.acm.org/citation.cfm?id=2667199.2667208},
 acmid = {2667208},
 publisher = {Australian Computer Society, Inc.},
 address = {Darlinghurst, Australia, Australia},
 keywords = {assessment, course content, curriculum},
}

@article{Engle:2013:ECR:2458539.2458564,
 author = {Engle, Sophie and Rollins, Sami},
 title = {Expert Code Review and Mastery Learning in a Software Development Course},
 journal = {J. Comput. Sci. Coll.},
 issue_date = {April 2013},
 volume = {28},
 number = {4},
 month = apr,
 year = {2013},
 issn = {1937-4771},
 pages = {139--147},
 numpages = {9},
 url = {http://dl.acm.org/citation.cfm?id=2458539.2458564},
 acmid = {2458564},
 publisher = {Consortium for Computing Sciences in Colleges},
 address = {USA},
}

@inproceedings{Corbett:2000:IIC:332040.332412,
 author = {Corbett, Albert and Trask, Holly},
 title = {Instructional Interventions in Computer-based Tutoring: Differential Impact on Learning Time and Accuracy},
 booktitle = {Proceedings of the SIGCHI Conference on Human Factors in Computing Systems},
 series = {CHI '00},
 year = {2000},
 isbn = {1-58113-216-6},
 location = {The Hague, The Netherlands},
 pages = {97--104},
 numpages = {8},
 url = {http://doi.acm.org/10.1145/332040.332412},
 doi = {10.1145/332040.332412},
 acmid = {332412},
 publisher = {ACM},
 address = {New York, NY, USA},
 keywords = {animation, instructional interface design, intelligent tutoring systems, plan scaffolding, student modeling},
}

@inproceedings{Gluga:2012:CTB:2483716.2483734,
 author = {Gluga, Richard and Kay, Judy and Lister, Raymond and Kleitman, Sabina and Lever, Tim},
 title = {Coming to Terms with Bloom: An Online Tutorial for Teachers of Programming Fundamentals},
 booktitle = {Proceedings of the Fourteenth Australasian Computing Education Conference - Volume 123},
 series = {ACE '12},
 year = {2012},
 isbn = {978-1-921770-04-3},
 location = {Melbourne, Australia},
 pages = {147--156},
 numpages = {10},
 url = {http://dl.acm.org/citation.cfm?id=2483716.2483734},
 acmid = {2483734},
 publisher = {Australian Computer Society, Inc.},
 address = {Darlinghurst, Australia, Australia},
 keywords = {Bloom, assessment, competence, learning progression, maturity, programming},
}

@article{Lister:2007:SET:1272848.1272856,
 author = {Lister, Raymond},
 title = {Strangers, Enemies, Terms and Taxonomies},
 journal = {SIGCSE Bull.},
 issue_date = {June 2007},
 volume = {39},
 number = {2},
 month = jun,
 year = {2007},
 issn = {0097-8418},
 pages = {12--13},
 numpages = {2},
 url = {http://doi.acm.org/10.1145/1272848.1272856},
 doi = {10.1145/1272848.1272856},
 acmid = {1272856},
 publisher = {ACM},
 address = {New York, NY, USA},
}

@inproceedings{Montebello:2018:IPR:3231644.3231693,
 author = {Montebello, Matthew and Pinheiro, Petrilson and Cope, Bill and Kalantzis, Mary and Amina, Tabassum and Searsmith, Duane and Cao, Dungyun},
 title = {The Impact of the Peer Review Process Evolution on Learner Performance in e-Learning Environments},
 booktitle = {Proceedings of the Fifth Annual ACM Conference on Learning at Scale},
 series = {L@S '18},
 year = {2018},
 isbn = {978-1-4503-5886-6},
 location = {London, United Kingdom},
 pages = {35:1--35:3},
 articleno = {35},
 numpages = {3},
 url = {http://doi.acm.org/10.1145/3231644.3231693},
 doi = {10.1145/3231644.3231693},
 acmid = {3231693},
 publisher = {ACM},
 address = {New York, NY, USA},
 keywords = {e-learning, peer-reviews, recursive feedback, student performance},
}

@article{Scott:2003:BTA:948737.948775,
 author = {Scott, Terry},
 title = {Bloom's Taxonomy Applied to Testing in Computer Science Classes},
 journal = {J. Comput. Sci. Coll.},
 issue_date = {October 2003},
 volume = {19},
 number = {1},
 month = oct,
 year = {2003},
 issn = {1937-4771},
 pages = {267--274},
 numpages = {8},
 url = {http://dl.acm.org/citation.cfm?id=948737.948775},
 acmid = {948775},
 publisher = {Consortium for Computing Sciences in Colleges},
 address = {USA},
}

@article{Reynolds:1996:RCS:236462.236549,
 author = {Reynolds, Charles and Fox, Christopher},
 title = {Requirements for a Computer Science Curriculum Emphasizing Information Technology: Subject Area Curriculum Issues},
 journal = {SIGCSE Bull.},
 issue_date = {March 1996},
 volume = {28},
 number = {1},
 month = mar,
 year = {1996},
 issn = {0097-8418},
 pages = {247--251},
 numpages = {5},
 url = {http://doi.acm.org/10.1145/236462.236549},
 doi = {10.1145/236462.236549},
 acmid = {236549},
 publisher = {ACM},
 address = {New York, NY, USA},
}

@inproceedings{Reynolds:1996:RCS:236452.236549,
 author = {Reynolds, Charles and Fox, Christopher},
 title = {Requirements for a Computer Science Curriculum Emphasizing Information Technology: Subject Area Curriculum Issues},
 booktitle = {Proceedings of the Twenty-seventh SIGCSE Technical Symposium on Computer Science Education},
 series = {SIGCSE '96},
 year = {1996},
 isbn = {0-89791-757-X},
 location = {Philadelphia, Pennsylvania, USA},
 pages = {247--251},
 numpages = {5},
 url = {http://doi.acm.org/10.1145/236452.236549},
 doi = {10.1145/236452.236549},
 acmid = {236549},
 publisher = {ACM},
 address = {New York, NY, USA},
}

@article{Doran:1995:CAI:199691.199790,
 author = {Doran, Michael V. and Langan, David D.},
 title = {A Cognitive-based Approach to Introductory Computer Science Courses: Lesson Learned},
 journal = {SIGCSE Bull.},
 issue_date = {March 1995},
 volume = {27},
 number = {1},
 month = mar,
 year = {1995},
 issn = {0097-8418},
 pages = {218--222},
 numpages = {5},
 url = {http://doi.acm.org/10.1145/199691.199790},
 doi = {10.1145/199691.199790},
 acmid = {199790},
 publisher = {ACM},
 address = {New York, NY, USA},
}

@inproceedings{Doran:1995:CAI:199688.199790,
 author = {Doran, Michael V. and Langan, David D.},
 title = {A Cognitive-based Approach to Introductory Computer Science Courses: Lesson Learned},
 booktitle = {Proceedings of the Twenty-sixth SIGCSE Technical Symposium on Computer Science Education},
 series = {SIGCSE '95},
 year = {1995},
 isbn = {0-89791-693-X},
 location = {Nashville, Tennessee, USA},
 pages = {218--222},
 numpages = {5},
 url = {http://doi.acm.org/10.1145/199688.199790},
 doi = {10.1145/199688.199790},
 acmid = {199790},
 publisher = {ACM},
 address = {New York, NY, USA},
}

@article{Urban-Lurain:1999:LIU:384266.299738,
 author = {Urban-Lurain, Mark and Weinshank, Donald J.},
 title = {\&Ldquo;I Do and I Understand\&Rdquo;: Mastery Model Learning for a Large Non-major Course},
 journal = {SIGCSE Bull.},
 issue_date = {March 1999},
 volume = {31},
 number = {1},
 month = mar,
 year = {1999},
 issn = {0097-8418},
 pages = {150--154},
 numpages = {5},
 url = {http://doi.acm.org/10.1145/384266.299738},
 doi = {10.1145/384266.299738},
 acmid = {299738},
 publisher = {ACM},
 address = {New York, NY, USA},
 keywords = {Web-based techniques, assessments, large enrollment, mastery learning, non-majors},
}

@inproceedings{Urban-Lurain:1999:LIU:299649.299738,
 author = {Urban-Lurain, Mark and Weinshank, Donald J.},
 title = {\&Ldquo;I Do and I Understand\&Rdquo;: Mastery Model Learning for a Large Non-major Course},
 booktitle = {The Proceedings of the Thirtieth SIGCSE Technical Symposium on Computer Science Education},
 series = {SIGCSE '99},
 year = {1999},
 isbn = {1-58113-085-6},
 location = {New Orleans, Louisiana, USA},
 pages = {150--154},
 numpages = {5},
 url = {http://doi.acm.org/10.1145/299649.299738},
 doi = {10.1145/299649.299738},
 acmid = {299738},
 publisher = {ACM},
 address = {New York, NY, USA},
 keywords = {Web-based techniques, assessments, large enrollment, mastery learning, non-majors},
}

@inproceedings{Dommeti:2017:AEB:3051457.3053992,
 author = {Dommeti, Vijaya and Selent, Douglas},
 title = {Applying and Exploring Bayesian Hypothesis Testing for Large Scale Experimentation in Online Tutoring Systems},
 booktitle = {Proceedings of the Fourth (2017) ACM Conference on Learning @ Scale},
 series = {L@S '17},
 year = {2017},
 isbn = {978-1-4503-4450-0},
 location = {Cambridge, Massachusetts, USA},
 pages = {229--232},
 numpages = {4},
 url = {http://doi.acm.org/10.1145/3051457.3053992},
 doi = {10.1145/3051457.3053992},
 acmid = {3053992},
 publisher = {ACM},
 address = {New York, NY, USA},
 keywords = {assistments, bayesian hypothesis testing, large scale experimentation, randomized controlled trials},
}

@article{Martin:2003:CCR:782941.782945,
 author = {Martin, C. Dianne},
 title = {Computing Curricula 2001: Reverse Engineering a Computer Science Curriculum (Part 2)},
 journal = {SIGCSE Bull.},
 issue_date = {June 2003},
 volume = {35},
 number = {2},
 month = jun,
 year = {2003},
 issn = {0097-8418},
 pages = {9--10},
 numpages = {2},
 url = {http://doi.acm.org/10.1145/782941.782945},
 doi = {10.1145/782941.782945},
 acmid = {782945},
 publisher = {ACM},
 address = {New York, NY, USA},
}

@inproceedings{Doran:1992:ILU:503720.503774,
 author = {Doran, Michael V. and Benson, Timothy C. and Longenecker,Jr., Herbert E.},
 title = {Improved Learning by Use of a Video Knowledge-base},
 booktitle = {Proceedings of the 30th Annual Southeast Regional Conference},
 series = {ACM-SE 30},
 year = {1992},
 isbn = {0-89791-506-2},
 location = {Raleigh, North Carolina},
 pages = {429--432},
 numpages = {4},
 url = {http://doi.acm.org/10.1145/503720.503774},
 doi = {10.1145/503720.503774},
 acmid = {503774},
 publisher = {ACM},
 address = {New York, NY, USA},
 keywords = {CS curriculum development, educational media, expert systems, group/peer tutoring, intelligent tutoring, knowledge-based systems, programming environments},
}

@article{Koppelaar:1977:GDG:1102766.1102768,
 author = {Koppelaar, Henk},
 title = {Geometric Distribution Generator},
 journal = {SIGSIM Simul. Dig.},
 issue_date = {April 1977},
 volume = {8},
 number = {3},
 month = apr,
 year = {1977},
 issn = {0163-6103},
 pages = {15--16},
 numpages = {2},
 url = {http://doi.acm.org/10.1145/1102766.1102768},
 doi = {10.1145/1102766.1102768},
 acmid = {1102768},
 publisher = {ACM},
 address = {New York, NY, USA},
}

@article{Kaltenbach:2001:CBV:381234.381243,
 author = {Kaltenbach, Marc and Guo, Rubiao},
 title = {A Curriculum Based Visual Interface for Course Authoring and Learning},
 journal = {SIGCUE Outlook},
 issue_date = {March 2001},
 volume = {27},
 number = {2},
 month = mar,
 year = {2001},
 issn = {0163-5735},
 pages = {37--45},
 numpages = {9},
 url = {http://doi.acm.org/10.1145/381234.381243},
 doi = {10.1145/381234.381243},
 acmid = {381243},
 publisher = {ACM},
 address = {New York, NY, USA},
 keywords = {capability transition network, creating alternative courses, curriculum based Intelligent Tutoring Systems, visual navigation in learning processes, visualizing the learning process},
}

@inproceedings{Booth:2007:CPI:1324302.1324336,
 author = {Booth, Larry and Preston, Jon and Qu, Junfeng},
 title = {Continuous Program Improvement: A Project to Automate Record-keeping for Accreditation},
 booktitle = {Proceedings of the 8th ACM SIGITE Conference on Information Technology Education},
 series = {SIGITE '07},
 year = {2007},
 isbn = {978-1-59593-920-3},
 location = {Destin, Florida, USA},
 pages = {155--160},
 numpages = {6},
 url = {http://doi.acm.org/10.1145/1324302.1324336},
 doi = {10.1145/1324302.1324336},
 acmid = {1324336},
 publisher = {ACM},
 address = {New York, NY, USA},
 keywords = {IT accreditation, continuous program improvement, database design},
}

@inproceedings{dePontes:2019:AGI:3287324.3287367,
 author = {de Pontes, Rafael G. and Guerrero, Dalton D. S. and de Figueiredo, Jorge C. A.},
 title = {Analyzing Gamification Impact on a Mastery Learning Introductory Programming Course},
 booktitle = {Proceedings of the 50th ACM Technical Symposium on Computer Science Education},
 series = {SIGCSE '19},
 year = {2019},
 isbn = {978-1-4503-5890-3},
 location = {Minneapolis, MN, USA},
 pages = {400--406},
 numpages = {7},
 url = {http://doi.acm.org/10.1145/3287324.3287367},
 doi = {10.1145/3287324.3287367},
 acmid = {3287367},
 publisher = {ACM},
 address = {New York, NY, USA},
 keywords = {badge, education, gamification, leaderboard, mastery learning, programming},
}

@article{Walker:2007:RCW:1272848.1272858,
 author = {Walker, Henry M.},
 title = {Reading and Class Work},
 journal = {SIGCSE Bull.},
 issue_date = {June 2007},
 volume = {39},
 number = {2},
 month = jun,
 year = {2007},
 issn = {0097-8418},
 pages = {13--14},
 numpages = {2},
 url = {http://doi.acm.org/10.1145/1272848.1272858},
 doi = {10.1145/1272848.1272858},
 acmid = {1272858},
 publisher = {ACM},
 address = {New York, NY, USA},
}

@inproceedings{Passig:2003:MTF:857097.857125,
 author = {Passig, David and Margaliot, Adva},
 title = {A Model for Training Future Science Teachers to Master the Cognitive Skill Melioration with ICT},
 booktitle = {Proceedings of the 3.1 and 3.3 Working Groups Conference on International Federation for Information Processing: ICT and the Teacher of the Future - Volume 23},
 series = {CRPIT '03},
 year = {2003},
 isbn = {1-920682-02-3},
 location = {Melbourne, Australia},
 pages = {93--96},
 numpages = {4},
 url = {http://dl.acm.org/citation.cfm?id=857097.857125},
 acmid = {857125},
 publisher = {Australian Computer Society, Inc.},
 address = {Darlinghurst, Australia, Australia},
 keywords = {future, melioration, pre-service training, science teaching, thinking-skill},
}

@article{Lister:2012:CSB:2189835.2189840,
 author = {Lister, Raymond},
 title = {The CC2013 Strawman and Bloom's Taxonomy},
 journal = {ACM Inroads},
 issue_date = {June 2012},
 volume = {3},
 number = {2},
 month = jun,
 year = {2012},
 issn = {2153-2184},
 pages = {12--13},
 numpages = {2},
 url = {http://doi.acm.org/10.1145/2189835.2189840},
 doi = {10.1145/2189835.2189840},
 acmid = {2189840},
 publisher = {ACM},
 address = {New York, NY, USA},
}

@inproceedings{Abadia:2018:SFE:3290511.3290558,
 author = {Abadia, Rhodora and Calvert, James and Tauseef, Syed Mohammad},
 title = {Salient Features of an Effective Immersive Non-collaborative Virtual Reality Learning Environment},
 booktitle = {Proceedings of the 10th International Conference on Education Technology and Computers},
 series = {ICETC '18},
 year = {2018},
 isbn = {978-1-4503-6517-8},
 location = {Tokyo, Japan},
 pages = {268--278},
 numpages = {11},
 url = {http://doi.acm.org/10.1145/3290511.3290558},
 doi = {10.1145/3290511.3290558},
 acmid = {3290558},
 publisher = {ACM},
 address = {New York, NY, USA},
 keywords = {immersive learning environment, salient features, technology in education, virtual reality learning environment},
}

@article{Ardis:2009:SEE:1640162.1655273,
 author = {Ardis, Mark A. and Henderson, Peter B.},
 title = {Software Engineering Education (SEEd)},
 journal = {SIGSOFT Softw. Eng. Notes},
 issue_date = {November 2009},
 volume = {34},
 number = {6},
 month = dec,
 year = {2009},
 issn = {0163-5948},
 pages = {5--8},
 numpages = {4},
 url = {http://doi.acm.org/10.1145/1640162.1655273},
 doi = {10.1145/1640162.1655273},
 acmid = {1655273},
 publisher = {ACM},
 address = {New York, NY, USA},
}

@article{Lister:2001:OOA:366413.364605,
 author = {Lister, Raymond},
 title = {Objectives and Objective Assessment in CS1},
 journal = {SIGCSE Bull.},
 issue_date = {March 2001},
 volume = {33},
 number = {1},
 month = feb,
 year = {2001},
 issn = {0097-8418},
 pages = {292--296},
 numpages = {5},
 url = {http://doi.acm.org/10.1145/366413.364605},
 doi = {10.1145/366413.364605},
 acmid = {364605},
 publisher = {ACM},
 address = {New York, NY, USA},
}

@inproceedings{Lister:2001:OOA:364447.364605,
 author = {Lister, Raymond},
 title = {Objectives and Objective Assessment in CS1},
 booktitle = {Proceedings of the Thirty-second SIGCSE Technical Symposium on Computer Science Education},
 series = {SIGCSE '01},
 year = {2001},
 isbn = {1-58113-329-4},
 location = {Charlotte, North Carolina, USA},
 pages = {292--296},
 numpages = {5},
 url = {http://doi.acm.org/10.1145/364447.364605},
 doi = {10.1145/364447.364605},
 acmid = {364605},
 publisher = {ACM},
 address = {New York, NY, USA},
}

@inproceedings{Whalley:2013:RMH:2667199.2667207,
 author = {Whalley, Jacqueline and Kasto, Nadia},
 title = {Revisiting Models of Human Conceptualisation in the Context of a Programming Examination},
 booktitle = {Proceedings of the Fifteenth Australasian Computing Education Conference - Volume 136},
 series = {ACE '13},
 year = {2013},
 isbn = {978-1-921770-21-0},
 location = {Adelaide, Australia},
 pages = {67--76},
 numpages = {10},
 url = {http://dl.acm.org/citation.cfm?id=2667199.2667207},
 acmid = {2667207},
 publisher = {Australian Computer Society, Inc.},
 address = {Darlinghurst, Australia, Australia},
 keywords = {Bloom's taxonomy, SOLO, block model, code comprehension, novice programmers},
}

@inproceedings{Ezell:2016:PIL:2890602.2890621,
 author = {Ezell, Jeremy D. and Lending, Diane and Kruck, S.E. and Dillon, Thomas W. and May, Jeffrey L.},
 title = {A Plan to Improve Learning of Requirements Elicitation in an IS Curriculum},
 booktitle = {Proceedings of the 2016 ACM SIGMIS Conference on Computers and People Research},
 series = {SIGMIS-CPR '16},
 year = {2016},
 isbn = {978-1-4503-4203-2},
 location = {Alexandria, Virginia, USA},
 pages = {31--31},
 numpages = {1},
 url = {http://doi.acm.org/10.1145/2890602.2890621},
 doi = {10.1145/2890602.2890621},
 acmid = {2890621},
 publisher = {ACM},
 address = {New York, NY, USA},
 keywords = {is curriculum, requirements elicitation, systems development},
}

@inproceedings{Box:2003:AAE:858403.858422,
 author = {Box, Ilona},
 title = {Assessing the Assessment: An Empirical Study of an Information Systems Development Subject},
 booktitle = {Proceedings of the Fifth Australasian Conference on Computing Education - Volume 20},
 series = {ACE '03},
 year = {2003},
 isbn = {0-909925-98-4},
 location = {Adelaide, Australia},
 pages = {149--158},
 numpages = {10},
 url = {http://dl.acm.org/citation.cfm?id=858403.858422},
 acmid = {858422},
 publisher = {Australian Computer Society, Inc.},
 address = {Darlinghurst, Australia, Australia},
 keywords = {assessment validity and reliability, course objectives, formative assessment and evaluation, information systems teaching and education},
}

@inproceedings{Summons:1997:AAM:299359.299385,
 author = {Summons, Peter and Coldwell, Jo and Bruff, Christine and Henskens, Frans},
 title = {Automated Assessment and Marking of Spreadsheet Concepts},
 booktitle = {Proceedings of the 2Nd Australasian Conference on Computer Science Education},
 series = {ACSE '97},
 year = {1996},
 isbn = {0-89791-958-0},
 location = {The Univ. of Melbourne, Australia},
 pages = {178--184},
 numpages = {7},
 url = {http://doi.acm.org/10.1145/299359.299385},
 doi = {10.1145/299359.299385},
 acmid = {299385},
 publisher = {ACM},
 address = {New York, NY, USA},
}

@inproceedings{Acton:2011:MEA:1989622.1989636,
 author = {Acton, Donald},
 title = {What Does 50% Mean?},
 booktitle = {Proceedings of the 16th Western Canadian Conference on Computing Education},
 series = {WCCCE '11},
 year = {2011},
 isbn = {978-1-4503-0792-5},
 location = {Prince George, British Columbia, Canada},
 pages = {47--51},
 numpages = {5},
 url = {http://doi.acm.org/10.1145/1989622.1989636},
 doi = {10.1145/1989622.1989636},
 acmid = {1989636},
 publisher = {ACM},
 address = {New York, NY, USA},
 keywords = {BRACELet, grading schemes, learning outcomes},
}

@article{Walker:2014:SSW:2684721.2667232,
 author = {Walker, Henry M.},
 title = {Structuring Student Work},
 journal = {ACM Inroads},
 issue_date = {December 2014},
 volume = {5},
 number = {4},
 month = dec,
 year = {2014},
 issn = {2153-2184},
 pages = {30--33},
 numpages = {4},
 url = {http://doi.acm.org/10.1145/2667232},
 doi = {10.1145/2667232},
 acmid = {2667232},
 publisher = {ACM},
 address = {New York, NY, USA},
}

@inproceedings{Simon:2011:WRC:2459936.2459942,
 author = {Simon},
 title = {Wrong is a Relative Concept: Part Marks for Multiple-choice Questions},
 booktitle = {Proceedings of the Thirteenth Australasian Computing Education Conference - Volume 114},
 series = {ACE '11},
 year = {2011},
 isbn = {978-1-920682-94-1},
 location = {Perth, Australia},
 pages = {47--54},
 numpages = {8},
 url = {http://dl.acm.org/citation.cfm?id=2459936.2459942},
 acmid = {2459942},
 publisher = {Australian Computer Society, Inc.},
 address = {Darlinghurst, Australia, Australia},
 keywords = {assessment, computing education, introductory programming, multiple choice},
}

@article{Johnson:2012:ARB:2382887.2382924,
 author = {Johnson, G. and Gaspar, A. and Boyer, N. and Bennett, C. and Armitage, W.},
 title = {Applying the Revised Bloom's Taxonomy of the Cognitive Domain to Linux System Administration Assessments},
 journal = {J. Comput. Sci. Coll.},
 issue_date = {December 2012},
 volume = {28},
 number = {2},
 month = dec,
 year = {2012},
 issn = {1937-4771},
 pages = {238--247},
 numpages = {10},
 url = {http://dl.acm.org/citation.cfm?id=2382887.2382924},
 acmid = {2382924},
 publisher = {Consortium for Computing Sciences in Colleges},
 address = {USA},
}

@article{Oliver:2015:PLL:2822373.2816976,
 author = {Oliver, Kevin and Kennedy, Kathryn and Hibbard, Laura and Swan, Bonnie and Clark, Tom and LaFrance, Jason and Oglesby, Jonathan},
 title = {Personalization of Learning: Lessons from RTT-D Winners},
 journal = {eLearn},
 issue_date = {09-01-2015},
 volume = {2015},
 number = {September},
 month = sep,
 year = {2015},
 issn = {1535-394X},
 articleno = {1},
 url = {http://doi.acm.org/10.1145/2822373.2816976},
 doi = {10.1145/2822373.2816976},
 acmid = {2816976},
 publisher = {ACM},
 address = {New York, NY, USA},
}

@inproceedings{Lister:2000:BFY:359369.359393,
 author = {Lister, Raymond},
 title = {On Blooming First Year Programming, and Its Blooming Assessment},
 booktitle = {Proceedings of the Australasian Conference on Computing Education},
 series = {ACSE '00},
 year = {2000},
 isbn = {1-58113-271-9},
 location = {Melbourne, Australia},
 pages = {158--162},
 numpages = {5},
 url = {http://doi.acm.org/10.1145/359369.359393},
 doi = {10.1145/359369.359393},
 acmid = {359393},
 publisher = {ACM},
 address = {New York, NY, USA},
}

@inproceedings{Cassel:1974:UCR:1500175.1500323,
 author = {Cassel, Russell N.},
 title = {Use of Computer in Relation to Critical Guidance Factors},
 booktitle = {Proceedings of the May 6-10, 1974, National Computer Conference and Exposition},
 series = {AFIPS '74},
 year = {1974},
 location = {Chicago, Illinois},
 pages = {791--797},
 numpages = {7},
 url = {http://doi.acm.org/10.1145/1500175.1500323},
 doi = {10.1145/1500175.1500323},
 acmid = {1500323},
 publisher = {ACM},
 address = {New York, NY, USA},
}

@article{Herrmann:2003:RIC:792548.611967,
 author = {Herrmann, Nira and Popyack, Jeffrey L. and Char, Bruce and Zoski, Paul and Cera, Christopher D. and Lass, Robert N. and Nanjappa, Aparna},
 title = {Redesigning Introductory Computer Programming Using Multi-level Online Modules for a Mixed Audience},
 journal = {SIGCSE Bull.},
 issue_date = {January 2003},
 volume = {35},
 number = {1},
 month = jan,
 year = {2003},
 issn = {0097-8418},
 pages = {196--200},
 numpages = {5},
 url = {http://doi.acm.org/10.1145/792548.611967},
 doi = {10.1145/792548.611967},
 acmid = {611967},
 publisher = {ACM},
 address = {New York, NY, USA},
 keywords = {CS1, cooperative learning, course management systems, hybrid courses, online course work, pedagogy},
}

@inproceedings{Herrmann:2003:RIC:611892.611967,
 author = {Herrmann, Nira and Popyack, Jeffrey L. and Char, Bruce and Zoski, Paul and Cera, Christopher D. and Lass, Robert N. and Nanjappa, Aparna},
 title = {Redesigning Introductory Computer Programming Using Multi-level Online Modules for a Mixed Audience},
 booktitle = {Proceedings of the 34th SIGCSE Technical Symposium on Computer Science Education},
 series = {SIGCSE '03},
 year = {2003},
 isbn = {1-58113-648-X},
 location = {Reno, Navada, USA},
 pages = {196--200},
 numpages = {5},
 url = {http://doi.acm.org/10.1145/611892.611967},
 doi = {10.1145/611892.611967},
 acmid = {611967},
 publisher = {ACM},
 address = {New York, NY, USA},
 keywords = {CS1, cooperative learning, course management systems, hybrid courses, online course work, pedagogy},
}

@Article{2012:2189835,
 journal = {ACM Inroads},
 year = {2012},
 issn = {2153-2184},
 volume = {3},
 number = {2},
 issue_date = {June 2012},
 publisher = {ACM},
 address = {New York, NY, USA},
key = {{$\!\!$}} ,
}

@article{Clear:2008:TIA:1473195.1473201,
 author = {Clear, Tony},
 title = {Thinking Issues: Assessment in Computing Education: Measuring Performance or Conformance?},
 journal = {SIGCSE Bull.},
 issue_date = {December 2008},
 volume = {40},
 number = {4},
 month = nov,
 year = {2008},
 issn = {0097-8418},
 pages = {13--15},
 numpages = {3},
 url = {http://doi.acm.org/10.1145/1473195.1473201},
 doi = {10.1145/1473195.1473201},
 acmid = {1473201},
 publisher = {ACM},
 address = {New York, NY, USA},
}

@inproceedings{Rainer:2014:SIM:2647868.2654938,
 author = {Rainer, Benjamin and Timmerer, Christian},
 title = {Self-Organized Inter-Destination Multimedia Synchronization For Adaptive Media Streaming},
 booktitle = {Proceedings of the 22Nd ACM International Conference on Multimedia},
 series = {MM '14},
 year = {2014},
 isbn = {978-1-4503-3063-3},
 location = {Orlando, Florida, USA},
 pages = {327--336},
 numpages = {10},
 url = {http://doi.acm.org/10.1145/2647868.2654938},
 doi = {10.1145/2647868.2654938},
 acmid = {2654938},
 publisher = {ACM},
 address = {New York, NY, USA},
 keywords = {adaptive media streaming, dynamic adaptive streaming over http, inter-destination multimedia synchronization, quality of experience, self-organization},
}

@article{Burgess:2005:IPB:1088791.1088796,
 author = {Burgess, Gerald Alan},
 title = {Introduction to Programming: Blooming in America},
 journal = {J. Comput. Sci. Coll.},
 issue_date = {October 2005},
 volume = {21},
 number = {1},
 month = oct,
 year = {2005},
 issn = {1937-4771},
 pages = {19--28},
 numpages = {10},
 url = {http://dl.acm.org/citation.cfm?id=1088791.1088796},
 acmid = {1088796},
 publisher = {Consortium for Computing Sciences in Colleges},
 address = {USA},
 keywords = {CS1, bloom, criterion-referencing, grading, programming},
}

@inproceedings{Wan:2017:ODT:3051457.3053983,
 author = {Wan, Hao and Beck, Joseph E.},
 title = {One Decision Tree is Enough to Make Customization},
 booktitle = {Proceedings of the Fourth (2017) ACM Conference on Learning @ Scale},
 series = {L@S '17},
 year = {2017},
 isbn = {978-1-4503-4450-0},
 location = {Cambridge, Massachusetts, USA},
 pages = {193--196},
 numpages = {4},
 url = {http://doi.acm.org/10.1145/3051457.3053983},
 doi = {10.1145/3051457.3053983},
 acmid = {3053983},
 publisher = {ACM},
 address = {New York, NY, USA},
 keywords = {customization, decision tree, treatment effect},
}

@inproceedings{Lister:2005:OSS:1082424.1082444,
 author = {Lister, Raymond},
 title = {One Small Step Toward a Culture of Peer Review and Multi-institutional Sharing of Educational Resources: A Multiple Choice Exam for First Semester Programming Students},
 booktitle = {Proceedings of the 7th Australasian Conference on Computing Education - Volume 42},
 series = {ACE '05},
 year = {2005},
 isbn = {1-920682-24-4},
 location = {Newcastle, New South Wales, Australia},
 pages = {155--164},
 numpages = {10},
 url = {http://dl.acm.org/citation.cfm?id=1082424.1082444},
 acmid = {1082444},
 publisher = {Australian Computer Society, Inc.},
 address = {Darlinghurst, Australia, Australia},
 keywords = {CS1, digital library, introductory programming, java, multiple-choice question, peer review},
}

@article{Lee:2003:LL:782941.782947,
 author = {Lee, John A. N.},
 title = {"Lee's Law"},
 journal = {SIGCSE Bull.},
 issue_date = {June 2003},
 volume = {35},
 number = {2},
 month = jun,
 year = {2003},
 issn = {0097-8418},
 pages = {10--12},
 numpages = {3},
 url = {http://doi.acm.org/10.1145/782941.782947},
 doi = {10.1145/782941.782947},
 acmid = {782947},
 publisher = {ACM},
 address = {New York, NY, USA},
}

@inproceedings{Hoda:2014:TUW:2667490.2667509,
 author = {Hoda, Rashina and Andreae, Peter},
 title = {It's Not Them, It's Us! Why Computer Science Fails to Impress Many First Years},
 booktitle = {Proceedings of the Sixteenth Australasian Computing Education Conference - Volume 148},
 series = {ACE '14},
 year = {2014},
 isbn = {978-1-921770-31-9},
 location = {Auckland, New Zealand},
 pages = {159--162},
 numpages = {4},
 url = {http://dl.acm.org/citation.cfm?id=2667490.2667509},
 acmid = {2667509},
 publisher = {Australian Computer Society, Inc.},
 address = {Darlinghurst, Australia, Australia},
 keywords = {LEM theory, attrition and failure rates, computer science, first year course, software engineering},
}

@article{Bederson:2015:IOL:2744768.2737794,
 editor = {Bederson, Benjamin B. and Russell, Daniel M. and Klemmer, Scott},
 title = {Introduction to Online Learning at Scale},
 journal = {ACM Trans. Comput.-Hum. Interact.},
 issue_date = {April 2015},
 volume = {22},
 number = {2},
 month = apr,
 year = {2015},
 issn = {1073-0516},
 pages = {5:1--5:3},
 articleno = {5},
 numpages = {3},
 url = {http://doi.acm.org/10.1145/2737794},
 doi = {10.1145/2737794},
 acmid = {2737794},
 publisher = {ACM},
 address = {New York, NY, USA},
}

@inproceedings{Ndiyae:2019:RSD:3314074.3314089,
 author = {Ndiyae, Ndeye Massata and Chaabi, Youness and Lekdioui, Khadija and Lishou, Claude},
 title = {Recommending System for Digital Educational Resources Based on Learning Analysis},
 booktitle = {Proceedings of the New Challenges in Data Sciences: Acts of the Second Conference of the Moroccan Classification Society},
 series = {SMC '19},
 year = {2019},
 isbn = {978-1-4503-6129-3},
 location = {Kenitra, Morocco},
 pages = {15:1--15:6},
 articleno = {15},
 numpages = {6},
 url = {http://doi.acm.org/10.1145/3314074.3314089},
 doi = {10.1145/3314074.3314089},
 acmid = {3314089},
 publisher = {ACM},
 address = {New York, NY, USA},
 keywords = {E-Learning, learner profil, recommendation system, trace analyses},
}

@article{Deterding:2012:GDM:2212877.2212883,
 author = {Deterding, Sebastian},
 title = {Gamification: Designing for Motivation},
 journal = {Interactions},
 issue_date = {July + August 2012},
 volume = {19},
 number = {4},
 month = jul,
 year = {2012},
 issn = {1072-5520},
 pages = {14--17},
 numpages = {4},
 url = {http://doi.acm.org/10.1145/2212877.2212883},
 doi = {10.1145/2212877.2212883},
 acmid = {2212883},
 publisher = {ACM},
 address = {New York, NY, USA},
}

@inproceedings{Buffardi:2014:ASM:2556325.2567861,
 author = {Buffardi, Kevin and Edwards, Stephen H.},
 title = {Adaptive and Social Mechanisms for Automated Improvement of eLearning Materials},
 booktitle = {Proceedings of the First ACM Conference on Learning @ Scale Conference},
 series = {L@S '14},
 year = {2014},
 isbn = {978-1-4503-2669-8},
 location = {Atlanta, Georgia, USA},
 pages = {165--166},
 numpages = {2},
 url = {http://doi.acm.org/10.1145/2556325.2567861},
 doi = {10.1145/2556325.2567861},
 acmid = {2567861},
 publisher = {ACM},
 address = {New York, NY, USA},
 keywords = {active learning, adaptive feedback, automated assessment, computer-supported cooperative learning (cscl), internet-scale data, item response theory, social constructivism},
}

@inproceedings{Duran:2017:TFA:3105726.3105731,
 author = {Duran, Rodrigo},
 title = {Towards a Fine-grained Analysis of Complexity of Programming Tasks},
 booktitle = {Proceedings of the 2017 ACM Conference on International Computing Education Research},
 series = {ICER '17},
 year = {2017},
 isbn = {978-1-4503-4968-0},
 location = {Tacoma, Washington, USA},
 pages = {271--272},
 numpages = {2},
 url = {http://doi.acm.org/10.1145/3105726.3105731},
 doi = {10.1145/3105726.3105731},
 acmid = {3105731},
 publisher = {ACM},
 address = {New York, NY, USA},
 keywords = {Neo-Piagetian stages, model of hierarchical complexity, task complexity},
}

@inproceedings{Murray:1996:SPO:1161135.1161167,
 author = {Murray, Tom},
 title = {Special Purpose Ontologies and the Representation of Pedagogical Knowledge},
 booktitle = {Proceedings of the 1996 International Conference on Learning Sciences},
 series = {ICLS '96},
 year = {1996},
 isbn = {1-880094-23-1},
 location = {Evanston, Illinois},
 pages = {235--242},
 numpages = {8},
 url = {http://dl.acm.org/citation.cfm?id=1161135.1161167},
 acmid = {1161167},
 publisher = {International Society of the Learning Sciences},
}

@inproceedings{Petersen:2011:RCE:1953163.1953340,
 author = {Petersen, Andrew and Craig, Michelle and Zingaro, Daniel},
 title = {Reviewing CS1 Exam Question Content},
 booktitle = {Proceedings of the 42Nd ACM Technical Symposium on Computer Science Education},
 series = {SIGCSE '11},
 year = {2011},
 isbn = {978-1-4503-0500-6},
 location = {Dallas, TX, USA},
 pages = {631--636},
 numpages = {6},
 url = {http://doi.acm.org/10.1145/1953163.1953340},
 doi = {10.1145/1953163.1953340},
 acmid = {1953340},
 publisher = {ACM},
 address = {New York, NY, USA},
 keywords = {CS1, exams, novice programming},
}

@article{Fuller:2007:DCS:1345375.1345438,
 author = {Fuller, Ursula and Johnson, Colin G. and Ahoniemi, Tuukka and Cukierman, Diana and Hern\'{a}n-Losada, Isidoro and Jackova, Jana and Lahtinen, Essi and Lewis, Tracy L. and Thompson, Donna McGee and Riedesel, Charles and Thompson, Errol},
 title = {Developing a Computer Science-specific Learning Taxonomy},
 journal = {SIGCSE Bull.},
 issue_date = {December 2007},
 volume = {39},
 number = {4},
 month = dec,
 year = {2007},
 issn = {0097-8418},
 pages = {152--170},
 numpages = {19},
 url = {http://doi.acm.org/10.1145/1345375.1345438},
 doi = {10.1145/1345375.1345438},
 acmid = {1345438},
 publisher = {ACM},
 address = {New York, NY, USA},
 keywords = {assessment, benchmarking, computer science education, credit transfer, curricula, taxonomies of learning},
}

@inproceedings{Fuller:2007:DCS:1345443.1345438,
 author = {Fuller, Ursula and Johnson, Colin G. and Ahoniemi, Tuukka and Cukierman, Diana and Hern\'{a}n-Losada, Isidoro and Jackova, Jana and Lahtinen, Essi and Lewis, Tracy L. and Thompson, Donna McGee and Riedesel, Charles and Thompson, Errol},
 title = {Developing a Computer Science-specific Learning Taxonomy},
 booktitle = {Working Group Reports on ITiCSE on Innovation and Technology in Computer Science Education},
 series = {ITiCSE-WGR '07},
 year = {2007},
 location = {Dundee, Scotland},
 pages = {152--170},
 numpages = {19},
 url = {http://doi.acm.org/10.1145/1345443.1345438},
 doi = {10.1145/1345443.1345438},
 acmid = {1345438},
 publisher = {ACM},
 address = {New York, NY, USA},
 keywords = {assessment, benchmarking, computer science education, credit transfer, curricula, taxonomies of learning},
}

@inproceedings{Jimenez:1995:CSC:223355.223475,
 author = {Jimenez, Saul},
 title = {A Computer Science Community Service Project},
 booktitle = {Conference Companion on Human Factors in Computing Systems},
 series = {CHI '95},
 year = {1995},
 isbn = {0-89791-755-3},
 location = {Denver, Colorado, USA},
 pages = {151--152},
 numpages = {2},
 url = {http://doi.acm.org/10.1145/223355.223475},
 doi = {10.1145/223355.223475},
 acmid = {223475},
 publisher = {ACM},
 address = {New York, NY, USA},
}

@article{Tannenbaum:2001:LIP:363984.367871,
 author = {Tannenbaum, Robert S.},
 title = {Learner Interactivity and Production Complexity in Computer-based Instructional Materials},
 journal = {Ubiquity},
 issue_date = {February 1 - February 28, 2001},
 volume = {2001},
 number = {February},
 month = jan,
 year = {2001},
 issn = {1530-2180},
 articleno = {5},
 url = {http://doi.acm.org/10.1145/363984.367871},
 doi = {10.1145/363984.367871},
 acmid = {367871},
 publisher = {ACM},
 address = {New York, NY, USA},
}

@inproceedings{Kolas:2017:LTC:3162087.3162090,
 author = {Kol{\aa}s, Line and Munkvold, Robin Isfold},
 title = {Learning Through Construction: A Roller Coaster Ride of Academic Emotions?},
 booktitle = {Proceedings of the 6th Computer Science Education Research Conference},
 series = {CSERC '17},
 year = {2017},
 isbn = {978-1-4503-6338-9},
 location = {Helsinki, Finland},
 pages = {10--19},
 numpages = {10},
 url = {http://doi.acm.org/10.1145/3162087.3162090},
 doi = {10.1145/3162087.3162090},
 acmid = {3162090},
 publisher = {ACM},
 address = {New York, NY, USA},
 keywords = {Project work, academic emotions, learning through construction},
}

@article{Cuny:2015:TKC:2846537.2832916,
 author = {Cuny, Jan},
 title = {Transforming K-12 Computing Education: AP\&Reg; Computer Science Principles},
 journal = {ACM Inroads},
 issue_date = {December 2015},
 volume = {6},
 number = {4},
 month = nov,
 year = {2015},
 issn = {2153-2184},
 pages = {58--59},
 numpages = {2},
 url = {http://doi.acm.org/10.1145/2832916},
 doi = {10.1145/2832916},
 acmid = {2832916},
 publisher = {ACM},
 address = {New York, NY, USA},
}

@inproceedings{Pharr:2009:PPD:1562877.1562947,
 author = {Pharr, Walter M. and Starr, Christopher W. and Starr, Caroline S.},
 title = {Paired Professional Development: A Methodology for Continued Professional Development in Computer Science},
 booktitle = {Proceedings of the 14th Annual ACM SIGCSE Conference on Innovation and Technology in Computer Science Education},
 series = {ITiCSE '09},
 year = {2009},
 isbn = {978-1-60558-381-5},
 location = {Paris, France},
 pages = {218--222},
 numpages = {5},
 url = {http://doi.acm.org/10.1145/1562877.1562947},
 doi = {10.1145/1562877.1562947},
 acmid = {1562947},
 publisher = {ACM},
 address = {New York, NY, USA},
 keywords = {collaborative learning, high-impact educational practices, professional development, study groups},
}

@article{Pharr:2009:PPD:1595496.1562947,
 author = {Pharr, Walter M. and Starr, Christopher W. and Starr, Caroline S.},
 title = {Paired Professional Development: A Methodology for Continued Professional Development in Computer Science},
 journal = {SIGCSE Bull.},
 issue_date = {September 2009},
 volume = {41},
 number = {3},
 month = jul,
 year = {2009},
 issn = {0097-8418},
 pages = {218--222},
 numpages = {5},
 url = {http://doi.acm.org/10.1145/1595496.1562947},
 doi = {10.1145/1595496.1562947},
 acmid = {1562947},
 publisher = {ACM},
 address = {New York, NY, USA},
 keywords = {collaborative learning, high-impact educational practices, professional development, study groups},
}

@techreport{Adcock:2009:CGG:2593248,
 author = {Adcock, Rick and Alef, Edward and Amato, Bruce and Ardis, Mark and Bernstein, Larry and Boehm, Barry and Bourque, Pierre and Brackett, John and Cantor, Murray and Cassel, Lillian and Edson, Robert and Fairley, Richard and Frailey, Dennis and Hafen, Gary and Hilburn, Thomas and Hislop, Greg and Klappholz, David and Kruchten, Philippe and Laplante, Phil and Li, Qiaoyun (Liz) and Lucero, Scott and McDermid, John and McDonald, James and McDuffie, Ernest and Michael, Bret and Milam, William and Nidiffer, Ken and Pyster, Art and Robitaille, Paul and Shaw, Mary and Sheard, Sarah and Suritis, Robert and Towhidnejad, Massood and Thayer, Richard and Thompson, J. Barrie and Travassos, Guilherme and Turner, Richard and Urban, Joseph and Valerdi, Ricardo and Vikman, Osmo and Weiss, David and Willshire, Mary Jane},
 title = {Curriculum Guidelines for Graduate Degree Programs in Software Engineering},
 year = {2009},
 publisher = {ACM},
 address = {New York, NY, USA},
}

@inproceedings{Sahakian:2012:ALM:2390665.2390689,
 author = {Sahakian, Sam and Snyder, Benjamin},
 title = {Automatically Learning Measures of Child Language Development},
 booktitle = {Proceedings of the 50th Annual Meeting of the Association for Computational Linguistics: Short Papers - Volume 2},
 series = {ACL '12},
 year = {2012},
 location = {Jeju Island, Korea},
 pages = {95--99},
 numpages = {5},
 url = {http://dl.acm.org/citation.cfm?id=2390665.2390689},
 acmid = {2390689},
 publisher = {Association for Computational Linguistics},
 address = {Stroudsburg, PA, USA},
}

@inproceedings{Indzhov:2010:SFM:1839379.1839445,
 author = {Indzhov, Hristo and Sokolova, Mariana and Totkov, George},
 title = {A Software Frame for Modelling and Runtime Control of Adaptive Testing},
 booktitle = {Proceedings of the 11th International Conference on Computer Systems and Technologies and Workshop for PhD Students in Computing on International Conference on Computer Systems and Technologies},
 series = {CompSysTech '10},
 year = {2010},
 isbn = {978-1-4503-0243-2},
 location = {Sofia, Bulgaria},
 pages = {370--375},
 numpages = {6},
 url = {http://doi.acm.org/10.1145/1839379.1839445},
 doi = {10.1145/1839379.1839445},
 acmid = {1839445},
 publisher = {ACM},
 address = {New York, NY, USA},
 keywords = {IMS classification, computer-adaptive testing, e-learning, service-oriented architecture, test question generation},
}

@inproceedings{Inventado:2015:DDP:2855321.2855336,
 author = {Inventado, Paul Salvador and Scupelli, Peter},
 title = {Data-driven Design Pattern Production: A Case Study on the ASSISTments Online Learning System},
 booktitle = {Proceedings of the 20th European Conference on Pattern Languages of Programs},
 series = {EuroPLoP '15},
 year = {2015},
 isbn = {978-1-4503-3847-9},
 location = {Kaufbeuren, Germany},
 pages = {14:1--14:13},
 articleno = {14},
 numpages = {13},
 url = {http://doi.acm.org/10.1145/2855321.2855336},
 doi = {10.1145/2855321.2855336},
 acmid = {2855336},
 publisher = {ACM},
 address = {New York, NY, USA},
 keywords = {ASSISTments, online learning systems, pattern evaluation, pattern mining, pattern prospecting, pattern writing},
}

@inproceedings{Luxton-Reilly:2018:DAD:3174781.3174784,
 author = {Luxton-Reilly, Andrew and Becker, Brett A. and Cao, Yingjun and McDermott, Roger and Mirolo, Claudio and M\"{u}hling, Andreas and Petersen, Andrew and Sanders, Kate and Simon and Whalley, Jacqueline},
 title = {Developing Assessments to Determine Mastery of Programming Fundamentals},
 booktitle = {Proceedings of the 2017 ITiCSE Conference on Working Group Reports},
 series = {ITiCSE-WGR '17},
 year = {2017},
 isbn = {978-1-4503-5627-5},
 location = {Bologna, Italy},
 pages = {47--69},
 numpages = {23},
 url = {http://doi.acm.org/10.1145/3174781.3174784},
 doi = {10.1145/3174781.3174784},
 acmid = {3174784},
 publisher = {ACM},
 address = {New York, NY, USA},
 keywords = {assessment, compound assessment, concept inventory, cs1, exam, introductory programming, iticse working group, learning, learning objectives, learning outcomes, mastery, novice programming, questions},
}

@inproceedings{Masapanta-Carrion:2019:EIC:3304221.3319748,
 author = {Masapanta-Carri\'{o}n, Susana and Vel\'{a}zquez-Iturbide, J. \'{A}ngel},
 title = {Evaluating Instructors' Classification of Programming Exercises Using the Revised Bloom's Taxonomy},
 booktitle = {Proceedings of the 2019 ACM Conference on Innovation and Technology in Computer Science Education},
 series = {ITiCSE '19},
 year = {2019},
 isbn = {978-1-4503-6301-3},
 location = {Aberdeen, Scotland Uk},
 pages = {541--547},
 numpages = {7},
 url = {http://doi.acm.org/10.1145/3304221.3319748},
 doi = {10.1145/3304221.3319748},
 acmid = {3319748},
 publisher = {ACM},
 address = {New York, NY, USA},
 keywords = {bloom's taxonomy, computing science education, instructors' training},
}

@inproceedings{Halstead-Nussloch:2014:ISS:2656450.2656459,
 author = {Halstead-Nussloch, Richard and Preston, Jon and Reichgelt, Han},
 title = {Improving Student Success Through Personalization and Customization},
 booktitle = {Proceedings of the 15th Annual Conference on Information Technology Education},
 series = {SIGITE '14},
 year = {2014},
 isbn = {978-1-4503-2686-5},
 location = {Atlanta, Georgia, USA},
 pages = {77--80},
 numpages = {4},
 url = {http://doi.acm.org/10.1145/2656450.2656459},
 doi = {10.1145/2656450.2656459},
 acmid = {2656459},
 publisher = {ACM},
 address = {New York, NY, USA},
 keywords = {competency-based programs},
}

@inproceedings{Mendes:2003:ACF:858403.858417,
 author = {Mendes, Emilia},
 title = {Applying the Cognitive Flexibility Theory to Teaching Web Engineering},
 booktitle = {Proceedings of the Fifth Australasian Conference on Computing Education - Volume 20},
 series = {ACE '03},
 year = {2003},
 isbn = {0-909925-98-4},
 location = {Adelaide, Australia},
 pages = {113--117},
 numpages = {5},
 url = {http://dl.acm.org/citation.cfm?id=858403.858417},
 acmid = {858417},
 publisher = {Australian Computer Society, Inc.},
 address = {Darlinghurst, Australia, Australia},
 keywords = {cognitive flexibility theory, teaching methods, web engineering teaching},
}

@inproceedings{Keshavabhotla:2017:CCL:3092907.3092911,
 author = {Keshavabhotla, Swarna and Williford, Blake and Kumar, Shalini and Hilton, Ethan and Taele, Paul and Li, Wayne and Linsey, Julie and Hammond, Tracy},
 title = {Conquering the Cube: Learning to Sketch Primitives in Perspective with an Intelligent Tutoring System},
 booktitle = {Proceedings of the Symposium on Sketch-Based Interfaces and Modeling},
 series = {SBIM '17},
 year = {2017},
 isbn = {978-1-4503-5079-2},
 location = {Los Angeles, California},
 pages = {2:1--2:11},
 articleno = {2},
 numpages = {11},
 url = {http://doi.acm.org/10.1145/3092907.3092911},
 doi = {10.1145/3092907.3092911},
 acmid = {3092911},
 publisher = {ACM},
 address = {New York, NY, USA},
 keywords = {art education, design education, intelligent tutoring system, sketch recognition, sketch-based interface},
}

@inproceedings{Michaud:2001:EPT:1073012.1073063,
 author = {Michaud, Lisa N. and McCoy, Kathleen F.},
 title = {Error Profiling: Toward a Model of English Acquisition for Deaf Learners},
 booktitle = {Proceedings of the 39th Annual Meeting on Association for Computational Linguistics},
 series = {ACL '01},
 year = {2001},
 location = {Toulouse, France},
 pages = {394--401},
 numpages = {8},
 url = {https://doi.org/10.3115/1073012.1073063},
 doi = {10.3115/1073012.1073063},
 acmid = {1073063},
 publisher = {Association for Computational Linguistics},
 address = {Stroudsburg, PA, USA},
}

@inproceedings{Griffin:2016:TTT:2839509.2844630,
 author = {Griffin, Jean and Pirmann, Tammy and Gray, Brent},
 title = {Two Teachers, Two Perspectives on CS Principles},
 booktitle = {Proceedings of the 47th ACM Technical Symposium on Computing Science Education},
 series = {SIGCSE '16},
 year = {2016},
 isbn = {978-1-4503-3685-7},
 location = {Memphis, Tennessee, USA},
 pages = {461--466},
 numpages = {6},
 url = {http://doi.acm.org/10.1145/2839509.2844630},
 doi = {10.1145/2839509.2844630},
 acmid = {2844630},
 publisher = {ACM},
 address = {New York, NY, USA},
 keywords = {cs principles, cs1, k-12, pck-cs, pair programming, pedagogical content knowledge, pogil},
}

@inproceedings{Stockman:2010:TPN:1867651.1867656,
 author = {Stockman, Mark and Nyland, John},
 title = {A Teaching Pedagogy for Networking/System Administration Courses: Freshman Through Senior Years},
 booktitle = {Proceedings of the 2010 ACM Conference on Information Technology Education},
 series = {SIGITE '10},
 year = {2010},
 isbn = {978-1-4503-0343-9},
 location = {Midland, Michigan, USA},
 pages = {15--20},
 numpages = {6},
 url = {http://doi.acm.org/10.1145/1867651.1867656},
 doi = {10.1145/1867651.1867656},
 acmid = {1867656},
 publisher = {ACM},
 address = {New York, NY, USA},
 keywords = {Bloom's taxonomy, courses, curriculum, hands-on, information technology, networking, systems},
}

@inproceedings{Okpo:2017:CFA:3099023.3099078,
 author = {Okpo, Juliet and Masthoff, Judith and Dennis, Matt and Beacham, Nigel},
 title = {Conceptualizing a Framework for Adaptive Exercise Selection with Personality As a Major Learner Characteristic},
 booktitle = {Adjunct Publication of the 25th Conference on User Modeling, Adaptation and Personalization},
 series = {UMAP '17},
 year = {2017},
 isbn = {978-1-4503-5067-9},
 location = {Bratislava, Slovakia},
 pages = {293--298},
 numpages = {6},
 url = {http://doi.acm.org/10.1145/3099023.3099078},
 doi = {10.1145/3099023.3099078},
 acmid = {3099078},
 publisher = {ACM},
 address = {New York, NY, USA},
 keywords = {adaptation, conceptual framework, exercise selection, learner characteristics, learning, personality},
}

@inproceedings{Lister:2003:FYP:858403.858430,
 author = {Lister, Raymond and Leaney, John},
 title = {First Year Programming: Let All the Flowers Bloom},
 booktitle = {Proceedings of the Fifth Australasian Conference on Computing Education - Volume 20},
 series = {ACE '03},
 year = {2003},
 isbn = {0-909925-98-4},
 location = {Adelaide, Australia},
 pages = {221--230},
 numpages = {10},
 url = {http://dl.acm.org/citation.cfm?id=858403.858430},
 acmid = {858430},
 publisher = {Australian Computer Society, Inc.},
 address = {Darlinghurst, Australia, Australia},
 keywords = {Bloom's taxonomy, criterion-referencing, first year programming},
}

@inproceedings{Bayliss:2009:IDG:1536513.1536526,
 author = {Bayliss, Jessica D. and Schwartz, David I.},
 title = {Instructional Design As Game Design},
 booktitle = {Proceedings of the 4th International Conference on Foundations of Digital Games},
 series = {FDG '09},
 year = {2009},
 isbn = {978-1-60558-437-9},
 location = {Orlando, Florida},
 pages = {10--17},
 numpages = {8},
 url = {http://doi.acm.org/10.1145/1536513.1536526},
 doi = {10.1145/1536513.1536526},
 acmid = {1536526},
 publisher = {ACM},
 address = {New York, NY, USA},
 keywords = {computer science pedagogy, game design, instructional design},
}

@inproceedings{Garcia:2019:IFC:3304221.3319732,
 author = {Garcia, Rita and Falkner, Katrina and Vivian, Rebecca},
 title = {Instructional Framework for CS1 Question Activities},
 booktitle = {Proceedings of the 2019 ACM Conference on Innovation and Technology in Computer Science Education},
 series = {ITiCSE '19},
 year = {2019},
 isbn = {978-1-4503-6301-3},
 location = {Aberdeen, Scotland Uk},
 pages = {189--195},
 numpages = {7},
 url = {http://doi.acm.org/10.1145/3304221.3319732},
 doi = {10.1145/3304221.3319732},
 acmid = {3319732},
 publisher = {ACM},
 address = {New York, NY, USA},
 keywords = {bloom's, critical thinking skills, questions, teaching activity},
}

@inproceedings{Cutts:2019:ERT:3304221.3319785,
 author = {Cutts, Quintin and Barr, Matthew and Bikanga Ada, Mireilla and Donaldson, Peter and Draper, Steve and Parkinson, Jack and Singer, Jeremy and Sundin, Lovisa},
 title = {Experience Report: Thinkathon -- Countering an \&\#34;I Got It Working\&\#34; Mentality with Pencil-and-Paper Exercises},
 booktitle = {Proceedings of the 2019 ACM Conference on Innovation and Technology in Computer Science Education},
 series = {ITiCSE '19},
 year = {2019},
 isbn = {978-1-4503-6301-3},
 location = {Aberdeen, Scotland Uk},
 pages = {203--209},
 numpages = {7},
 url = {http://doi.acm.org/10.1145/3304221.3319785},
 doi = {10.1145/3304221.3319785},
 acmid = {3319785},
 publisher = {ACM},
 address = {New York, NY, USA},
 keywords = {goal-directed problem solving, introductory programming, mastery learning, program comprehension},
}

@article{Hiltz:1997:ALN:260750.260764,
 author = {Hiltz, Starr Roxanne and Wellman, Barry},
 title = {Asynchronous Learning Networks As a Virtual Classroom},
 journal = {Commun. ACM},
 issue_date = {Sept. 1997},
 volume = {40},
 number = {9},
 month = sep,
 year = {1997},
 issn = {0001-0782},
 pages = {44--49},
 numpages = {6},
 url = {http://doi.acm.org/10.1145/260750.260764},
 doi = {10.1145/260750.260764},
 acmid = {260764},
 publisher = {ACM},
 address = {New York, NY, USA},
}

@inproceedings{Maeda:2002:RTD:778712.778716,
 author = {Maeda, John},
 title = {Some Recent Thoughts on Digital Media},
 booktitle = {Proceedings of the 4th Conference on Designing Interactive Systems: Processes, Practices, Methods, and Techniques},
 series = {DIS '02},
 year = {2002},
 isbn = {1-58113-515-7},
 location = {London, England},
 pages = {15--18},
 numpages = {4},
 url = {http://doi.acm.org/10.1145/778712.778716},
 doi = {10.1145/778712.778716},
 acmid = {778716},
 publisher = {ACM},
 address = {New York, NY, USA},
}

@inproceedings{Motara:2018:DLM:3289406.3289411,
 author = {Motara, Yusuf Moosa},
 title = {Development of an LCT-Based MOOC Taxonomy},
 booktitle = {Proceedings of the 7th Computer Science Education Research Conference},
 series = {CSERC '18},
 year = {2018},
 isbn = {978-1-4503-6624-3},
 location = {Saint Petersburg, Russian Federation},
 pages = {35--43},
 numpages = {9},
 url = {http://doi.acm.org/10.1145/3289406.3289411},
 doi = {10.1145/3289406.3289411},
 acmid = {3289411},
 publisher = {ACM},
 address = {New York, NY, USA},
 keywords = {Codecademy, Computer science education, MOOCs},
}

@inproceedings{Parisse:2007:RSB:1629795.1629804,
 author = {Parisse, Christophe},
 title = {Rethinking the Syntactic Burst in Young Children},
 booktitle = {Proceedings of the Workshop on Cognitive Aspects of Computational Language Acquisition},
 series = {CACLA '07},
 year = {2007},
 location = {Prague, Czech Republic},
 pages = {65--72},
 numpages = {8},
 url = {http://dl.acm.org/citation.cfm?id=1629795.1629804},
 acmid = {1629804},
 publisher = {Association for Computational Linguistics},
 address = {Stroudsburg, PA, USA},
}

@article{Mendes:2001:CFT:507758.377457,
 author = {Mendes, Emilia and Mosley, Nile and Counsell, Steve},
 title = {The Cognitive Flexibility Theory0: An Approach for Teaching Hypermedia Engineering},
 journal = {SIGCSE Bull.},
 issue_date = {Sept. 2001},
 volume = {33},
 number = {3},
 month = jun,
 year = {2001},
 issn = {0097-8418},
 pages = {21--24},
 numpages = {4},
 url = {http://doi.acm.org/10.1145/507758.377457},
 doi = {10.1145/507758.377457},
 acmid = {377457},
 publisher = {ACM},
 address = {New York, NY, USA},
 keywords = {cognitive flexibility theory, hypermedia teaching, teaching methods},
}

@inproceedings{Mendes:2001:CFT:377435.377457,
 author = {Mendes, Emilia and Mosley, Nile and Counsell, Steve},
 title = {The Cognitive Flexibility Theory0: An Approach for Teaching Hypermedia Engineering},
 booktitle = {Proceedings of the 6th Annual Conference on Innovation and Technology in Computer Science Education},
 series = {ITiCSE '01},
 year = {2001},
 isbn = {1-58113-330-8},
 location = {Canterbury, United Kingdom},
 pages = {21--24},
 numpages = {4},
 url = {http://doi.acm.org/10.1145/377435.377457},
 doi = {10.1145/377435.377457},
 acmid = {377457},
 publisher = {ACM},
 address = {New York, NY, USA},
 keywords = {cognitive flexibility theory, hypermedia teaching, teaching methods},
}

@inproceedings{McLaughlin:2010:FEB:1822348.1822366,
 author = {McLaughlin, Tim and Smith, Dennie and Brown, Irving A.},
 title = {A Framework for Evidence Based Visual Style Development for Serious Games},
 booktitle = {Proceedings of the Fifth International Conference on the Foundations of Digital Games},
 series = {FDG '10},
 year = {2010},
 isbn = {978-1-60558-937-4},
 location = {Monterey, California},
 pages = {132--138},
 numpages = {7},
 url = {http://doi.acm.org/10.1145/1822348.1822366},
 doi = {10.1145/1822348.1822366},
 acmid = {1822366},
 publisher = {ACM},
 address = {New York, NY, USA},
 keywords = {animation, cognition, computer graphics, game development, learning theory, serious games},
}

@inproceedings{Amo:2013:MEA:2536536.2536570,
 author = {Amo, Daniel},
 title = {MOOCs: Experimental Approaches for Quality in Pedagogical and Design Fundamentals},
 booktitle = {Proceedings of the First International Conference on Technological Ecosystem for Enhancing Multiculturality},
 series = {TEEM '13},
 year = {2013},
 isbn = {978-1-4503-2345-1},
 location = {Salamanca, Spain},
 pages = {219--223},
 numpages = {5},
 url = {http://doi.acm.org/10.1145/2536536.2536570},
 doi = {10.1145/2536536.2536570},
 acmid = {2536570},
 publisher = {ACM},
 address = {New York, NY, USA},
 keywords = {MOOC, learning design, online learning, open educational resources, pedagogy},
}

@article{Bushby:1987:HSH:382270.382424,
 author = {Bushby, Phil},
 title = {Horse Sense from a Horse Doctor},
 journal = {SIGUCCS Newsl.},
 issue_date = {Sept. 1987},
 volume = {17},
 number = {3},
 month = sep,
 year = {1987},
 issn = {0736-6892},
 pages = {10--18},
 numpages = {9},
 url = {http://doi.acm.org/10.1145/382270.382424},
 doi = {10.1145/382270.382424},
 acmid = {382424},
 publisher = {ACM},
 address = {New York, NY, USA},
}

@inproceedings{Modesitt:1974:EMP:800182.810385,
 author = {Modesitt, Kenneth L.},
 title = {An Excellent Mixture for PSI: Computer Science, PLATO, Knowledge Levels.},
 booktitle = {Proceedings of the 1974 Annual Conference - Volume 1},
 series = {ACM '74},
 year = {1974},
 pages = {89--94},
 numpages = {6},
 url = {http://doi.acm.org/10.1145/800182.810385},
 doi = {10.1145/800182.810385},
 acmid = {810385},
 publisher = {ACM},
 address = {New York, NY, USA},
 keywords = {Computer-assisted instruction, Knowledge levels, Personalized system of instruction, Plato},
}

@inproceedings{Williford:2017:SIC:3059454.3078695,
 author = {Williford, Blake},
 title = {SketchTivity: Improving Creativity by Learning Sketching with an Intelligent Tutoring System},
 booktitle = {Proceedings of the 2017 ACM SIGCHI Conference on Creativity and Cognition},
 series = {C\&\#38;C '17},
 year = {2017},
 isbn = {978-1-4503-4403-6},
 location = {Singapore, Singapore},
 pages = {477--483},
 numpages = {7},
 url = {http://doi.acm.org/10.1145/3059454.3078695},
 doi = {10.1145/3059454.3078695},
 acmid = {3078695},
 publisher = {ACM},
 address = {New York, NY, USA},
 keywords = {creative self-efficacy, creativity, human-computer interaction, intelligent tutoring system, sketch recognition, sketching, user experience design},
}

@article{Modesitt:1974:PVA:382196.383002,
 author = {Modesitt, Kenneth L.},
 title = {PSI: A Valuable Addition to the Alphabet Soup for Computer Science Education},
 journal = {SIGCSE Bull.},
 issue_date = {June 1974},
 volume = {6},
 number = {2},
 month = jun,
 year = {1974},
 issn = {0097-8418},
 pages = {37--44},
 numpages = {8},
 url = {http://doi.acm.org/10.1145/382196.383002},
 doi = {10.1145/382196.383002},
 acmid = {383002},
 publisher = {ACM},
 address = {New York, NY, USA},
}

@inproceedings{Fisher:1996:TBP:1161135.1161190,
 author = {Fisher, Kathleen and Gomes, Stacy},
 title = {Teaching Biology to Prospective Elementary School Teachers So As to Promote Transition from Receiver to Giver of Information},
 booktitle = {Proceedings of the 1996 International Conference on Learning Sciences},
 series = {ICLS '96},
 year = {1996},
 isbn = {1-880094-23-1},
 location = {Evanston, Illinois},
 pages = {386--391},
 numpages = {6},
 url = {http://dl.acm.org/citation.cfm?id=1161135.1161190},
 acmid = {1161190},
 publisher = {International Society of the Learning Sciences},
}

@inproceedings{Boulet:1995:LSD:315891.315900,
 author = {Boulet, Marie-Mich\`{e}le},
 title = {Learner-controlled Situation with Distance Education},
 booktitle = {Proceedings of the 1995 ACM Symposium on Applied Computing},
 series = {SAC '95},
 year = {1995},
 isbn = {0-89791-658-1},
 location = {Nashville, Tennessee, USA},
 pages = {36--39},
 numpages = {4},
 url = {http://doi.acm.org/10.1145/315891.315900},
 doi = {10.1145/315891.315900},
 acmid = {315900},
 publisher = {ACM},
 address = {New York, NY, USA},
}

@article{Wu:2014:GPI:2602724.2602736,
 author = {Wu, Penn},
 title = {A Game Programming Instructional Design Model},
 journal = {J. Comput. Sci. Coll.},
 issue_date = {June 2014},
 volume = {29},
 number = {6},
 month = jun,
 year = {2014},
 issn = {1937-4771},
 pages = {57--67},
 numpages = {11},
 url = {http://dl.acm.org/citation.cfm?id=2602724.2602736},
 acmid = {2602736},
 publisher = {Consortium for Computing Sciences in Colleges},
 address = {USA},
}

@inproceedings{Eagle:2012:LOF:2157136.2157170,
 author = {Eagle, Michael John and Barnes, Tiffany},
 title = {A Learning Objective Focused Methodology for the Design and Evaluation of Game-based Tutors},
 booktitle = {Proceedings of the 43rd ACM Technical Symposium on Computer Science Education},
 series = {SIGCSE '12},
 year = {2012},
 isbn = {978-1-4503-1098-7},
 location = {Raleigh, North Carolina, USA},
 pages = {99--104},
 numpages = {6},
 url = {http://doi.acm.org/10.1145/2157136.2157170},
 doi = {10.1145/2157136.2157170},
 acmid = {2157170},
 publisher = {ACM},
 address = {New York, NY, USA},
 keywords = {design methods, educational games, empirical evaluation, game design, serious games},
}

@inproceedings{Sheard:2011:EPA:2016911.2016920,
 author = {Sheard, Judy and Simon and Carbone, Angela and Chinn, Donald and Laakso, Mikko-Jussi and Clear, Tony and de Raadt, Michael and D'Souza, Daryl and Harland, James and Lister, Raymond and Philpott, Anne and Warburton, Geoff},
 title = {Exploring Programming Assessment Instruments: A Classification Scheme for Examination Questions},
 booktitle = {Proceedings of the Seventh International Workshop on Computing Education Research},
 series = {ICER '11},
 year = {2011},
 isbn = {978-1-4503-0829-8},
 location = {Providence, Rhode Island, USA},
 pages = {33--38},
 numpages = {6},
 url = {http://doi.acm.org/10.1145/2016911.2016920},
 doi = {10.1145/2016911.2016920},
 acmid = {2016920},
 publisher = {ACM},
 address = {New York, NY, USA},
 keywords = {cs1, examination papers, introductory programming},
}

@inproceedings{Zhu:2017:RLP:3078564.3078567,
 author = {Zhu, Yanru and Wang, Peng and Fan, Yaqin and Chen, Ying},
 title = {Research of Learning Path Recommendation Algorithm Based on Knowledge Graph},
 booktitle = {Proceedings of the 6th International Conference on Information Engineering},
 series = {ICIE '17},
 year = {2017},
 isbn = {978-1-4503-5210-9},
 location = {Dalian Liaoning, China},
 pages = {11:1--11:5},
 articleno = {11},
 numpages = {5},
 url = {http://doi.acm.org/10.1145/3078564.3078567},
 doi = {10.1145/3078564.3078567},
 acmid = {3078567},
 publisher = {ACM},
 address = {New York, NY, USA},
 keywords = {Knowledge map, Learning path, Recommendation algorithm},
}

@inproceedings{Kossekova:2004:FWV:1050330.1050424,
 author = {Kossekova, Ganka and Hadjiiska, Iva and Kostadinova, Deliana},
 title = {Foundations of Web-based Virtual Medical University.: 3. Distance Web-based Learning and Planning, Organizing and Controlling of Regular Education via MUS-portal},
 booktitle = {Proceedings of the 5th International Conference on Computer Systems and Technologies},
 series = {CompSysTech '04},
 year = {2004},
 isbn = {954-9641-38-4},
 location = {Rousse, Bulgaria},
 pages = {1--6},
 numpages = {6},
 url = {http://doi.acm.org/10.1145/1050330.1050424},
 doi = {10.1145/1050330.1050424},
 acmid = {1050424},
 publisher = {ACM},
 address = {New York, NY, USA},
 keywords = {biochemistry, e-Learning, information system, medical education, virtual learning environment, virtual university},
}

@inproceedings{Wulf:2005:CAT:1095714.1095771,
 author = {Wulf, Tom},
 title = {Constructivist Approaches for Teaching Computer Programming},
 booktitle = {Proceedings of the 6th Conference on Information Technology Education},
 series = {SIGITE '05},
 year = {2005},
 isbn = {1-59593-252-6},
 location = {Newark, NJ, USA},
 pages = {245--248},
 numpages = {4},
 url = {http://doi.acm.org/10.1145/1095714.1095771},
 doi = {10.1145/1095714.1095771},
 acmid = {1095771},
 publisher = {ACM},
 address = {New York, NY, USA},
 keywords = {active learning, cognitive apprenticeships, constructivist pedagogy, programming instruction},
}

@inproceedings{Guha:2014:TDF:2567948.2580056,
 author = {Guha, Neel},
 title = {Tutoring from the Desktop: Facilitating Learning Through Google+ Hangouts},
 booktitle = {Proceedings of the 23rd International Conference on World Wide Web},
 series = {WWW '14 Companion},
 year = {2014},
 isbn = {978-1-4503-2745-9},
 location = {Seoul, Korea},
 pages = {1087--1092},
 numpages = {6},
 url = {http://doi.acm.org/10.1145/2567948.2580056},
 doi = {10.1145/2567948.2580056},
 acmid = {2580056},
 publisher = {ACM},
 address = {New York, NY, USA},
 keywords = {Google hangouts, peer tutoring},
}

@article{Bagley:2007:CIN:1269900.1268846,
 author = {Bagley, Carole A. and Chou, C. Candace},
 title = {Collaboration and the Importance for Novices in Learning Java Computer Programming},
 journal = {SIGCSE Bull.},
 issue_date = {September 2007},
 volume = {39},
 number = {3},
 month = jun,
 year = {2007},
 issn = {0097-8418},
 pages = {211--215},
 numpages = {5},
 url = {http://doi.acm.org/10.1145/1269900.1268846},
 doi = {10.1145/1269900.1268846},
 acmid = {1268846},
 publisher = {ACM},
 address = {New York, NY, USA},
 keywords = {CS ed research, affective strategies, cognitive strategies, collaboration, gender, pedagogy, problem solving},
}

@inproceedings{Bagley:2007:CIN:1268784.1268846,
 author = {Bagley, Carole A. and Chou, C. Candace},
 title = {Collaboration and the Importance for Novices in Learning Java Computer Programming},
 booktitle = {Proceedings of the 12th Annual SIGCSE Conference on Innovation and Technology in Computer Science Education},
 series = {ITiCSE '07},
 year = {2007},
 isbn = {978-1-59593-610-3},
 location = {Dundee, Scotland},
 pages = {211--215},
 numpages = {5},
 url = {http://doi.acm.org/10.1145/1268784.1268846},
 doi = {10.1145/1268784.1268846},
 acmid = {1268846},
 publisher = {ACM},
 address = {New York, NY, USA},
 keywords = {CS ed research, affective strategies, cognitive strategies, collaboration, gender, pedagogy, problem solving},
}

@inproceedings{Larusson:2012:MSP:2330601.2330653,
 author = {L\'{a}russon, J\'{o}hann Ari and White, Brandon},
 title = {Monitoring Student Progress Through Their Written "Point of Originality"},
 booktitle = {Proceedings of the 2Nd International Conference on Learning Analytics and Knowledge},
 series = {LAK '12},
 year = {2012},
 isbn = {978-1-4503-1111-3},
 location = {Vancouver, British Columbia, Canada},
 pages = {212--221},
 numpages = {10},
 url = {http://doi.acm.org/10.1145/2330601.2330653},
 doi = {10.1145/2330601.2330653},
 acmid = {2330653},
 publisher = {ACM},
 address = {New York, NY, USA},
 keywords = {evaluation of student writing, information visualization, learning analytics, lexical analysis, pedagogical adjustment/intervention, recasting},
}

@inproceedings{Butler:2015:AGP:2702123.2702330,
 author = {Butler, Eric and Andersen, Erik and Smith, Adam M. and Gulwani, Sumit and Popovi\'{c}, Zoran},
 title = {Automatic Game Progression Design Through Analysis of Solution Features},
 booktitle = {Proceedings of the 33rd Annual ACM Conference on Human Factors in Computing Systems},
 series = {CHI '15},
 year = {2015},
 isbn = {978-1-4503-3145-6},
 location = {Seoul, Republic of Korea},
 pages = {2407--2416},
 numpages = {10},
 url = {http://doi.acm.org/10.1145/2702123.2702330},
 doi = {10.1145/2702123.2702330},
 acmid = {2702330},
 publisher = {ACM},
 address = {New York, NY, USA},
 keywords = {education, games, procedural content generation},
}

@inproceedings{Inventado:2016:DPH:3011784.3011816,
 author = {Inventado, Paul Salvador and Scupelli, Peter},
 title = {Design Patterns for Helping Students to Learn to Represent Math Problems in Online Learning Systems},
 booktitle = {Proceedings of the 21st European Conference on Pattern Languages of Programs},
 series = {EuroPlop '16},
 year = {2016},
 isbn = {978-1-4503-4074-8},
 location = {Kaufbeuren, Germany},
 pages = {28:1--28:19},
 articleno = {28},
 numpages = {19},
 url = {http://doi.acm.org/10.1145/3011784.3011816},
 doi = {10.1145/3011784.3011816},
 acmid = {3011816},
 publisher = {ACM},
 address = {New York, NY, USA},
 keywords = {ASSISTments, data driven design pattern production, design patterns, feedback, online learning systems, problem solving},
}

@inproceedings{Langley:1980:PSM:990174.990205,
 author = {Langley, Pat},
 title = {A Production System Model of First Language Acquisition},
 booktitle = {Proceedings of the 8th Conference on Computational Linguistics},
 series = {COLING '80},
 year = {1980},
 location = {Tokyo, Japan},
 pages = {183--189},
 numpages = {7},
 url = {https://doi.org/10.3115/990174.990205},
 doi = {10.3115/990174.990205},
 acmid = {990205},
 publisher = {Association for Computational Linguistics},
 address = {Stroudsburg, PA, USA},
}

@inproceedings{Weller:2008:EMT:1463689.1463767,
 author = {Weller, Michael Philetus and Do, Ellen Yi-Luen and Gross, Mark D},
 title = {Escape Machine: Teaching Computational Thinking with a Tangible State Machine Game},
 booktitle = {Proceedings of the 7th International Conference on Interaction Design and Children},
 series = {IDC '08},
 year = {2008},
 isbn = {978-1-59593-994-4},
 location = {Chicago, Illinois},
 pages = {282--289},
 numpages = {8},
 url = {http://doi.acm.org/10.1145/1463689.1463767},
 doi = {10.1145/1463689.1463767},
 acmid = {1463767},
 publisher = {ACM},
 address = {New York, NY, USA},
}

@inproceedings{Fernandez-Reyes:2018:IOG:3270112.3270118,
 author = {Fernandez-Reyes, Kiko and Clarke, Dave and Hornbach, Janina},
 title = {The Impact of Opt-in Gamification on Students' Grades in a Software Design Course},
 booktitle = {Proceedings of the 21st ACM/IEEE International Conference on Model Driven Engineering Languages and Systems: Companion Proceedings},
 series = {MODELS '18},
 year = {2018},
 isbn = {978-1-4503-5965-8},
 location = {Copenhagen, Denmark},
 pages = {90--97},
 numpages = {8},
 url = {http://doi.acm.org/10.1145/3270112.3270118},
 doi = {10.1145/3270112.3270118},
 acmid = {3270118},
 publisher = {ACM},
 address = {New York, NY, USA},
 keywords = {UML, education, gamification, software design},
}

@article{Mead:2006:CAI:1189136.1189185,
 author = {Mead, Jerry and Gray, Simon and Hamer, John and James, Richard and Sorva, Juha and Clair, Caroline St. and Thomas, Lynda},
 title = {A Cognitive Approach to Identifying Measurable Milestones for Programming Skill Acquisition},
 journal = {SIGCSE Bull.},
 issue_date = {December 2006},
 volume = {38},
 number = {4},
 month = jun,
 year = {2006},
 issn = {0097-8418},
 pages = {182--194},
 numpages = {13},
 url = {http://doi.acm.org/10.1145/1189136.1189185},
 doi = {10.1145/1189136.1189185},
 acmid = {1189185},
 publisher = {ACM},
 address = {New York, NY, USA},
 keywords = {CS1, cognitive approaches, curricular planning, programming},
}

@inproceedings{Mead:2006:CAI:1189215.1189185,
 author = {Mead, Jerry and Gray, Simon and Hamer, John and James, Richard and Sorva, Juha and Clair, Caroline St. and Thomas, Lynda},
 title = {A Cognitive Approach to Identifying Measurable Milestones for Programming Skill Acquisition},
 booktitle = {Working Group Reports on ITiCSE on Innovation and Technology in Computer Science Education},
 series = {ITiCSE-WGR '06},
 year = {2006},
 isbn = {1-59593-603-3},
 location = {Bologna, Italy},
 pages = {182--194},
 numpages = {13},
 url = {http://doi.acm.org/10.1145/1189215.1189185},
 doi = {10.1145/1189215.1189185},
 acmid = {1189185},
 publisher = {ACM},
 address = {New York, NY, USA},
 keywords = {CS1, cognitive approaches, curricular planning, programming},
}

@inproceedings{David:2016:SEC:2883851.2883885,
 author = {David, Yossi Ben and Segal, Avi and Gal, Ya'akov (Kobi)},
 title = {Sequencing Educational Content in Classrooms Using Bayesian Knowledge Tracing},
 booktitle = {Proceedings of the Sixth International Conference on Learning Analytics \& Knowledge},
 series = {LAK '16},
 year = {2016},
 isbn = {978-1-4503-4190-5},
 location = {Edinburgh, United Kingdom},
 pages = {354--363},
 numpages = {10},
 url = {http://doi.acm.org/10.1145/2883851.2883885},
 doi = {10.1145/2883851.2883885},
 acmid = {2883885},
 publisher = {ACM},
 address = {New York, NY, USA},
}

@inproceedings{Lalande:2019:TAM:3287324.3287406,
 author = {Lalande, Jean-Fran\c{c}ois and Viet Triem Tong, Val{\'e}rie and Graux, Pierre and Hiet, Guillaume and Mazurczyk, Wojciech and Chaoui, Habiba and Berthom{\'e}, Pascal},
 title = {Teaching Android Mobile Security},
 booktitle = {Proceedings of the 50th ACM Technical Symposium on Computer Science Education},
 series = {SIGCSE '19},
 year = {2019},
 isbn = {978-1-4503-5890-3},
 location = {Minneapolis, MN, USA},
 pages = {232--238},
 numpages = {7},
 url = {http://doi.acm.org/10.1145/3287324.3287406},
 doi = {10.1145/3287324.3287406},
 acmid = {3287406},
 publisher = {ACM},
 address = {New York, NY, USA},
 keywords = {mobile, security, teaching},
}

@article{Kasurinen:2009:EPK:1595496.1562972,
 author = {Kasurinen, Jussi and Nikula, Uolevi},
 title = {Estimating Programming Knowledge with Bayesian Knowledge Tracing},
 journal = {SIGCSE Bull.},
 issue_date = {September 2009},
 volume = {41},
 number = {3},
 month = jul,
 year = {2009},
 issn = {0097-8418},
 pages = {313--317},
 numpages = {5},
 url = {http://doi.acm.org/10.1145/1595496.1562972},
 doi = {10.1145/1595496.1562972},
 acmid = {1562972},
 publisher = {ACM},
 address = {New York, NY, USA},
 keywords = {error analysis, knowledge tracing, programming knowledge},
}

@inproceedings{Kasurinen:2009:EPK:1562877.1562972,
 author = {Kasurinen, Jussi and Nikula, Uolevi},
 title = {Estimating Programming Knowledge with Bayesian Knowledge Tracing},
 booktitle = {Proceedings of the 14th Annual ACM SIGCSE Conference on Innovation and Technology in Computer Science Education},
 series = {ITiCSE '09},
 year = {2009},
 isbn = {978-1-60558-381-5},
 location = {Paris, France},
 pages = {313--317},
 numpages = {5},
 url = {http://doi.acm.org/10.1145/1562877.1562972},
 doi = {10.1145/1562877.1562972},
 acmid = {1562972},
 publisher = {ACM},
 address = {New York, NY, USA},
 keywords = {error analysis, knowledge tracing, programming knowledge},
}

@inproceedings{Yu:2010:STS:1806512.1806517,
 author = {Yu, Benjamin and Knorr, Edwin M.},
 title = {Steps Towards a Scientific Approach to a Database Course Transformation: Data Collection and Analysis},
 booktitle = {Proceedings of the 15th Western Canadian Conference on Computing Education},
 series = {WCCCE '10},
 year = {2010},
 isbn = {978-1-4503-0098-8},
 location = {Kelowna, British Columbia, Canada},
 pages = {3:1--3:5},
 articleno = {3},
 numpages = {5},
 url = {http://doi.acm.org/10.1145/1806512.1806517},
 doi = {10.1145/1806512.1806517},
 acmid = {1806517},
 publisher = {ACM},
 address = {New York, NY, USA},
 keywords = {course transformation, data analysis, data collection, learning, teaching},
}

@inproceedings{Lopez:2008:RRT:1404520.1404531,
 author = {Lopez, Mike and Whalley, Jacqueline and Robbins, Phil and Lister, Raymond},
 title = {Relationships Between Reading, Tracing and Writing Skills in Introductory Programming},
 booktitle = {Proceedings of the Fourth International Workshop on Computing Education Research},
 series = {ICER '08},
 year = {2008},
 isbn = {978-1-60558-216-0},
 location = {Sydney, Australia},
 pages = {101--112},
 numpages = {12},
 url = {http://doi.acm.org/10.1145/1404520.1404531},
 doi = {10.1145/1404520.1404531},
 acmid = {1404531},
 publisher = {ACM},
 address = {New York, NY, USA},
 keywords = {CS1, SOLO taxonomy, comprehension, novice programmers},
}

@inproceedings{Wilkowski:2014:SSG:2556325.2566240,
 author = {Wilkowski, Julia and Deutsch, Amit and Russell, Daniel M.},
 title = {Student Skill and Goal Achievement in the Mapping with Google MOOC},
 booktitle = {Proceedings of the First ACM Conference on Learning @ Scale Conference},
 series = {L@S '14},
 year = {2014},
 isbn = {978-1-4503-2669-8},
 location = {Atlanta, Georgia, USA},
 pages = {3--10},
 numpages = {8},
 url = {http://doi.acm.org/10.1145/2556325.2566240},
 doi = {10.1145/2556325.2566240},
 acmid = {2566240},
 publisher = {ACM},
 address = {New York, NY, USA},
 keywords = {distance learning, moocs},
}

@inproceedings{Peres:2015:MMG:2808580.2808656,
 author = {Peres, Paula and Mesquita, Anabela},
 title = {Master Model to Gain Time in Your Classroom: An Ongoing European Project},
 booktitle = {Proceedings of the 3rd International Conference on Technological Ecosystems for Enhancing Multiculturality},
 series = {TEEM '15},
 year = {2015},
 isbn = {978-1-4503-3442-6},
 location = {Porto, Portugal},
 pages = {499--504},
 numpages = {6},
 url = {http://doi.acm.org/10.1145/2808580.2808656},
 doi = {10.1145/2808580.2808656},
 acmid = {2808656},
 publisher = {ACM},
 address = {New York, NY, USA},
 keywords = {development of training courses, educational methods, new innovative curricula, open and distance learning, pedagogy and didactics},
}

@inproceedings{Lacher:2018:ICQ:3159450.3159504,
 author = {Lacher, Lisa L. and Jiang, Albert and Zhang, Yu and Lewis, Mark C.},
 title = {Including Coding Questions in Video Quizzes for a Flipped CS1},
 booktitle = {Proceedings of the 49th ACM Technical Symposium on Computer Science Education},
 series = {SIGCSE '18},
 year = {2018},
 isbn = {978-1-4503-5103-4},
 location = {Baltimore, Maryland, USA},
 pages = {574--579},
 numpages = {6},
 url = {http://doi.acm.org/10.1145/3159450.3159504},
 doi = {10.1145/3159450.3159504},
 acmid = {3159504},
 publisher = {ACM},
 address = {New York, NY, USA},
 keywords = {CS1, active learning, assessments, blended learning, flipped classroom, flipped learning, inverted classroom, novice programming, programming, video quizzes},
}

@inproceedings{Baker:2004:OBC:985692.985741,
 author = {Baker, Ryan Shaun and Corbett, Albert T. and Koedinger, Kenneth R. and Wagner, Angela Z.},
 title = {Off-task Behavior in the Cognitive Tutor Classroom: When Students "Game the System"},
 booktitle = {Proceedings of the SIGCHI Conference on Human Factors in Computing Systems},
 series = {CHI '04},
 year = {2004},
 isbn = {1-58113-702-8},
 location = {Vienna, Austria},
 pages = {383--390},
 numpages = {8},
 url = {http://doi.acm.org/10.1145/985692.985741},
 doi = {10.1145/985692.985741},
 acmid = {985741},
 publisher = {ACM},
 address = {New York, NY, USA},
 keywords = {field research methods, intelligent tutoring systems, off-task behavior, user modeling},
}

@inproceedings{Alaoutinen:2010:SSP:1822090.1822135,
 author = {Alaoutinen, Satu and Smolander, Kari},
 title = {Student Self-assessment in a Programming Course Using Bloom's Revised Taxonomy},
 booktitle = {Proceedings of the Fifteenth Annual Conference on Innovation and Technology in Computer Science Education},
 series = {ITiCSE '10},
 year = {2010},
 isbn = {978-1-60558-820-9},
 location = {Bilkent, Ankara, Turkey},
 pages = {155--159},
 numpages = {5},
 url = {http://doi.acm.org/10.1145/1822090.1822135},
 doi = {10.1145/1822090.1822135},
 acmid = {1822135},
 publisher = {ACM},
 address = {New York, NY, USA},
 keywords = {bloom's revised taxonomy, programming, self-assessment},
}

@inproceedings{Izu:2016:SCD:2960310.2960324,
 author = {Izu, Cruz and Weerasinghe, Amali and Pope, Cheryl},
 title = {A Study of Code Design Skills in Novice Programmers Using the SOLO Taxonomy},
 booktitle = {Proceedings of the 2016 ACM Conference on International Computing Education Research},
 series = {ICER '16},
 year = {2016},
 isbn = {978-1-4503-4449-4},
 location = {Melbourne, VIC, Australia},
 pages = {251--259},
 numpages = {9},
 url = {http://doi.acm.org/10.1145/2960310.2960324},
 doi = {10.1145/2960310.2960324},
 acmid = {2960324},
 publisher = {ACM},
 address = {New York, NY, USA},
 keywords = {code design, novice programmers, solo},
}

@article{Abunawass:2004:CCP:1026487.1008031,
 author = {Abunawass, Adel and Lloyd, Will and Rudolph, Edwin},
 title = {COMPASS: A CS Program Assessment Project},
 journal = {SIGCSE Bull.},
 issue_date = {September 2004},
 volume = {36},
 number = {3},
 month = jun,
 year = {2004},
 issn = {0097-8418},
 pages = {127--131},
 numpages = {5},
 url = {http://doi.acm.org/10.1145/1026487.1008031},
 doi = {10.1145/1026487.1008031},
 acmid = {1008031},
 publisher = {ACM},
 address = {New York, NY, USA},
 keywords = {accreditation, assessment, outcome-based learning},
}

@inproceedings{Abunawass:2004:CCP:1007996.1008031,
 author = {Abunawass, Adel and Lloyd, Will and Rudolph, Edwin},
 title = {COMPASS: A CS Program Assessment Project},
 booktitle = {Proceedings of the 9th Annual SIGCSE Conference on Innovation and Technology in Computer Science Education},
 series = {ITiCSE '04},
 year = {2004},
 isbn = {1-58113-836-9},
 location = {Leeds, United Kingdom},
 pages = {127--131},
 numpages = {5},
 url = {http://doi.acm.org/10.1145/1007996.1008031},
 doi = {10.1145/1007996.1008031},
 acmid = {1008031},
 publisher = {ACM},
 address = {New York, NY, USA},
 keywords = {accreditation, assessment, outcome-based learning},
}

@inproceedings{Hill:1989:AF:67449.67468,
 author = {Hill, W. C.},
 title = {How Some Advice Fails},
 booktitle = {Proceedings of the SIGCHI Conference on Human Factors in Computing Systems},
 series = {CHI '89},
 year = {1989},
 isbn = {0-89791-301-9},
 pages = {85--90},
 numpages = {6},
 url = {http://doi.acm.org/10.1145/67449.67468},
 doi = {10.1145/67449.67468},
 acmid = {67468},
 publisher = {ACM},
 address = {New York, NY, USA},
}

@article{Hill:1989:AF:67450.67468,
 author = {Hill, W. C.},
 title = {How Some Advice Fails},
 journal = {SIGCHI Bull.},
 volume = {20},
 number = {SI},
 month = mar,
 year = {1989},
 issn = {0736-6906},
 pages = {85--90},
 numpages = {6},
 url = {http://doi.acm.org/10.1145/67450.67468},
 doi = {10.1145/67450.67468},
 acmid = {67468},
 publisher = {ACM},
 address = {New York, NY, USA},
}

@inproceedings{Reiser:2008:SLM:1593105.1593133,
 author = {Reiser, Susan and Bruce, Rebecca},
 title = {Service Learning Meets Mobile Computing},
 booktitle = {Proceedings of the 46th Annual Southeast Regional Conference on XX},
 series = {ACM-SE 46},
 year = {2008},
 isbn = {978-1-60558-105-7},
 location = {Auburn, Alabama},
 pages = {108--113},
 numpages = {6},
 url = {http://doi.acm.org/10.1145/1593105.1593133},
 doi = {10.1145/1593105.1593133},
 acmid = {1593133},
 publisher = {ACM},
 address = {New York, NY, USA},
 keywords = {guided tour, location-aware computing, mobile computing, project-based coursework, service learning},
}

@inproceedings{Anthony:2007:AHR:1290144.1290153,
 author = {Anthony, Lisa and Yang, Jie and Koedinger, Kenneth R.},
 title = {Adapting Handwriting Recognition for Applications in Algebra Learning},
 booktitle = {Proceedings of the International Workshop on Educational Multimedia and Multimedia Education},
 series = {Emme '07},
 year = {2007},
 isbn = {978-1-59593-783-4},
 location = {Augsburg, Bavaria, Germany},
 pages = {47--56},
 numpages = {10},
 url = {http://doi.acm.org/10.1145/1290144.1290153},
 doi = {10.1145/1290144.1290153},
 acmid = {1290153},
 publisher = {ACM},
 address = {New York, NY, USA},
 keywords = {handwriting input, handwriting recognition, mathematics learning, recognition accuracy evaluation},
}

@article{Hosseini:2019:LCP:3308443.3282844,
 author = {Hosseini, Hadi and Hartt, Maxwell and Mostafapour, Mehrnaz},
 title = {Learning IS Child\&\#x02019;s Play: Game-Based Learning in Computer Science Education},
 journal = {ACM Trans. Comput. Educ.},
 issue_date = {June 2019},
 volume = {19},
 number = {3},
 month = jan,
 year = {2019},
 issn = {1946-6226},
 pages = {22:1--22:18},
 articleno = {22},
 numpages = {18},
 url = {http://doi.acm.org/10.1145/3282844},
 doi = {10.1145/3282844},
 acmid = {3282844},
 publisher = {ACM},
 address = {New York, NY, USA},
 keywords = {Game-based learning, computer science, disciplinary culture, higher education, student perception, team work},
}

@inproceedings{Passi:2017:DVL:2998181.2998331,
 author = {Passi, Samir and Jackson, Steven},
 title = {Data Vision: Learning to See Through Algorithmic Abstraction},
 booktitle = {Proceedings of the 2017 ACM Conference on Computer Supported Cooperative Work and Social Computing},
 series = {CSCW '17},
 year = {2017},
 isbn = {978-1-4503-4335-0},
 location = {Portland, Oregon, USA},
 pages = {2436--2447},
 numpages = {12},
 url = {http://doi.acm.org/10.1145/2998181.2998331},
 doi = {10.1145/2998181.2998331},
 acmid = {2998331},
 publisher = {ACM},
 address = {New York, NY, USA},
 keywords = {data analysis, data vision, digital humanities, machine learning, professional vision, professionalization},
}

@inproceedings{Tobey:2015:VMI:2751957.2751963,
 author = {Tobey, David H.},
 title = {A Vignette-based Method for Improving Cybersecurity Talent Management Through Cyber Defense Competition Design},
 booktitle = {Proceedings of the 2015 ACM SIGMIS Conference on Computers and People Research},
 series = {SIGMIS-CPR '15},
 year = {2015},
 isbn = {978-1-4503-3557-7},
 location = {Newport Beach, California, USA},
 pages = {31--39},
 numpages = {9},
 url = {http://doi.acm.org/10.1145/2751957.2751963},
 doi = {10.1145/2751957.2751963},
 acmid = {2751963},
 publisher = {ACM},
 address = {New York, NY, USA},
 keywords = {aptitude, competency model, critical incident, cyber defense competition, game balance, job performance model, ksa, talent management, vignette},
}

@article{Isomottonen:2016:FBA:3003827.2934697,
 author = {Isom\"{o}tt\"{o}nen, Ville and Tirronen, Ville},
 title = {Flipping and Blending\&Mdash;An Action Research Project on Improving a Functional Programming Course},
 journal = {Trans. Comput. Educ.},
 issue_date = {January 2017},
 volume = {17},
 number = {1},
 month = sep,
 year = {2016},
 issn = {1946-6226},
 pages = {1:1--1:35},
 articleno = {1},
 numpages = {35},
 url = {http://doi.acm.org/10.1145/2934697},
 doi = {10.1145/2934697},
 acmid = {2934697},
 publisher = {ACM},
 address = {New York, NY, USA},
 keywords = {Action research, blended learning, flipped classroom, functional programming, independent study},
}

@inproceedings{Zingaro:2012:SUI:2157136.2157215,
 author = {Zingaro, Daniel and Petersen, Andrew and Craig, Michelle},
 title = {Stepping Up to Integrative Questions on CS1 Exams},
 booktitle = {Proceedings of the 43rd ACM Technical Symposium on Computer Science Education},
 series = {SIGCSE '12},
 year = {2012},
 isbn = {978-1-4503-1098-7},
 location = {Raleigh, North Carolina, USA},
 pages = {253--258},
 numpages = {6},
 url = {http://doi.acm.org/10.1145/2157136.2157215},
 doi = {10.1145/2157136.2157215},
 acmid = {2157215},
 publisher = {ACM},
 address = {New York, NY, USA},
 keywords = {CS1, exams, novice programming},
}

@article{Baldwin:2013:RMC:2537753.2537777,
 author = {Baldwin, Douglas and Walker, Henry M. and Henderson, Peter B.},
 title = {The Roles of Mathematics in Computer Science},
 journal = {ACM Inroads},
 issue_date = {December 2013},
 volume = {4},
 number = {4},
 month = dec,
 year = {2013},
 issn = {2153-2184},
 pages = {74--80},
 numpages = {7},
 url = {http://doi.acm.org/10.1145/2537753.2537777},
 doi = {10.1145/2537753.2537777},
 acmid = {2537777},
 publisher = {ACM},
 address = {New York, NY, USA},
 keywords = {computer science education, mathematics, software engineering education},
}

@inproceedings{Sanders:2012:TCT:2361276.2361283,
 author = {Sanders, Kate and Boustedt, Jonas and Eckerdal, Anna and McCartney, Robert and Mostr\"{o}m, Jan Erik and Thomas, Lynda and Zander, Carol},
 title = {Threshold Concepts and Threshold Skills in Computing},
 booktitle = {Proceedings of the Ninth Annual International Conference on International Computing Education Research},
 series = {ICER '12},
 year = {2012},
 isbn = {978-1-4503-1604-0},
 location = {Auckland, New Zealand},
 pages = {23--30},
 numpages = {8},
 url = {http://doi.acm.org/10.1145/2361276.2361283},
 doi = {10.1145/2361276.2361283},
 acmid = {2361283},
 publisher = {ACM},
 address = {New York, NY, USA},
 keywords = {threshold concepts, threshold skills},
}

@article{Aimeur:2001:RCL:381234.381241,
 author = {A\"{\i}meur, Esma and Frasson, Claude and Lalonde, Michel},
 title = {The Role of Conflicts in the Learning Process},
 journal = {SIGCUE Outlook},
 issue_date = {March 2001},
 volume = {27},
 number = {2},
 month = mar,
 year = {2001},
 issn = {0163-5735},
 pages = {12--27},
 numpages = {16},
 url = {http://doi.acm.org/10.1145/381234.381241},
 doi = {10.1145/381234.381241},
 acmid = {381241},
 publisher = {ACM},
 address = {New York, NY, USA},
 keywords = {cognitive dissonance, conflicts, intelligent tutoring systems, learning strategies},
}

@inproceedings{KrishnaRao:2005:PCD:1067445.1067515,
 author = {Krishna Rao, M. R. K. and Junaidu, S. and Maghrabi, T. and Shafique, M. and Ahmed, M. and Faisal, K.},
 title = {Principles of Curriculum Design and Revision: A Case Study in Implementing Computing Curricula CC2001},
 booktitle = {Proceedings of the 10th Annual SIGCSE Conference on Innovation and Technology in Computer Science Education},
 series = {ITiCSE '05},
 year = {2005},
 isbn = {1-59593-024-8},
 location = {Caparica, Portugal},
 pages = {256--260},
 numpages = {5},
 url = {http://doi.acm.org/10.1145/1067445.1067515},
 doi = {10.1145/1067445.1067515},
 acmid = {1067515},
 publisher = {ACM},
 address = {New York, NY, USA},
 keywords = {CC2001, core technologies, curriculum revision},
}

@article{KrishnaRao:2005:PCD:1151954.1067515,
 author = {Krishna Rao, M. R. K. and Junaidu, S. and Maghrabi, T. and Shafique, M. and Ahmed, M. and Faisal, K.},
 title = {Principles of Curriculum Design and Revision: A Case Study in Implementing Computing Curricula CC2001},
 journal = {SIGCSE Bull.},
 issue_date = {September 2005},
 volume = {37},
 number = {3},
 month = jun,
 year = {2005},
 issn = {0097-8418},
 pages = {256--260},
 numpages = {5},
 url = {http://doi.acm.org/10.1145/1151954.1067515},
 doi = {10.1145/1151954.1067515},
 acmid = {1067515},
 publisher = {ACM},
 address = {New York, NY, USA},
 keywords = {CC2001, core technologies, curriculum revision},
}

@article{Walker:1997:CLC:268085.268164,
 author = {Walker, Henry M.},
 title = {Collaborative Learning: A Case Study for CS1 at Grinnell College and Austin},
 journal = {SIGCSE Bull.},
 issue_date = {March 1997},
 volume = {29},
 number = {1},
 month = mar,
 year = {1997},
 issn = {0097-8418},
 pages = {209--213},
 numpages = {5},
 url = {http://doi.acm.org/10.1145/268085.268164},
 doi = {10.1145/268085.268164},
 acmid = {268164},
 publisher = {ACM},
 address = {New York, NY, USA},
}

@inproceedings{Walker:1997:CLC:268084.268164,
 author = {Walker, Henry M.},
 title = {Collaborative Learning: A Case Study for CS1 at Grinnell College and Austin},
 booktitle = {Proceedings of the Twenty-eighth SIGCSE Technical Symposium on Computer Science Education},
 series = {SIGCSE '97},
 year = {1997},
 isbn = {0-89791-889-4},
 location = {San Jose, California, USA},
 pages = {209--213},
 numpages = {5},
 url = {http://doi.acm.org/10.1145/268084.268164},
 doi = {10.1145/268084.268164},
 acmid = {268164},
 publisher = {ACM},
 address = {New York, NY, USA},
}

@inproceedings{Hackbarth:2010:AWT:1854360.1854445,
 author = {Hackbarth, Alan J. and Derry, Sharon J. and Eagan, Brendan R. and Gressick, Julia},
 title = {Adapting Workflow Technology to Design-based Research: Development of a Method for Organizing the "Messiness" of Research in Technology-rich Online Learning Environments},
 booktitle = {Proceedings of the 9th International Conference of the Learning Sciences - Volume 1},
 series = {ICLS '10},
 year = {2010},
 location = {Chicago, Illinois},
 pages = {667--674},
 numpages = {8},
 url = {http://dl.acm.org/citation.cfm?id=1854360.1854445},
 acmid = {1854445},
 publisher = {International Society of the Learning Sciences},
}

@inproceedings{Atolagbe:1997:ISD:268437.268789,
 author = {Atolagbe, Tajudeen A. and Hlupic, Vlatka and Taylor, Simon J. E. and Paul, Ray J.},
 title = {Interactive Strategies for Developing Intuitive Knowledge As Basis for Simulation Modeling Education},
 booktitle = {Proceedings of the 29th Conference on Winter Simulation},
 series = {WSC '97},
 year = {1997},
 isbn = {0-7803-4278-X},
 location = {Atlanta, Georgia, USA},
 pages = {1394--1402},
 numpages = {9},
 url = {http://dx.doi.org/10.1145/268437.268789},
 doi = {10.1145/268437.268789},
 acmid = {268789},
 publisher = {IEEE Computer Society},
 address = {Washington, DC, USA},
}

@inproceedings{Andersen:2016:ATA:2912845.2912854,
 author = {Andersen, Per-Arne and Kr{\aa}kevik, Christian and Goodwin, Morten and Yazidi, Anis},
 title = {Adaptive Task Assignment in Online Learning Environments},
 booktitle = {Proceedings of the 6th International Conference on Web Intelligence, Mining and Semantics},
 series = {WIMS '16},
 year = {2016},
 isbn = {978-1-4503-4056-4},
 location = {N\&\#238;mes, France},
 pages = {5:1--5:10},
 articleno = {5},
 numpages = {10},
 url = {http://doi.acm.org/10.1145/2912845.2912854},
 doi = {10.1145/2912845.2912854},
 acmid = {2912854},
 publisher = {ACM},
 address = {New York, NY, USA},
 keywords = {Adaptive Learning, Intelligent Tutoring System, Online Learning},
}

@inproceedings{Cajander:2011:APS:2459936.2459954,
 author = {Cajander, \AAsa and Daniels, Mats and McDermott, Roger and von Konsky, Brian R.},
 title = {Assessing Professional Skills in Engineering Education},
 booktitle = {Proceedings of the Thirteenth Australasian Computing Education Conference - Volume 114},
 series = {ACE '11},
 year = {2011},
 isbn = {978-1-920682-94-1},
 location = {Perth, Australia},
 pages = {145--154},
 numpages = {10},
 url = {http://dl.acm.org/citation.cfm?id=2459936.2459954},
 acmid = {2459954},
 publisher = {Australian Computer Society, Inc.},
 address = {Darlinghurst, Australia, Australia},
 keywords = {assessment, open ended group problems, professional skills, reflections, threshold concepts},
}

@inproceedings{Lasserre:2011:ETL:1999747.1999787,
 author = {Lasserre, Patricia and Szostak, Carolyn},
 title = {Effects of Team-based Learning on a CS1 Course},
 booktitle = {Proceedings of the 16th Annual Joint Conference on Innovation and Technology in Computer Science Education},
 series = {ITiCSE '11},
 year = {2011},
 isbn = {978-1-4503-0697-3},
 location = {Darmstadt, Germany},
 pages = {133--137},
 numpages = {5},
 url = {http://doi.acm.org/10.1145/1999747.1999787},
 doi = {10.1145/1999747.1999787},
 acmid = {1999787},
 publisher = {ACM},
 address = {New York, NY, USA},
 keywords = {active learning, cs1, drop rate, success rate, team-based learning},
}

@inproceedings{Janda:1966:FIS:800256.810715,
 author = {Janda, Kenneth},
 title = {Features of an Information System for Congress},
 booktitle = {Proceedings of the 1966 21st National Conference},
 series = {ACM '66},
 year = {1966},
 pages = {361--372},
 numpages = {12},
 url = {http://doi.acm.org/10.1145/800256.810715},
 doi = {10.1145/800256.810715},
 acmid = {810715},
 publisher = {ACM},
 address = {New York, NY, USA},
}

@inproceedings{Lau:2010:RRT:1867651.1867698,
 author = {Lau, Kam Fui},
 title = {Redesigning and Revitalizing Two Networking Courses in an Undergraduate Information Technology Degree Program},
 booktitle = {Proceedings of the 2010 ACM Conference on Information Technology Education},
 series = {SIGITE '10},
 year = {2010},
 isbn = {978-1-4503-0343-9},
 location = {Midland, Michigan, USA},
 pages = {165--170},
 numpages = {6},
 url = {http://doi.acm.org/10.1145/1867651.1867698},
 doi = {10.1145/1867651.1867698},
 acmid = {1867698},
 publisher = {ACM},
 address = {New York, NY, USA},
 keywords = {data communication, network admin., network design},
}

@inproceedings{Sheth:2016:CPP:2839509.2844594,
 author = {Sheth, Swapneel and Murphy, Christian and Ross, Kenneth A. and Shasha, Dennis},
 title = {A Course on Programming and Problem Solving},
 booktitle = {Proceedings of the 47th ACM Technical Symposium on Computing Science Education},
 series = {SIGCSE '16},
 year = {2016},
 isbn = {978-1-4503-3685-7},
 location = {Memphis, Tennessee, USA},
 pages = {323--328},
 numpages = {6},
 url = {http://doi.acm.org/10.1145/2839509.2844594},
 doi = {10.1145/2839509.2844594},
 acmid = {2844594},
 publisher = {ACM},
 address = {New York, NY, USA},
 keywords = {open-ended problems, problem-based learning, soft skills},
}

@article{desJardins:2015:CAC:2846537.2835852,
 author = {desJardins, Marie},
 title = {Creating AP\&Reg; CS Principles: Let Many Flowers Bloom},
 journal = {ACM Inroads},
 issue_date = {December 2015},
 volume = {6},
 number = {4},
 month = nov,
 year = {2015},
 issn = {2153-2184},
 pages = {60--66},
 numpages = {7},
 url = {http://doi.acm.org/10.1145/2835852},
 doi = {10.1145/2835852},
 acmid = {2835852},
 publisher = {ACM},
 address = {New York, NY, USA},
}

@inproceedings{Bachtiar:2017:APL:3029387.3029422,
 author = {Bachtiar, Fitra A. and Sulistyo, Gunadi H. and Cooper, Eric W. and Katsuari, Kamei},
 title = {Affect, Personality, and Learning Styles in Online Reading Comprehension},
 booktitle = {Proceedings of the 5th International Conference on Information and Education Technology},
 series = {ICIET '17},
 year = {2017},
 isbn = {978-1-4503-4803-4},
 location = {Tokyo, Japan},
 pages = {78--83},
 numpages = {6},
 url = {http://doi.acm.org/10.1145/3029387.3029422},
 doi = {10.1145/3029387.3029422},
 acmid = {3029422},
 publisher = {ACM},
 address = {New York, NY, USA},
 keywords = {Affective, learning styles, online learning, personality, reading},
}

@article{Starr:2009:DIC:1595496.1562964,
 author = {Starr, Christopher W. and Bergman, Doug and Zaubi, Phil},
 title = {The Development and Implementation of a Context-based Curricular Framework for Computer Science Education in High Schools},
 journal = {SIGCSE Bull.},
 issue_date = {September 2009},
 volume = {41},
 number = {3},
 month = jul,
 year = {2009},
 issn = {0097-8418},
 pages = {283--287},
 numpages = {5},
 url = {http://doi.acm.org/10.1145/1595496.1562964},
 doi = {10.1145/1595496.1562964},
 acmid = {1562964},
 publisher = {ACM},
 address = {New York, NY, USA},
 keywords = {computational thinking, computing principles, framework, learning objectives, model curriculum, pedagogy, secondary education},
}

@inproceedings{Starr:2009:DIC:1562877.1562964,
 author = {Starr, Christopher W. and Bergman, Doug and Zaubi, Phil},
 title = {The Development and Implementation of a Context-based Curricular Framework for Computer Science Education in High Schools},
 booktitle = {Proceedings of the 14th Annual ACM SIGCSE Conference on Innovation and Technology in Computer Science Education},
 series = {ITiCSE '09},
 year = {2009},
 isbn = {978-1-60558-381-5},
 location = {Paris, France},
 pages = {283--287},
 numpages = {5},
 url = {http://doi.acm.org/10.1145/1562877.1562964},
 doi = {10.1145/1562877.1562964},
 acmid = {1562964},
 publisher = {ACM},
 address = {New York, NY, USA},
 keywords = {computational thinking, computing principles, framework, learning objectives, model curriculum, pedagogy, secondary education},
}

@inproceedings{Freeman:2014:EUG:2538862.2538906,
 author = {Freeman, Jason and Magerko, Brian and McKlin, Tom and Reilly, Mike and Permar, Justin and Summers, Cameron and Fruchter, Eric},
 title = {Engaging Underrepresented Groups in High School Introductory Computing Through Computational Remixing with EarSketch},
 booktitle = {Proceedings of the 45th ACM Technical Symposium on Computer Science Education},
 series = {SIGCSE '14},
 year = {2014},
 isbn = {978-1-4503-2605-6},
 location = {Atlanta, Georgia, USA},
 pages = {85--90},
 numpages = {6},
 url = {http://doi.acm.org/10.1145/2538862.2538906},
 doi = {10.1145/2538862.2538906},
 acmid = {2538906},
 publisher = {ACM},
 address = {New York, NY, USA},
 keywords = {CS education, broadening participation, computing principles, music composition, music production, remixing},
}

@article{Marshall:2001:AA:509357.509359,
 author = {Marshall, Wayne},
 title = {Algorithms in Africa},
 journal = {Linux J.},
 issue_date = {June 2001},
 volume = {2001},
 number = {86},
 month = jun,
 year = {2001},
 issn = {1075-3583},
 pages = {2--},
 url = {http://dl.acm.org/citation.cfm?id=509357.509359},
 acmid = {509359},
 publisher = {Belltown Media},
 address = {Houston, TX},
}

@inproceedings{Krichen:2005:DAL:1095714.1095750,
 author = {Krichen, Jack P.},
 title = {Dynamically Adjusting to Learner's Competencies and Styles in an Online Technology Course},
 booktitle = {Proceedings of the 6th Conference on Information Technology Education},
 series = {SIGITE '05},
 year = {2005},
 isbn = {1-59593-252-6},
 location = {Newark, NJ, USA},
 pages = {149--154},
 numpages = {6},
 url = {http://doi.acm.org/10.1145/1095714.1095750},
 doi = {10.1145/1095714.1095750},
 acmid = {1095750},
 publisher = {ACM},
 address = {New York, NY, USA},
 keywords = {SCORM, education, learning style},
}

@inproceedings{Rahman:2018:LVP:3241815.3242586,
 author = {Rahman, Farzana},
 title = {Leveraging Visual Programming Language and Collaborative Learning to Broaden Participation in Computer Science},
 booktitle = {Proceedings of the 19th Annual SIG Conference on Information Technology Education},
 series = {SIGITE '18},
 year = {2018},
 isbn = {978-1-4503-5954-2},
 location = {Fort Lauderdale, Florida, USA},
 pages = {172--177},
 numpages = {6},
 url = {http://doi.acm.org/10.1145/3241815.3242586},
 doi = {10.1145/3241815.3242586},
 acmid = {3242586},
 publisher = {ACM},
 address = {New York, NY, USA},
 keywords = {appinventor, collaborative learning, programming fundamentals, visual programming language},
}

@article{Bower:2008:TTT:1597849.1384346,
 author = {Bower, Matt},
 title = {A Taxonomy of Task Types in Computing},
 journal = {SIGCSE Bull.},
 issue_date = {September 2008},
 volume = {40},
 number = {3},
 month = jun,
 year = {2008},
 issn = {0097-8418},
 pages = {281--285},
 numpages = {5},
 url = {http://doi.acm.org/10.1145/1597849.1384346},
 doi = {10.1145/1597849.1384346},
 acmid = {1384346},
 publisher = {ACM},
 address = {New York, NY, USA},
 keywords = {computer science education, pedagogy, task types, taxonomy},
}

@inproceedings{Bower:2008:TTT:1384271.1384346,
 author = {Bower, Matt},
 title = {A Taxonomy of Task Types in Computing},
 booktitle = {Proceedings of the 13th Annual Conference on Innovation and Technology in Computer Science Education},
 series = {ITiCSE '08},
 year = {2008},
 isbn = {978-1-60558-078-4},
 location = {Madrid, Spain},
 pages = {281--285},
 numpages = {5},
 url = {http://doi.acm.org/10.1145/1384271.1384346},
 doi = {10.1145/1384271.1384346},
 acmid = {1384346},
 publisher = {ACM},
 address = {New York, NY, USA},
 keywords = {computer science education, pedagogy, task types, taxonomy},
}

@inproceedings{Dehoney:2003:MCI:947121.947157,
 author = {Dehoney, Joanne and Booth, Larry and Lau, Kam Fui and Reichgelt, Han and Rutherfoord, Rebecca H. and Stewart, Jeff},
 title = {Many Cooks Improve the Broth: Developing an Inter-institutional, Online, Bachelor of Science Degree in Information Technology},
 booktitle = {Proceedings of the 4th Conference on Information Technology Curriculum},
 series = {CITC4 '03},
 year = {2003},
 isbn = {1-58113-770-2},
 location = {Lafayette, Indiana, USA},
 pages = {155--159},
 numpages = {5},
 url = {http://doi.acm.org/10.1145/947121.947157},
 doi = {10.1145/947121.947157},
 acmid = {947157},
 publisher = {ACM},
 address = {New York, NY, USA},
 keywords = {distance education, e-learning, online learning},
}

@article{Jin:2008:PAT:1352322.1352231,
 author = {Jin, Wei},
 title = {Pre-programming Analysis Tutors Help Students Learn Basic Programming Concepts},
 journal = {SIGCSE Bull.},
 issue_date = {March 2008},
 volume = {40},
 number = {1},
 month = mar,
 year = {2008},
 issn = {0097-8418},
 pages = {276--280},
 numpages = {5},
 url = {http://doi.acm.org/10.1145/1352322.1352231},
 doi = {10.1145/1352322.1352231},
 acmid = {1352231},
 publisher = {ACM},
 address = {New York, NY, USA},
 keywords = {CS1, active learning, cognitive tutors, curriculum development, introduction to programming, pedagogy, scaffolding},
}

@inproceedings{Jin:2008:PAT:1352135.1352231,
 author = {Jin, Wei},
 title = {Pre-programming Analysis Tutors Help Students Learn Basic Programming Concepts},
 booktitle = {Proceedings of the 39th SIGCSE Technical Symposium on Computer Science Education},
 series = {SIGCSE '08},
 year = {2008},
 isbn = {978-1-59593-799-5},
 location = {Portland, OR, USA},
 pages = {276--280},
 numpages = {5},
 url = {http://doi.acm.org/10.1145/1352135.1352231},
 doi = {10.1145/1352135.1352231},
 acmid = {1352231},
 publisher = {ACM},
 address = {New York, NY, USA},
 keywords = {CS1, active learning, cognitive tutors, curriculum development, introduction to programming, pedagogy, scaffolding},
}

@inproceedings{Luxton-Reilly:2016:LPE:2899415.2899432,
 author = {Luxton-Reilly, Andrew},
 title = {Learning to Program is Easy},
 booktitle = {Proceedings of the 2016 ACM Conference on Innovation and Technology in Computer Science Education},
 series = {ITiCSE '16},
 year = {2016},
 isbn = {978-1-4503-4231-5},
 location = {Arequipa, Peru},
 pages = {284--289},
 numpages = {6},
 url = {http://doi.acm.org/10.1145/2899415.2899432},
 doi = {10.1145/2899415.2899432},
 acmid = {2899432},
 publisher = {ACM},
 address = {New York, NY, USA},
 keywords = {computer science education, cs1, curriculum, expectations, learning outcomes, novice, programming, standards},
}

@inproceedings{Naps:2003:EEI:960875.960540,
 author = {Naps, Thomas and Cooper, Stephen and Koldehofe, Boris and Leska, Charles and R\"{o}\ssling, Guido and Dann, Wanda and Korhonen, Ari and Malmi, Lauri and Rantakokko, Jarmo and Ross, Rockford J. and Anderson, Jay and Fleischer, Rudolf and Kuittinen, Marja and McNally, Myles},
 title = {Evaluating the Educational Impact of Visualization},
 booktitle = {Working Group Reports from ITiCSE on Innovation and Technology in Computer Science Education},
 series = {ITiCSE-WGR '03},
 year = {2003},
 location = {Thessaloniki, Greece},
 pages = {124--136},
 numpages = {13},
 url = {http://doi.acm.org/10.1145/960492.960540},
 doi = {10.1145/960492.960540},
 acmid = {960540},
 publisher = {ACM},
 address = {New York, NY, USA},
 keywords = {animation, pedagogy, visualization},
}

@article{Naps:2003:EEI:960492.960540,
 author = {Naps, Thomas and Cooper, Stephen and Koldehofe, Boris and Leska, Charles and R\"{o}\ssling, Guido and Dann, Wanda and Korhonen, Ari and Malmi, Lauri and Rantakokko, Jarmo and Ross, Rockford J. and Anderson, Jay and Fleischer, Rudolf and Kuittinen, Marja and McNally, Myles},
 title = {Evaluating the Educational Impact of Visualization},
 journal = {SIGCSE Bull.},
 issue_date = {December 2003},
 volume = {35},
 number = {4},
 month = jun,
 year = {2003},
 issn = {0097-8418},
 pages = {124--136},
 numpages = {13},
 url = {http://doi.acm.org/10.1145/960492.960540},
 doi = {10.1145/960492.960540},
 acmid = {960540},
 publisher = {ACM},
 address = {New York, NY, USA},
 keywords = {animation, pedagogy, visualization},
}

@article{Talon:2012:DCI:2275597.2275598,
 author = {Talon, B{\'e}n{\'e}dicte and Sagar, Mouldi and Kolski, Christophe},
 title = {Developing Competence in Interactive Systems: The GRASP Tool for the Design or Redesign of Pedagogical ICT Devices},
 journal = {Trans. Comput. Educ.},
 issue_date = {July 2012},
 volume = {12},
 number = {3},
 month = jul,
 year = {2012},
 issn = {1946-6226},
 pages = {9:1--9:43},
 articleno = {9},
 numpages = {43},
 url = {http://doi.acm.org/10.1145/2275597.2275598},
 doi = {10.1145/2275597.2275598},
 acmid = {2275598},
 publisher = {ACM},
 address = {New York, NY, USA},
 keywords = {GRASP, Pedagogical devices design, active pedagogy, competence training, design tool, interactive systems education and training},
}

@inproceedings{Fancsali:2018:UEF:3170358.3170392,
 author = {Fancsali, Stephen E. and Zheng, Guoguo and Tan, Yanyan and Ritter, Steven and Berman, Susan R. and Galyardt, April},
 title = {Using Embedded Formative Assessment to Predict State Summative Test Scores},
 booktitle = {Proceedings of the 8th International Conference on Learning Analytics and Knowledge},
 series = {LAK '18},
 year = {2018},
 isbn = {978-1-4503-6400-3},
 location = {Sydney, New South Wales, Australia},
 pages = {161--170},
 numpages = {10},
 url = {http://doi.acm.org/10.1145/3170358.3170392},
 doi = {10.1145/3170358.3170392},
 acmid = {3170392},
 publisher = {ACM},
 address = {New York, NY, USA},
 keywords = {accountability, assessment, formative assessment, intelligent tutoring systems, mathematics education, predictive modeling},
}

@inproceedings{Trainer:2017:ESE:3103028.3103045,
 author = {Trainer, Erik H. and Kalyanasundaram, Arun and Herbsleb, James D.},
 title = {e-Mentoring for Software Engineering: A Socio-technical Perspective},
 booktitle = {Proceedings of the 39th International Conference on Software Engineering: Software Engineering and Education Track},
 series = {ICSE-SEET '17},
 year = {2017},
 isbn = {978-1-5386-2671-9},
 location = {Buenos Aires, Argentina},
 pages = {107--116},
 numpages = {10},
 url = {https://doi.org/10.1109/ICSE-SEET.2017.19},
 doi = {10.1109/ICSE-SEET.2017.19},
 acmid = {3103045},
 publisher = {IEEE Press},
 address = {Piscataway, NJ, USA},
 keywords = {e-mentoring, expressive ties, free and open-source software, instrumental ties, qualitative methods, tie content},
}

@inproceedings{Martinez-Valdes:2018:EAI:3284179.3284189,
 author = {Mart\'{\i}nez-Vald{\'e}s, Jos{\'e} Alfredo and Mart\'{\i}nez-Ijaj\'{\i}, Nathalia Andrea},
 title = {An Experience with the App Inventor in CS0 for the Development of the STEM Didactics},
 booktitle = {Proceedings of the Sixth International Conference on Technological Ecosystems for Enhancing Multiculturality},
 series = {TEEM'18},
 year = {2018},
 isbn = {978-1-4503-6518-5},
 location = {Salamanca, Spain},
 pages = {51--56},
 numpages = {6},
 url = {http://doi.acm.org/10.1145/3284179.3284189},
 doi = {10.1145/3284179.3284189},
 acmid = {3284189},
 publisher = {ACM},
 address = {New York, NY, USA},
 keywords = {CS0, IA, SEEM Didactic, abstraction, students' acceptance},
}

@article{Taylor:2016:SII:2954340.2897441,
 author = {Taylor, Blair and Kaza, Siddharth},
 title = {Security Injections\&Commat;Towson: Integrating Secure Coding into Introductory Computer Science Courses},
 journal = {Trans. Comput. Educ.},
 issue_date = {October 2016},
 volume = {16},
 number = {4},
 month = jun,
 year = {2016},
 issn = {1946-6226},
 pages = {16:1--16:20},
 articleno = {16},
 numpages = {20},
 url = {http://doi.acm.org/10.1145/2897441},
 doi = {10.1145/2897441},
 acmid = {2897441},
 publisher = {ACM},
 address = {New York, NY, USA},
 keywords = {CS0, CS1, CS2, Security injections, secure coding, security integration},
}

@techreport{Gorgone:2002:MCG:2593309,
 author = {Gorgone, John T. and Davis, Gordon B. and Valacich, Joseph S. and Topi, Heikki and Feinstein, David L. and Longenecker,Jr., Herbert E.},
 title = {Model Curriculum and Guidelines for Undergraduate Degree Programs in Information Systems},
 year = {2002},
 publisher = {ACM},
 address = {New York, NY, USA},
}

@inproceedings{Sobel:2017:ESF:2998181.2998231,
 author = {Sobel, Kiley and Kovacs, Geza and McQuillen, Galen and Cross, Andrew and Chandrasekaran, Nirupama and Riche, Nathalie Henry and Cutrell, Ed and Morris, Meredith Ringel},
 title = {EduFeed: A Social Feed to Engage Preliterate Children in Educational Activities},
 booktitle = {Proceedings of the 2017 ACM Conference on Computer Supported Cooperative Work and Social Computing},
 series = {CSCW '17},
 year = {2017},
 isbn = {978-1-4503-4335-0},
 location = {Portland, Oregon, USA},
 pages = {491--504},
 numpages = {14},
 url = {http://doi.acm.org/10.1145/2998181.2998231},
 doi = {10.1145/2998181.2998231},
 acmid = {2998231},
 publisher = {ACM},
 address = {New York, NY, USA},
 keywords = {CSCL, ICT4D, children, education, literacy, social feeds},
}

@article{D'mello:2013:AAA:2395123.2395128,
 author = {D'mello, Sidney and Graesser, Art},
 title = {AutoTutor and Affective Autotutor: Learning by Talking with Cognitively and Emotionally Intelligent Computers That Talk Back},
 journal = {ACM Trans. Interact. Intell. Syst.},
 issue_date = {December 2012},
 volume = {2},
 number = {4},
 month = jan,
 year = {2013},
 issn = {2160-6455},
 pages = {23:1--23:39},
 articleno = {23},
 numpages = {39},
 url = {http://doi.acm.org/10.1145/2395123.2395128},
 doi = {10.1145/2395123.2395128},
 acmid = {2395128},
 publisher = {ACM},
 address = {New York, NY, USA},
 keywords = {Intelligent tutoring systems, affect detection and synthesis, affective computing, constructivism, deep learning, natural language understanding, student modeling, user modeling},
}

@inproceedings{Wilhelm-Weidner:2018:STC:3279720.3279734,
 author = {Wilhelm-Weidner, Arno and Bergner, Nadine},
 title = {On Supplementing Theoretical Computer Science Courses Using E-Learning},
 booktitle = {Proceedings of the 18th Koli Calling International Conference on Computing Education Research},
 series = {Koli Calling '18},
 year = {2018},
 isbn = {978-1-4503-6535-2},
 location = {Koli, Finland},
 pages = {14:1--14:10},
 articleno = {14},
 numpages = {10},
 url = {http://doi.acm.org/10.1145/3279720.3279734},
 doi = {10.1145/3279720.3279734},
 acmid = {3279734},
 publisher = {ACM},
 address = {New York, NY, USA},
 keywords = {Blended Learning, E-Learning, Learning Management System, Theoretical Computer Science},
}

@inproceedings{Leinonen:2017:CTM:3105726.3106181,
 author = {Leinonen, Juho and Lepp\"{a}nen, Leo and Ihantola, Petri and Hellas, Arto},
 title = {Comparison of Time Metrics in Programming},
 booktitle = {Proceedings of the 2017 ACM Conference on International Computing Education Research},
 series = {ICER '17},
 year = {2017},
 isbn = {978-1-4503-4968-0},
 location = {Tacoma, Washington, USA},
 pages = {200--208},
 numpages = {9},
 url = {http://doi.acm.org/10.1145/3105726.3106181},
 doi = {10.1145/3105726.3106181},
 acmid = {3106181},
 publisher = {ACM},
 address = {New York, NY, USA},
 keywords = {academic success prediction, educational data mining, multi-source data analysis, time metrics, time on task},
}

@inproceedings{Suzuki:2016:ARE:2858036.2858121,
 author = {Suzuki, Ryo and Salehi, Niloufar and Lam, Michelle S. and Marroquin, Juan C. and Bernstein, Michael S.},
 title = {Atelier: Repurposing Expert Crowdsourcing Tasks As Micro-internships},
 booktitle = {Proceedings of the 2016 CHI Conference on Human Factors in Computing Systems},
 series = {CHI '16},
 year = {2016},
 isbn = {978-1-4503-3362-7},
 location = {San Jose, California, USA},
 pages = {2645--2656},
 numpages = {12},
 url = {http://doi.acm.org/10.1145/2858036.2858121},
 doi = {10.1145/2858036.2858121},
 acmid = {2858121},
 publisher = {ACM},
 address = {New York, NY, USA},
 keywords = {crowd work, crowdsourcing, micro-internships},
}

@inproceedings{Kim:2017:MDO:2998181.2998195,
 author = {Kim, Joy and Agrawala, Maneesh and Bernstein, Michael S.},
 title = {Mosaic: Designing Online Creative Communities for Sharing Works-in-Progress},
 booktitle = {Proceedings of the 2017 ACM Conference on Computer Supported Cooperative Work and Social Computing},
 series = {CSCW '17},
 year = {2017},
 isbn = {978-1-4503-4335-0},
 location = {Portland, Oregon, USA},
 pages = {246--258},
 numpages = {13},
 url = {http://doi.acm.org/10.1145/2998181.2998195},
 doi = {10.1145/2998181.2998195},
 acmid = {2998195},
 publisher = {ACM},
 address = {New York, NY, USA},
 keywords = {art, creative collaboration, creativity, social computing},
}

@inproceedings{Gold:2006:UCS:1121241.1121262,
 author = {Gold, Kevin and Scassellati, Brian},
 title = {Using Context and Sensory Data to Learn First and Second Person Pronouns},
 booktitle = {Proceedings of the 1st ACM SIGCHI/SIGART Conference on Human-robot Interaction},
 series = {HRI '06},
 year = {2006},
 isbn = {1-59593-294-1},
 location = {Salt Lake City, Utah, USA},
 pages = {110--117},
 numpages = {8},
 url = {http://doi.acm.org/10.1145/1121241.1121262},
 doi = {10.1145/1121241.1121262},
 acmid = {1121262},
 publisher = {ACM},
 address = {New York, NY, USA},
 keywords = {autism, deixis, humanoid robot, natural language, pronoun reversal, pronouns, real-time, word learning},
}

@inproceedings{Blythe:2015:SGD:2702123.2702491,
 author = {Blythe, Mark and Steane, Jamie and Roe, Jenny and Oliver, Caroline},
 title = {Solutionism, the Game: Design Fictions for Positive Aging},
 booktitle = {Proceedings of the 33rd Annual ACM Conference on Human Factors in Computing Systems},
 series = {CHI '15},
 year = {2015},
 isbn = {978-1-4503-3145-6},
 location = {Seoul, Republic of Korea},
 pages = {3849--3858},
 numpages = {10},
 url = {http://doi.acm.org/10.1145/2702123.2702491},
 doi = {10.1145/2702123.2702491},
 acmid = {2702491},
 publisher = {ACM},
 address = {New York, NY, USA},
 keywords = {design fiction, older people, positive psychology, solutionism, well being},
}

@inproceedings{Powers:2008:LTM:1389586.1389668,
 author = {Powers, David MW and Leibbrandt, Richard and Pfitzner, Darius and Luerssen, Martin and Lewis, Trent and Abrahamyan, Arman and Stevens, Kate},
 title = {Language Teaching in a Mixed Reality Games Environment},
 booktitle = {Proceedings of the 1st International Conference on PErvasive Technologies Related to Assistive Environments},
 series = {PETRA '08},
 year = {2008},
 isbn = {978-1-60558-067-8},
 location = {Athens, Greece},
 pages = {70:1--70:7},
 articleno = {70},
 numpages = {7},
 url = {http://doi.acm.org/10.1145/1389586.1389668},
 doi = {10.1145/1389586.1389668},
 acmid = {1389668},
 publisher = {ACM},
 address = {New York, NY, USA},
 keywords = {call, embodied conversational agents, exploratory learning, games, human-computer interfaces, mixed reality environment, multi-modal communication, puzzles, second language teaching, serious games},
}

@inproceedings{Jorda:2007:RES:1226969.1226998,
 author = {Jord\`{a}, Sergi and Geiger, G\"{u}nter and Alonso, Marcos and Kaltenbrunner, Martin},
 title = {The reacTable: Exploring the Synergy Between Live Music Performance and Tabletop Tangible Interfaces},
 booktitle = {Proceedings of the 1st International Conference on Tangible and Embedded Interaction},
 series = {TEI '07},
 year = {2007},
 isbn = {978-1-59593-619-6},
 location = {Baton Rouge, Louisiana},
 pages = {139--146},
 numpages = {8},
 url = {http://doi.acm.org/10.1145/1226969.1226998},
 doi = {10.1145/1226969.1226998},
 acmid = {1226998},
 publisher = {ACM},
 address = {New York, NY, USA},
 keywords = {design, interaction techniques, musical instrument, musical performance, tabletop interfaces, tangible interfaces},
}

@inproceedings{Calvi:2004:AH:1012807.1012854,
 author = {Calvi, Licia},
 title = {Adaptivity in Hyperfiction},
 booktitle = {Proceedings of the Fifteenth ACM Conference on Hypertext and Hypermedia},
 series = {HYPERTEXT '04},
 year = {2004},
 isbn = {1-58113-848-2},
 location = {Santa Cruz, CA, USA},
 pages = {163--170},
 numpages = {8},
 url = {http://doi.acm.org/10.1145/1012807.1012854},
 doi = {10.1145/1012807.1012854},
 acmid = {1012854},
 publisher = {ACM},
 address = {New York, NY, USA},
 keywords = {adaptive hyperfiction, conditional linking},
}

@inproceedings{Syed:2017:RAO:3077136.3080835,
 author = {Syed, Rohail and Collins-Thompson, Kevyn},
 title = {Retrieval Algorithms Optimized for Human Learning},
 booktitle = {Proceedings of the 40th International ACM SIGIR Conference on Research and Development in Information Retrieval},
 series = {SIGIR '17},
 year = {2017},
 isbn = {978-1-4503-5022-8},
 location = {Shinjuku, Tokyo, Japan},
 pages = {555--564},
 numpages = {10},
 url = {http://doi.acm.org/10.1145/3077136.3080835},
 doi = {10.1145/3077136.3080835},
 acmid = {3080835},
 publisher = {ACM},
 address = {New York, NY, USA},
 keywords = {assessment of learning in search, intrinsic diversity, retrieval models and ranking},
}

@inproceedings{Palliam:2009:IVD:1836029.1836046,
 author = {Palliam, Ralph},
 title = {Identity, Variety and Destiny in Productive e-Learning with Specific Reference to Desired Learning Outcomes},
 booktitle = {Proceedings of the First Kuwait Conference on e-Services and e-Systems},
 series = {eConf '09},
 year = {2009},
 isbn = {978-1-60558-797-4},
 location = {Kuwait},
 pages = {17:1--17:7},
 articleno = {17},
 numpages = {7},
 url = {http://doi.acm.org/10.1145/1836029.1836046},
 doi = {10.1145/1836029.1836046},
 acmid = {1836046},
 publisher = {ACM},
 address = {New York, NY, USA},
 keywords = {axiology, cultural capital, desired learning outcomes, epistemology, flexible learning, hierarchy of needs, human capital, linear curriculum, pedagogy, social capital},
}

@inproceedings{Whalley:2009:BS:1862712.1862717,
 author = {Whalley, Jacqueline L. and Lister, Raymond},
 title = {The BRACElet 2009.1 (Wellington) Specification},
 booktitle = {Proceedings of the Eleventh Australasian Conference on Computing Education - Volume 95},
 series = {ACE '09},
 year = {2009},
 isbn = {978-1-920682-76-7},
 location = {Wellington, New Zealand},
 pages = {9--18},
 numpages = {10},
 url = {http://dl.acm.org/citation.cfm?id=1862712.1862717},
 acmid = {1862717},
 publisher = {Australian Computer Society, Inc.},
 address = {Darlinghurst, Australia, Australia},
 keywords = {BRACElet, multi-institutional collaboration, novice programming},
}

@inproceedings{Laskowski:2018:PFE:3231644.3231667,
 author = {Laskowski, Paul and Karayev, Sergey and Hearst, Marti A.},
 title = {How Do Professors Format Exams?: An Analysis of Question Variety at Scale},
 booktitle = {Proceedings of the Fifth Annual ACM Conference on Learning at Scale},
 series = {L@S '18},
 year = {2018},
 isbn = {978-1-4503-5886-6},
 location = {London, United Kingdom},
 pages = {54:1--54:10},
 articleno = {54},
 numpages = {10},
 url = {http://doi.acm.org/10.1145/3231644.3231667},
 doi = {10.1145/3231644.3231667},
 acmid = {3231667},
 publisher = {ACM},
 address = {New York, NY, USA},
 keywords = {essay questions, examinations, learning at scale, multiple choice questions, summative evaluations},
}

@inproceedings{Simon:2012:IPE:2483716.2483724,
 author = {Simon and Chinn, Donald and de Raadt, Michael and Philpott, Anne and Sheard, Judy and Laakso, Mikko-Jussi and D'Souza, Daryl and Skene, James and Carbone, Angela and Clear, Tony and Lister, Raymond and Warburton, Geoff},
 title = {Introductory Programming: Examining the Exams},
 booktitle = {Proceedings of the Fourteenth Australasian Computing Education Conference - Volume 123},
 series = {ACE '12},
 year = {2012},
 isbn = {978-1-921770-04-3},
 location = {Melbourne, Australia},
 pages = {61--70},
 numpages = {10},
 url = {http://dl.acm.org/citation.cfm?id=2483716.2483724},
 acmid = {2483724},
 publisher = {Australian Computer Society, Inc.},
 address = {Darlinghurst, Australia, Australia},
 keywords = {computing education, examination papers, introductory programming},
}

@inproceedings{Mickelson:2010:MPE:1935701.1935722,
 author = {Mickelson, Jason and Ju, Wendy},
 title = {Math Propulsion: Engaging Math Learners Through Embodied Performance \&\#38; Visualization},
 booktitle = {Proceedings of the Fifth International Conference on Tangible, Embedded, and Embodied Interaction},
 series = {TEI '11},
 year = {2011},
 isbn = {978-1-4503-0478-8},
 location = {Funchal, Portugal},
 pages = {101--108},
 numpages = {8},
 url = {http://doi.acm.org/10.1145/1935701.1935722},
 doi = {10.1145/1935701.1935722},
 acmid = {1935722},
 publisher = {ACM},
 address = {New York, NY, USA},
 keywords = {cognition, education, embodied, mathematics, visualization},
}

@inproceedings{Alaoutinen:2010:ELS:1930464.1930465,
 author = {Alaoutinen, Satu},
 title = {Effects of Learning Style and Student Background on Self-assessment and Course Performance},
 booktitle = {Proceedings of the 10th Koli Calling International Conference on Computing Education Research},
 series = {Koli Calling '10},
 year = {2010},
 isbn = {978-1-4503-0520-4},
 location = {Koli, Finland},
 pages = {5--12},
 numpages = {8},
 url = {http://doi.acm.org/10.1145/1930464.1930465},
 doi = {10.1145/1930464.1930465},
 acmid = {1930465},
 publisher = {ACM},
 address = {New York, NY, USA},
 keywords = {Bloom's revised taxonomy, learning style, programming, self-assessment},
}

@inproceedings{Honig:2013:TAP:2462476.2462492,
 author = {Honig, William L.},
 title = {Teaching and Assessing Programming Fundamentals for Non Majors with Visual Programming},
 booktitle = {Proceedings of the 18th ACM Conference on Innovation and Technology in Computer Science Education},
 series = {ITiCSE '13},
 year = {2013},
 isbn = {978-1-4503-2078-8},
 location = {Canterbury, England, UK},
 pages = {40--45},
 numpages = {6},
 url = {http://doi.acm.org/10.1145/2462476.2462492},
 doi = {10.1145/2462476.2462492},
 acmid = {2462492},
 publisher = {ACM},
 address = {New York, NY, USA},
 keywords = {app inventor, assessment, bloom's taxonomy, mobile apps},
}

@inproceedings{Wassyng:2011:SCE:2038642.2038676,
 author = {Wassyng, Alan and Lawford, Mark S. and Maibaum, Thomas S.E.},
 title = {Software Certification Experience in the Canadian Nuclear Industry: Lessons for the Future},
 booktitle = {Proceedings of the Ninth ACM International Conference on Embedded Software},
 series = {EMSOFT '11},
 year = {2011},
 isbn = {978-1-4503-0714-7},
 location = {Taipei, Taiwan},
 pages = {219--226},
 numpages = {8},
 url = {http://doi.acm.org/10.1145/2038642.2038676},
 doi = {10.1145/2038642.2038676},
 acmid = {2038676},
 publisher = {ACM},
 address = {New York, NY, USA},
 keywords = {nuclear, safety-critical software, software certification},
}

@inproceedings{Auvinen:2014:SGS:2674683.2674689,
 author = {Auvinen, Tapio and Paavola, Juha and Hartikainen, Juha},
 title = {STOPS: A Graph-based Study Planning and Curriculum Development Tool},
 booktitle = {Proceedings of the 14th Koli Calling International Conference on Computing Education Research},
 series = {Koli Calling '14},
 year = {2014},
 isbn = {978-1-4503-3065-7},
 location = {Koli, Finland},
 pages = {25--34},
 numpages = {10},
 url = {http://doi.acm.org/10.1145/2674683.2674689},
 doi = {10.1145/2674683.2674689},
 acmid = {2674689},
 publisher = {ACM},
 address = {New York, NY, USA},
 keywords = {curriculum design, curriculum development, curriculum mapping, curriculum visualization, study planning},
}

@article{Brusilovsky:2005:IES:1163405.1163411,
 author = {Brusilovsky, Peter and Sosnovsky, Sergey},
 title = {Individualized Exercises for Self-assessment of Programming Knowledge: An Evaluation of QuizPACK},
 journal = {J. Educ. Resour. Comput.},
 issue_date = {September 2005},
 volume = {5},
 number = {3},
 month = sep,
 year = {2005},
 issn = {1531-4278},
 articleno = {6},
 url = {http://doi.acm.org/10.1145/1163405.1163411},
 doi = {10.1145/1163405.1163411},
 acmid = {1163411},
 publisher = {ACM},
 address = {New York, NY, USA},
 keywords = {E-learning, assessment, classroom study, code execution, individualized exercises, introductory programming, parameterized questions},
}

@inproceedings{Szabo:2018:UEL:3174781.3174787,
 author = {Szabo, Claudia and Falkner, Nickolas and Knutas, Antti and Dorodchi, Mohsen},
 title = {Understanding the Effects of Lecturer Intervention on Computer Science Student Behaviour},
 booktitle = {Proceedings of the 2017 ITiCSE Conference on Working Group Reports},
 series = {ITiCSE-WGR '17},
 year = {2017},
 isbn = {978-1-4503-5627-5},
 location = {Bologna, Italy},
 pages = {105--124},
 numpages = {20},
 url = {http://doi.acm.org/10.1145/3174781.3174787},
 doi = {10.1145/3174781.3174787},
 acmid = {3174787},
 publisher = {ACM},
 address = {New York, NY, USA},
 keywords = {intervention, systematic literature review},
}

@inproceedings{Frezza:2018:MCC:3293881.3295782,
 author = {Frezza, Stephen and Daniels, Mats and Pears, Arnold and Cajander, \AAsa and Kann, Viggo and Kapoor, Amanpreet and McDermott, Roger and Peters, Anne-Kathrin and Sabin, Mihaela and Wallace, Charles},
 title = {Modelling Competencies for Computing Education Beyond 2020: A Research Based Approach to Defining Competencies in the Computing Disciplines},
 booktitle = {Proceedings Companion of the 23rd Annual ACM Conference on Innovation and Technology in Computer Science Education},
 series = {ITiCSE 2018 Companion},
 year = {2018},
 isbn = {978-1-4503-6223-8},
 location = {Larnaca, Cyprus},
 pages = {148--174},
 numpages = {27},
 url = {http://doi.acm.org/10.1145/3293881.3295782},
 doi = {10.1145/3293881.3295782},
 acmid = {3295782},
 publisher = {ACM},
 address = {New York, NY, USA},
 keywords = {CC2020, Computing competencies, Professional competencies, curriculum guidelines},
}

@inproceedings{Lister:2008:AGR:1379249.1379269,
 author = {Lister, Raymond},
 title = {After the Gold Rush: Toward Sustainable Scholarship in Computing},
 booktitle = {Proceedings of the Tenth Conference on Australasian Computing Education - Volume 78},
 series = {ACE '08},
 year = {2008},
 isbn = {978-1-920682-59-0},
 location = {Wollongong, NSW, Australia},
 pages = {3--17},
 numpages = {15},
 url = {http://dl.acm.org/citation.cfm?id=1379249.1379269},
 acmid = {1379269},
 publisher = {Australian Computer Society, Inc.},
 address = {Darlinghurst, Australia, Australia},
 keywords = {action research, discipline-based education research, scholarship of teaching and learning},
}

@article{O'Connor:2010:MVM:1773652.1773667,
 author = {O'Connor, Cian and Fitzpatrick, Geraldine},
 title = {Making Video Mundane: Intellectual Disability and the Use of Camcorders},
 journal = {Personal Ubiquitous Comput.},
 issue_date = {April     2010},
 volume = {14},
 number = {3},
 month = apr,
 year = {2010},
 issn = {1617-4909},
 pages = {197--208},
 numpages = {12},
 url = {http://dx.doi.org/10.1007/s00779-009-0258-z},
 doi = {10.1007/s00779-009-0258-z},
 acmid = {1773667},
 publisher = {Springer-Verlag},
 address = {London, UK, UK},
 keywords = {Assistive technology, Case study, Disability, Domestication, Ethnography, Intellectual disability, Mundane technology, Video, Video cameras},
}

@inproceedings{Petri:2017:QGT:3103028.3103052,
 author = {Petri, Giani and von Wangenheim, Christiane Gresse and Borgatto, Adriano Ferreti},
 title = {Quality of Games for Teaching Software Engineering: An Analysis of Empirical Evidences of Digital and Non-digital Games},
 booktitle = {Proceedings of the 39th International Conference on Software Engineering: Software Engineering and Education Track},
 series = {ICSE-SEET '17},
 year = {2017},
 isbn = {978-1-5386-2671-9},
 location = {Buenos Aires, Argentina},
 pages = {150--159},
 numpages = {10},
 url = {https://doi.org/10.1109/ICSE-SEET.2017.18},
 doi = {10.1109/ICSE-SEET.2017.18},
 acmid = {3103052},
 publisher = {IEEE Press},
 address = {Piscataway, NJ, USA},
 keywords = {SE game, empirical evidence, evaluation},
}

@inproceedings{Petri:2017:LEM:3103028.3103055,
 author = {Petri, Giani and von Wangenheim, Christiane Gresse and Borgatto, Adriano Ferreti},
 title = {A Large-scale Evaluation of a Model for the Evaluation of Games for Teaching Software Engineering},
 booktitle = {Proceedings of the 39th International Conference on Software Engineering: Software Engineering and Education Track},
 series = {ICSE-SEET '17},
 year = {2017},
 isbn = {978-1-5386-2671-9},
 location = {Buenos Aires, Argentina},
 pages = {180--189},
 numpages = {10},
 url = {https://doi.org/10.1109/ICSE-SEET.2017.11},
 doi = {10.1109/ICSE-SEET.2017.11},
 acmid = {3103055},
 publisher = {IEEE Press},
 address = {Piscataway, NJ, USA},
 keywords = {SE games, large-scale evaluation, questionnaire},
}

@inproceedings{Lister:2011:CON:2459936.2459938,
 author = {Lister, Raymond},
 title = {Concrete and Other neo-Piagetian Forms of Reasoning in the Novice Programmer},
 booktitle = {Proceedings of the Thirteenth Australasian Computing Education Conference - Volume 114},
 series = {ACE '11},
 year = {2011},
 isbn = {978-1-920682-94-1},
 location = {Perth, Australia},
 pages = {9--18},
 numpages = {10},
 url = {http://dl.acm.org/citation.cfm?id=2459936.2459938},
 acmid = {2459938},
 publisher = {Australian Computer Society, Inc.},
 address = {Darlinghurst, Australia, Australia},
 keywords = {neo-Piagetian, novice programmer},
}

@inproceedings{Xie:2008:ABS:1409720.1409723,
 author = {Xie, Shaohua and Kraemer, Eileen and Stirewalt, R. E. K. and Dillon, Laura K. and Fleming, Scott D.},
 title = {Assessing the Benefits of Synchronization-adorned Sequence Diagrams: Two Controlled Experiments},
 booktitle = {Proceedings of the 4th ACM Symposium on Software Visualization},
 series = {SoftVis '08},
 year = {2008},
 isbn = {978-1-60558-112-5},
 location = {Ammersee, Germany},
 pages = {9--18},
 numpages = {10},
 url = {http://doi.acm.org/10.1145/1409720.1409723},
 doi = {10.1145/1409720.1409723},
 acmid = {1409723},
 publisher = {ACM},
 address = {New York, NY, USA},
 keywords = {UML, concurrency and synchronization, empirical evaluation},
}

@inproceedings{Brooks:2014:DCU:2556325.2566243,
 author = {Brooks, Michael and Basu, Sumit and Jacobs, Charles and Vanderwende, Lucy},
 title = {Divide and Correct: Using Clusters to Grade Short Answers at Scale},
 booktitle = {Proceedings of the First ACM Conference on Learning @ Scale Conference},
 series = {L@S '14},
 year = {2014},
 isbn = {978-1-4503-2669-8},
 location = {Atlanta, Georgia, USA},
 pages = {89--98},
 numpages = {10},
 url = {http://doi.acm.org/10.1145/2556325.2566243},
 doi = {10.1145/2556325.2566243},
 acmid = {2566243},
 publisher = {ACM},
 address = {New York, NY, USA},
 keywords = {assessment, clustering, clustering interfaces, grading, grading interfaces, moocs, user interfaces},
}

@inproceedings{Glassman:2016:LPH:2818048.2820011,
 author = {Glassman, Elena L. and Lin, Aaron and Cai, Carrie J. and Miller, Robert C.},
 title = {Learnersourcing Personalized Hints},
 booktitle = {Proceedings of the 19th ACM Conference on Computer-Supported Cooperative Work \& Social Computing},
 series = {CSCW '16},
 year = {2016},
 isbn = {978-1-4503-3592-8},
 location = {San Francisco, California, USA},
 pages = {1626--1636},
 numpages = {11},
 url = {http://doi.acm.org/10.1145/2818048.2820011},
 doi = {10.1145/2818048.2820011},
 acmid = {2820011},
 publisher = {ACM},
 address = {New York, NY, USA},
 keywords = {crowdsourcing, learning at scale},
}

@article{RoBling:2006:MIV:1189136.1189184,
 author = {R\"{o}\ssling, Guido and Naps, Thomas and Hall, Mark S. and Karavirta, Ville and Kerren, Andreas and Leska, Charles and Moreno, Andr{\'e}s and Oechsle, Rainer and Rodger, Susan H. and Urquiza-Fuentes, Jaime and Vel\'{a}zquez-Iturbide, J. \'{A}ngel},
 title = {Merging Interactive Visualizations with Hypertextbooks and Course Management},
 journal = {SIGCSE Bull.},
 issue_date = {December 2006},
 volume = {38},
 number = {4},
 month = jun,
 year = {2006},
 issn = {0097-8418},
 pages = {166--181},
 numpages = {16},
 url = {http://doi.acm.org/10.1145/1189136.1189184},
 doi = {10.1145/1189136.1189184},
 acmid = {1189184},
 publisher = {ACM},
 address = {New York, NY, USA},
 keywords = {animation, hypertextbooks, pedagogy, visualization},
}

@inproceedings{RoBling:2006:MIV:1189215.1189184,
 author = {R\"{o}\ssling, Guido and Naps, Thomas and Hall, Mark S. and Karavirta, Ville and Kerren, Andreas and Leska, Charles and Moreno, Andr{\'e}s and Oechsle, Rainer and Rodger, Susan H. and Urquiza-Fuentes, Jaime and Vel\'{a}zquez-Iturbide, J. \'{A}ngel},
 title = {Merging Interactive Visualizations with Hypertextbooks and Course Management},
 booktitle = {Working Group Reports on ITiCSE on Innovation and Technology in Computer Science Education},
 series = {ITiCSE-WGR '06},
 year = {2006},
 isbn = {1-59593-603-3},
 location = {Bologna, Italy},
 pages = {166--181},
 numpages = {16},
 url = {http://doi.acm.org/10.1145/1189215.1189184},
 doi = {10.1145/1189215.1189184},
 acmid = {1189184},
 publisher = {ACM},
 address = {New York, NY, USA},
 keywords = {animation, hypertextbooks, pedagogy, visualization},
}

@inproceedings{Duran:2018:TAP:3230977.3230986,
 author = {Duran, Rodrigo and Sorva, Juha and Leite, Sofia},
 title = {Towards an Analysis of Program Complexity From a Cognitive Perspective},
 booktitle = {Proceedings of the 2018 ACM Conference on International Computing Education Research},
 series = {ICER '18},
 year = {2018},
 isbn = {978-1-4503-5628-2},
 location = {Espoo, Finland},
 pages = {21--30},
 numpages = {10},
 url = {http://doi.acm.org/10.1145/3230977.3230986},
 doi = {10.1145/3230977.3230986},
 acmid = {3230986},
 publisher = {ACM},
 address = {New York, NY, USA},
 keywords = {cognitive load theory, complexity, model of hierarchical complexity, plan-composition strategies, program cognitive complexity},
}

@article{Drachova:2015:TMR:2809889.2716316,
 author = {Drachova, Svetlana V. and Hallstrom, Jason O. and Hollingsworth, Joseph E. and Krone, Joan and Pak, Rich and Sitaraman, Murali},
 title = {Teaching Mathematical Reasoning Principles for Software Correctness and Its Assessment},
 journal = {Trans. Comput. Educ.},
 issue_date = {September 2015},
 volume = {15},
 number = {3},
 month = aug,
 year = {2015},
 issn = {1946-6226},
 pages = {15:1--15:22},
 articleno = {15},
 numpages = {22},
 url = {http://doi.acm.org/10.1145/2716316},
 doi = {10.1145/2716316},
 acmid = {2716316},
 publisher = {ACM},
 address = {New York, NY, USA},
 keywords = {Evaluation, components, formal methods, learning outcomes, objects, specifications},
}

@techreport{Austing:2002:GAP:2593245,
 author = {Austing, Richard and Campbell, Robert D. and Cover, C. Fay and Hawthorne, Elizabeth K. and Klee, Karl J.},
 title = {Guidelines for Associate-degree Programs in Computer Science},
 year = {2002},
 isbn = {1-58113-559-9},
 note = {100020},
 publisher = {ACM},
 address = {New York, NY, USA},
}

@inproceedings{Luxton-Reilly:2018:IPS:3293881.3295779,
 author = {Luxton-Reilly, Andrew and Simon and Albluwi, Ibrahim and Becker, Brett A. and Giannakos, Michail and Kumar, Amruth N. and Ott, Linda and Paterson, James and Scott, Michael James and Sheard, Judy and Szabo, Claudia},
 title = {Introductory Programming: A Systematic Literature Review},
 booktitle = {Proceedings Companion of the 23rd Annual ACM Conference on Innovation and Technology in Computer Science Education},
 series = {ITiCSE 2018 Companion},
 year = {2018},
 isbn = {978-1-4503-6223-8},
 location = {Larnaca, Cyprus},
 pages = {55--106},
 numpages = {52},
 url = {http://doi.acm.org/10.1145/3293881.3295779},
 doi = {10.1145/3293881.3295779},
 acmid = {3295779},
 publisher = {ACM},
 address = {New York, NY, USA},
 keywords = {CS1, ITiCSE working group, SLR, introductory programming, literature review, novice programming, overview, review, systematic literature review, systematic review},
}

@techreport{Hawthorne:2014:ITC:2686614,
 editor = {Hawthorne, Elizabeth K. and Campbell, Robert D. and Tang, Cara and Tucker, Cindy S. and Nichols, Jim},
 title = {Information Technology Competency Model of Core Learning Outcomes and Assessment for Associate-Degree Curriculum},
 year = {2014},
 isbn = {978-1-4503-3918-6},
 note = {ACM Order No.: 999140},
 publisher = {ACM},
 address = {New York, NY, USA},
}

@inproceedings{Korhonen:2013:RDS:2543882.2543886,
 author = {Korhonen, Ari and Naps, Thomas and Boisvert, Charles and Crescenzi, Pilu and Karavirta, Ville and Mannila, Linda and Miller, Bradley and Morrison, Briana and Rodger, Susan H. and Ross, Rocky and Shaffer, Clifford A.},
 title = {Requirements and Design Strategies for Open Source Interactive Computer Science eBooks},
 booktitle = {Proceedings of the ITiCSE Working Group Reports Conference on Innovation and Technology in Computer Science Education-working Group Reports},
 series = {ITiCSE -WGR '13},
 year = {2013},
 isbn = {978-1-4503-2665-0},
 location = {Canterbury, England, United Kingdom},
 pages = {53--72},
 numpages = {20},
 url = {http://doi.acm.org/10.1145/2543882.2543886},
 doi = {10.1145/2543882.2543886},
 acmid = {2543886},
 publisher = {ACM},
 address = {New York, NY, USA},
 keywords = {algorithm visualization, automated assessment, digital education, hypertext, interactive eBook},
}

@article{Enstrom:2017:IIL:3003827.3018109,
 author = {Enstr\"{o}m, Emma and Kann, Viggo},
 title = {Iteratively Intervening with the \&Ldquo;Most Difficult\&Rdquo; Topics of an Algorithms and Complexity Course},
 journal = {Trans. Comput. Educ.},
 issue_date = {January 2017},
 volume = {17},
 number = {1},
 month = jan,
 year = {2017},
 issn = {1946-6226},
 pages = {4:1--4:38},
 articleno = {4},
 numpages = {38},
 url = {http://doi.acm.org/10.1145/3018109},
 doi = {10.1145/3018109},
 acmid = {3018109},
 publisher = {ACM},
 address = {New York, NY, USA},
 keywords = {Algorithm visualization, NP-completeness, assessment, dynamic programming, pattern-oriented instruction, proofs, self-efficacy},
}

@inproceedings{Heitlinger:2019:RSS:3290605.3300517,
 author = {Heitlinger, Sara and Bryan-Kinns, Nick and Comber, Rob},
 title = {The Right to the Sustainable Smart City},
 booktitle = {Proceedings of the 2019 CHI Conference on Human Factors in Computing Systems},
 series = {CHI '19},
 year = {2019},
 isbn = {978-1-4503-5970-2},
 location = {Glasgow, Scotland Uk},
 pages = {287:1--287:13},
 articleno = {287},
 numpages = {13},
 url = {http://doi.acm.org/10.1145/3290605.3300517},
 doi = {10.1145/3290605.3300517},
 acmid = {3300517},
 publisher = {ACM},
 address = {New York, NY, USA},
 keywords = {anthropocene, civic iot, hybrid cities, internet of things, right to the city, smart cities, spatial autogestion, sustainable hci, urban agriculture},
}

@techreport{TheJointTaskForceonComputingCurricula:2015:CGU:2965631,
 author = {The Joint Task Force on Computing Curricula},
 title = {Curriculum Guidelines for Undergraduate Degree Programs in Software Engineering},
 year = {2015},
 publisher = {ACM},
 address = {New York, NY, USA},
}

@article{Grissom:2017:SCC:3155324.3143200,
 author = {Grissom, Scott and Mccauley, Ren{\'e}e and Murphy, Laurie},
 title = {How Student Centered is the Computer Science Classroom\&\#x003F; A Survey of College Faculty},
 journal = {ACM Trans. Comput. Educ.},
 issue_date = {December 2017},
 volume = {18},
 number = {1},
 month = nov,
 year = {2017},
 issn = {1946-6226},
 pages = {5:1--5:27},
 articleno = {5},
 numpages = {27},
 url = {http://doi.acm.org/10.1145/3143200},
 doi = {10.1145/3143200},
 acmid = {3143200},
 publisher = {ACM},
 address = {New York, NY, USA},
 keywords = {Instructional practice, active learning, evidence-based instructional practices, instructor-centered, studentcentered},
}

@article{Almstrum:1996:ETT:237477.237648,
 author = {Almstrum, Vicki L. and Dale, Nell and Berglund, Anders and Granger, Mary and Little, Joyce Currie and Miller, Diane M. and Petre, Marian and Schragger, Paul and Springsteel, Fred},
 title = {Evaluation: Turning Technology from Toy to Tool: Report of the Working Group on Evaluation},
 journal = {SIGCSE Bull.},
 issue_date = {1996},
 volume = {28},
 number = {SI},
 month = jan,
 year = {1996},
 issn = {0097-8418},
 pages = {201--217},
 numpages = {17},
 url = {http://doi.acm.org/10.1145/237477.237648},
 doi = {10.1145/237477.237648},
 acmid = {237648},
 publisher = {ACM},
 address = {New York, NY, USA},
}

@article{Almstrum:1996:ETT:1013718.237648,
 author = {Almstrum, Vicki L. and Dale, Nell and Berglund, Anders and Granger, Mary and Little, Joyce Currie and Miller, Diane M. and Petre, Marian and Schragger, Paul and Springsteel, Fred},
 title = {Evaluation: Turning Technology from Toy to Tool: Report of the Working Group on Evaluation},
 journal = {SIGCUE Outlook},
 issue_date = {Jan.-July, 1996},
 volume = {24},
 number = {1-3},
 month = jan,
 year = {1996},
 issn = {0163-5735},
 pages = {201--217},
 numpages = {17},
 url = {http://doi.acm.org/10.1145/1013718.237648},
 doi = {10.1145/1013718.237648},
 acmid = {237648},
 publisher = {ACM},
 address = {New York, NY, USA},
}

@inproceedings{Almstrum:1996:ETT:237466.237648,
 author = {Almstrum, Vicki L. and Dale, Nell and Berglund, Anders and Granger, Mary and Little, Joyce Currie and Miller, Diane M. and Petre, Marian and Schragger, Paul and Springsteel, Fred},
 title = {Evaluation: Turning Technology from Toy to Tool: Report of the Working Group on Evaluation},
 booktitle = {Proceedings of the 1st Conference on Integrating Technology into Computer Science Education},
 series = {ITiCSE '96},
 year = {1996},
 isbn = {0-89791-844-4},
 location = {Barcelona, Spain},
 pages = {201--217},
 numpages = {17},
 url = {http://doi.acm.org/10.1145/237466.237648},
 doi = {10.1145/237466.237648},
 acmid = {237648},
 publisher = {ACM},
 address = {New York, NY, USA},
}

@article{Davis:1996:9MC:511965.512222,
 author = {Davis, Gordon B. and Gorgone, John T. and Couger, J. Daniel and Feinstein, David L. and Longenecker,Jr., Herbert E.},
 title = {IS '97: Model Curriculum and Guidelines for Undergraduate Degree Programs in Information Systems},
 journal = {SIGMIS Database},
 issue_date = {Winter 1996},
 volume = {28},
 number = {1},
 month = dec,
 year = {1996},
 issn = {0095-0033},
 pages = {101--194},
 numpages = {94},
 url = {http://doi.acm.org/10.1145/511965.512222},
 doi = {10.1145/511965.512222},
 acmid = {512222},
 publisher = {ACM},
 address = {New York, NY, USA},
}

@inproceedings{Davis:1996:9MC:512249.512222,
 author = {Davis, Gordon B. and Gorgone, John T. and Couger, J. Daniel and Feinstein, David L. and Longenecker,Jr., Herbert E.},
 title = {IS '97: Model Curriculum and Guidelines for Undergraduate Degree Programs in Information Systems},
 booktitle = {Guidelines for Undergraduate Degree Programs on Model Curriculum and Guidelines for Undergraduate Degree Programs in Information Systems},
 series = {IS '97},
 year = {1997},
 pages = {1--94},
 numpages = {94},
 url = {http://doi.acm.org/10.1145/512249.512222},
 doi = {10.1145/512249.512222},
 acmid = {512222},
 publisher = {ACM},
 address = {New York, NY, USA},
}

@techreport{TheJointTaskForceonComputingCurricula:2004:CGU:2594168,
 author = {The Joint Task Force on Computing Curricula},
 title = {Curriculum Guidelines for Undergraduate Degree Programs in Software Engineering},
 year = {2004},
 publisher = {ACM},
 address = {New York, NY, USA},
}

@book{ACMCommitteeforComputingEducationinCommunityColleges(CCECC):2017:ACS:3108241,
 author = {ACM Committee for Computing Education in Community Colleges (CCECC)},
 title = {ACM Computer Science Curricular Guidance for Associate-Degree Transfer Programs with Infused Cybersecurity},
 year = {2017},
 isbn = {978-1-4503-5369-4},
 publisher = {ACM},
 address = {New York, NY, USA},
}

@techreport{Davis:1997:MCG:2593308,
 author = {Davis, Gordon B. and Gorgone, John T. and Couger, J. Daniel and Feinstein, David L. and Longenecker,Jr., Herbert E.},
 title = {Model Curriculum and Guidelines for Undergraduate Degree Programs in Information Systems},
 year = {1997},
 publisher = {ACM},
 address = {New York, NY, USA},
}

@inproceedings{Barendsen:2015:CKC:2858796.2858800,
 author = {Barendsen, Erik and Mannila, Linda and Demo, Barbara and Grgurina, Nata\v{s}a and Izu, Cruz and Mirolo, Claudio and Sentance, Sue and Settle, Amber and Stupurien\.{e}, Gabriel\.{e}},
 title = {Concepts in K-9 Computer Science Education},
 booktitle = {Proceedings of the 2015 ITiCSE on Working Group Reports},
 series = {ITICSE-WGR '15},
 year = {2015},
 isbn = {978-1-4503-4146-2},
 location = {Vilnius, Lithuania},
 pages = {85--116},
 numpages = {32},
 url = {http://doi.acm.org/10.1145/2858796.2858800},
 doi = {10.1145/2858796.2858800},
 acmid = {2858800},
 publisher = {ACM},
 address = {New York, NY, USA},
 keywords = {assessment, bebras, cs concepts, curricula, k-9 education, teachers},
}

@inproceedings{Ross:1986:PVP:12178.12180,
 author = {Ross, Douglas},
 title = {A Personal View of the Personal Work Station: Some Firsts in the Fifties},
 booktitle = {Proceedings of the ACM Conference on The History of Personal Workstations},
 series = {HPW '86},
 year = {1986},
 isbn = {0-89791-176-8},
 location = {Palo Alto, California, USA},
 pages = {19--48},
 numpages = {30},
 url = {http://doi.acm.org/10.1145/12178.12180},
 doi = {10.1145/12178.12180},
 acmid = {12180},
 publisher = {ACM},
 address = {New York, NY, USA},
}

@incollection{Ross:1988:PVP:61975.66914,
 author = {Ross, D.},
 chapter = {A Personal View of the Personal Work Station: Some Firsts in the Fifties},
 title = {A History of Personal Workstations},
 editor = {Goldberg, Adele},
 year = {1988},
 isbn = {0-201-11259-0},
 pages = {51--114},
 numpages = {64},
 url = {http://doi.acm.org/10.1145/61975.66914},
 doi = {10.1145/61975.66914},
 acmid = {66914},
 publisher = {ACM},
 address = {New York, NY, USA},
}

@article{RoBling:2008:ELM:1473195.1473239,
 author = {R\"{o}\ssling, Guido and Joy, Mike and Moreno, Andr{\'e}s and Radenski, Atanas and Malmi, Lauri and Kerren, Andreas and Naps, Thomas and Ross, Rockford J. and Clancy, Michael and Korhonen, Ari and Oechsle, Rainer and Iturbide, J. \'{A}ngel Vel\'{a}zquez},
 title = {Enhancing Learning Management Systems to Better Support Computer Science Education},
 journal = {SIGCSE Bull.},
 issue_date = {December 2008},
 volume = {40},
 number = {4},
 month = nov,
 year = {2008},
 issn = {0097-8418},
 pages = {142--166},
 numpages = {25},
 url = {http://doi.acm.org/10.1145/1473195.1473239},
 doi = {10.1145/1473195.1473239},
 acmid = {1473239},
 publisher = {ACM},
 address = {New York, NY, USA},
 keywords = {CALMS, LMS, computer science education, computing augmented learning management system, learning management system},
}

@inproceedings{Phelps:2005:OCP:1198555.1198686,
 author = {Phelps, Andrew M. and Egert, Christopher A. and Bierre, Kevin J. and Parks, David M.},
 title = {An Open-source CVE for Programming Education: A Case Study},
 booktitle = {ACM SIGGRAPH 2005 Courses},
 series = {SIGGRAPH '05},
 year = {2005},
 location = {Los Angeles, California},
 articleno = {1},
 url = {http://doi.acm.org/10.1145/1198555.1198686},
 doi = {10.1145/1198555.1198686},
 acmid = {1198686},
 publisher = {ACM},
 address = {New York, NY, USA},
}

@article{Wegner:1990:CPO:382192.383004,
 author = {Wegner, Peter},
 title = {Concepts and Paradigms of Object-oriented Programming},
 journal = {SIGPLAN OOPS Mess.},
 issue_date = {Aug. 1990},
 volume = {1},
 number = {1},
 month = aug,
 year = {1990},
 issn = {1055-6400},
 pages = {7--87},
 numpages = {81},
 url = {http://doi.acm.org/10.1145/382192.383004},
 doi = {10.1145/382192.383004},
 acmid = {383004},
 publisher = {ACM},
 address = {New York, NY, USA},
}

@inproceedings{Hellas:2018:PAP:3293881.3295783,
 author = {Hellas, Arto and Ihantola, Petri and Petersen, Andrew and Ajanovski, Vangel V. and Gutica, Mirela and Hynninen, Timo and Knutas, Antti and Leinonen, Juho and Messom, Chris and Liao, Soohyun Nam},
 title = {Predicting Academic Performance: A Systematic Literature Review},
 booktitle = {Proceedings Companion of the 23rd Annual ACM Conference on Innovation and Technology in Computer Science Education},
 series = {ITiCSE 2018 Companion},
 year = {2018},
 isbn = {978-1-4503-6223-8},
 location = {Larnaca, Cyprus},
 pages = {175--199},
 numpages = {25},
 url = {http://doi.acm.org/10.1145/3293881.3295783},
 doi = {10.1145/3293881.3295783},
 acmid = {3295783},
 publisher = {ACM},
 address = {New York, NY, USA},
 keywords = {analytics, educational data mining, learning analytics, literature review, mapping study, performance, prediction},
}

@book{Oviatt:2018:HMI:3107990,
 editor = {Oviatt, Sharon and Schuller, Bj\"{o}rn and Cohen, Philip R. and Sonntag, Daniel and Potamianos, Gerasimos and Kr\"{u}ger, Antonio},
 title = {The Handbook of Multimodal-Multisensor Interfaces: Signal Processing, Architectures, and Detection of Emotion and Cognition - Volume 2},
 year = {2019},
 isbn = {978-1-97000-171-6},
 volume = {2},
 publisher = {Association for Computing Machinery and Morgan \&\#38; Claypool},
 address = {New York, NY, USA},
}

