@inproceedings{Katuk:2010:SBR:1832838.1832843,
 author = {Katuk, Norliza and Ryu, Hokyoung},
 title = {Seeing is Believing?: Rehearsing Mayer's Multimedia Effects in Intelligent Tutoring Systems},
 booktitle = {Proceedings of the 11th International Conference of the NZ Chapter of the ACM Special Interest Group on Human-Computer Interaction},
 series = {CHINZ '10},
 year = {2010},
 isbn = {978-1-4503-0104-6},
 location = {Auckland, New Zealand},
 pages = {25--28},
 numpages = {4},
 url = {http://doi.acm.org/10.1145/1832838.1832843},
 doi = {10.1145/1832838.1832843},
 acmid = {1832843},
 publisher = {ACM},
 address = {New York, NY, USA},
 keywords = {e-learning, intelligent tutoring systems (ITSs), modality, multimedia, multimedia effect, types of knowledge},
}

@inproceedings{Schueler:2008:MEM:1599871.1599910,
 author = {Schueler, Anne and Scheiter, Katharina and Gerjets, Peter and Rummer, Ralf},
 title = {The Modality Effect in Multimedia Learning: Theoretical and Empirical Limitations},
 booktitle = {Proceedings of the 8th International Conference on International Conference for the Learning Sciences - Volume 2},
 series = {ICLS'08},
 year = {2008},
 location = {Utrecht, The Netherlands},
 pages = {311--318},
 numpages = {8},
 url = {http://dl.acm.org/citation.cfm?id=1599871.1599910},
 acmid = {1599910},
 publisher = {International Society of the Learning Sciences},
}

@inproceedings{Surjono:2017:EVA:3175536.3175558,
 author = {Surjono, Herman D. and Muhtadi, Ali},
 title = {The Effects of Various Animation-Based Multimedia Learning in e-Learning Course},
 booktitle = {Proceedings of the 2017 9th International Conference on Education Technology and Computers},
 series = {ICETC 2017},
 year = {2017},
 isbn = {978-1-4503-5435-6},
 location = {Barcelona, Spain},
 pages = {117--121},
 numpages = {5},
 url = {http://doi.acm.org/10.1145/3175536.3175558},
 doi = {10.1145/3175536.3175558},
 acmid = {3175558},
 publisher = {ACM},
 address = {New York, NY, USA},
 keywords = {Animation, Modality, Multimedia learning, e-Learning},
}

@inproceedings{Paek:2011:RMV:1979742.1979839,
 author = {Paek, Seungoh and Hoffman, Dan and Saravanos, Antonios and Black, John and Kinzer, Charles},
 title = {The Role of Modality in Virtual Manipulative Design},
 booktitle = {CHI '11 Extended Abstracts on Human Factors in Computing Systems},
 series = {CHI EA '11},
 year = {2011},
 isbn = {978-1-4503-0268-5},
 location = {Vancouver, BC, Canada},
 pages = {1747--1752},
 numpages = {6},
 url = {http://doi.acm.org/10.1145/1979742.1979839},
 doi = {10.1145/1979742.1979839},
 acmid = {1979839},
 publisher = {ACM},
 address = {New York, NY, USA},
 keywords = {children, design principles, multimedia learning environments, virtual manipulatives},
}

@inproceedings{Shaban:2019:LDF:3290607.3312806,
 author = {Shaban, Adel and Pearson, Elaine},
 title = {A Learning Design Framework to Support Children with Learning Disabilities Incorporating Gamification Techniques},
 booktitle = {Extended Abstracts of the 2019 CHI Conference on Human Factors in Computing Systems},
 series = {CHI EA '19},
 year = {2019},
 isbn = {978-1-4503-5971-9},
 location = {Glasgow, Scotland Uk},
 pages = {LBW0284:1--LBW0284:6},
 articleno = {LBW0284},
 numpages = {6},
 url = {http://doi.acm.org/10.1145/3290607.3312806},
 doi = {10.1145/3290607.3312806},
 acmid = {3312806},
 publisher = {ACM},
 address = {New York, NY, USA},
 keywords = {HCI, cognitive load, design guidelines, gamification framework, gamification techniques, learning disabilities, user-centered, working memory},
}

@inproceedings{Ertelt:2006:MDE:1150034.1150057,
 author = {Ertelt, Anna and Renkl, Alexander and Spada, Hans},
 title = {Making a Difference: Exploiting the Full Potential of Instructionally Designed On-screen Videos},
 booktitle = {Proceedings of the 7th International Conference on Learning Sciences},
 series = {ICLS '06},
 year = {2006},
 isbn = {0-8058-6174-2},
 location = {Bloomington, Indiana},
 pages = {154--160},
 numpages = {7},
 url = {http://dl.acm.org/citation.cfm?id=1150034.1150057},
 acmid = {1150057},
 publisher = {International Society of the Learning Sciences},
}

@inproceedings{Kadir:2017:DDD:3022227.3022234,
 author = {Kadir, Zahidah Abd and Baboo, Shanti Balraj and Rosni, Nurul Shuhadah and Rahman, Zaidatul Husna Abd and Bakar, Nurulain Abu},
 title = {Design \&\#38; Development of Digital Learning Resource (BMT): Blended Learning Approach},
 booktitle = {Proceedings of the 11th International Conference on Ubiquitous Information Management and Communication},
 series = {IMCOM '17},
 year = {2017},
 isbn = {978-1-4503-4888-1},
 location = {Beppu, Japan},
 pages = {8:1--8:7},
 articleno = {8},
 numpages = {7},
 url = {http://doi.acm.org/10.1145/3022227.3022234},
 doi = {10.1145/3022227.3022234},
 acmid = {3022234},
 publisher = {ACM},
 address = {New York, NY, USA},
 keywords = {blended learning, digital learning resource, physical therapy, physiotherapy education},
}

@inproceedings{Xie:2012:CET:2132176.2132207,
 author = {Xie, Bo and Yeh, Tom and Walsh, Greg and Watkins, Ivan and Huang, Man},
 title = {Co-designing an e-Health Tutorial for Older Adults},
 booktitle = {Proceedings of the 2012 iConference},
 series = {iConference '12},
 year = {2012},
 isbn = {978-1-4503-0782-6},
 location = {Toronto, Ontario, Canada},
 pages = {240--247},
 numpages = {8},
 url = {http://doi.acm.org/10.1145/2132176.2132207},
 doi = {10.1145/2132176.2132207},
 acmid = {2132207},
 publisher = {ACM},
 address = {New York, NY, USA},
 keywords = {e-health literacy, health information seeking, integrated e-tutorial, participatory design},
}

@inproceedings{Janeiro:2016:OOP:3012430.3012545,
 author = {Janeiro, Giselle and Jacob, Lu\'{\i}s and Rodr\'{\i}guez-Conde, Mar\'{\i}a Jos{\'e}},
 title = {OPALESCE: Online Portal and Active Learning System for Senior Citizens in Europe},
 booktitle = {Proceedings of the Fourth International Conference on Technological Ecosystems for Enhancing Multiculturality},
 series = {TEEM '16},
 year = {2016},
 isbn = {978-1-4503-4747-1},
 location = {Salamanca, Spain},
 pages = {389--393},
 numpages = {5},
 url = {http://doi.acm.org/10.1145/3012430.3012545},
 doi = {10.1145/3012430.3012545},
 acmid = {3012545},
 publisher = {ACM},
 address = {New York, NY, USA},
 keywords = {OPALESCE, distance learning, interactive task system, learning concept design, micro units},
}

@inproceedings{Morrison:2017:DMC:3105726.3106191,
 author = {Morrison, Briana B.},
 title = {Dual Modality Code Explanations for Novices: Unexpected Results},
 booktitle = {Proceedings of the 2017 ACM Conference on International Computing Education Research},
 series = {ICER '17},
 year = {2017},
 isbn = {978-1-4503-4968-0},
 location = {Tacoma, Washington, USA},
 pages = {226--235},
 numpages = {10},
 url = {http://doi.acm.org/10.1145/3105726.3106191},
 doi = {10.1145/3105726.3106191},
 acmid = {3106191},
 publisher = {ACM},
 address = {New York, NY, USA},
 keywords = {cognitive load, live coding, modality},
}

@inproceedings{Fu:2018:DFI:3202667.3202671,
 author = {Fu, Zhiyong and Lin, Jia and Zhou, Yuyao},
 title = {Design Framework for Informal Learning Based on Mobile Technologies},
 booktitle = {Proceedings of the Sixth International Symposium of Chinese CHI},
 series = {ChineseCHI '18},
 year = {2018},
 isbn = {978-1-4503-6508-6},
 location = {Montreal, QC, Canada},
 pages = {22--30},
 numpages = {9},
 url = {http://doi.acm.org/10.1145/3202667.3202671},
 doi = {10.1145/3202667.3202671},
 acmid = {3202671},
 publisher = {ACM},
 address = {New York, NY, USA},
 keywords = {Activity theory, Informal learning, Mobile technologies, Zoo},
}

@inproceedings{Sirkia:2015:TAE:2828959.2828965,
 author = {Sirki\"{a}, Teemu and Sorva, Juha},
 title = {Tailoring Animations of Example Programs},
 booktitle = {Proceedings of the 15th Koli Calling Conference on Computing Education Research},
 series = {Koli Calling '15},
 year = {2015},
 isbn = {978-1-4503-4020-5},
 location = {Koli, Finland},
 pages = {147--151},
 numpages = {5},
 url = {http://doi.acm.org/10.1145/2828959.2828965},
 doi = {10.1145/2828959.2828965},
 acmid = {2828965},
 publisher = {ACM},
 address = {New York, NY, USA},
 keywords = {PV, PV augmenting, PV tailoring, dynamic visualization, kelmu, program animation, program visualization},
}

@inproceedings{Rias:2013:LEV:2448556.2448583,
 author = {Rias, Riaza Mohd and Zaman, Halimah B.},
 title = {Looking at the Effects of Various Multimedia Approach in Student Learning: A Case Study},
 booktitle = {Proceedings of the 7th International Conference on Ubiquitous Information Management and Communication},
 series = {ICUIMC '13},
 year = {2013},
 isbn = {978-1-4503-1958-4},
 location = {Kota Kinabalu, Malaysia},
 pages = {27:1--27:5},
 articleno = {27},
 numpages = {5},
 url = {http://doi.acm.org/10.1145/2448556.2448583},
 doi = {10.1145/2448556.2448583},
 acmid = {2448583},
 publisher = {ACM},
 address = {New York, NY, USA},
 keywords = {learning, multimedia, recall, transfer of knowledge},
}

@inproceedings{Sabitzer:2013:ICC:2532748.2532766,
 author = {Sabitzer, Barbara and Pasterk, Stefan and Elsenbaumer, Sabrina},
 title = {Informatics is COOL: Cooperative and Computer-assisted Open Learning},
 booktitle = {Proceedings of the 8th Workshop in Primary and Secondary Computing Education},
 series = {WiPSE '13},
 year = {2013},
 isbn = {978-1-4503-2455-7},
 location = {Aarhus, Denmark},
 pages = {91--94},
 numpages = {4},
 url = {http://doi.acm.org/10.1145/2532748.2532766},
 doi = {10.1145/2532748.2532766},
 acmid = {2532766},
 publisher = {ACM},
 address = {New York, NY, USA},
 keywords = {computer-supported learning, cooperative open learning},
}

@article{Hutton:2005:SRS:1060405.1060426,
 author = {Hutton, Stuart L. and Sonnier, David L.},
 title = {Super Realistic and Surrealistic Visualizations in Physics, Math and Computer Science},
 journal = {J. Comput. Sci. Coll.},
 issue_date = {June 2005},
 volume = {20},
 number = {6},
 month = jun,
 year = {2005},
 issn = {1937-4771},
 pages = {125--133},
 numpages = {9},
 url = {http://dl.acm.org/citation.cfm?id=1060405.1060426},
 acmid = {1060426},
 publisher = {Consortium for Computing Sciences in Colleges},
 address = {USA},
}

@inproceedings{Ericson:2015:UUI:2818314.2818335,
 author = {Ericson, Barbara and Moore, Steven and Morrison, Briana and Guzdial, Mark},
 title = {Usability and Usage of Interactive Features in an Online Ebook for CS Teachers},
 booktitle = {Proceedings of the Workshop in Primary and Secondary Computing Education},
 series = {WiPSCE '15},
 year = {2015},
 isbn = {978-1-4503-3753-3},
 location = {London, United Kingdom},
 pages = {111--120},
 numpages = {10},
 url = {http://doi.acm.org/10.1145/2818314.2818335},
 doi = {10.1145/2818314.2818335},
 acmid = {2818335},
 publisher = {ACM},
 address = {New York, NY, USA},
 keywords = {Online education, computer science principles, high school teachers, professional development, secondary education},
}

@inproceedings{Antle:2011:TUD:1999030.1999032,
 author = {Antle, Alissa N. and Wise, Alyssa F. and Nielsen, Kristine},
 title = {Towards Utopia: Designing Tangibles for Learning},
 booktitle = {Proceedings of the 10th International Conference on Interaction Design and Children},
 series = {IDC '11},
 year = {2011},
 isbn = {978-1-4503-0751-2},
 location = {Ann Arbor, Michigan},
 pages = {11--20},
 numpages = {10},
 url = {http://doi.acm.org/10.1145/1999030.1999032},
 doi = {10.1145/1999030.1999032},
 acmid = {1999032},
 publisher = {ACM},
 address = {New York, NY, USA},
 keywords = {children, design, learning, sustainability, sustainability education, tangible computing, tangible user interfaces},
}

@inproceedings{Ericson:2015:AIF:2787622.2787731,
 author = {Ericson, Barbara J. and Guzdial, Mark J. and Morrison, Briana B.},
 title = {Analysis of Interactive Features Designed to Enhance Learning in an Ebook},
 booktitle = {Proceedings of the Eleventh Annual International Conference on International Computing Education Research},
 series = {ICER '15},
 year = {2015},
 isbn = {978-1-4503-3630-7},
 location = {Omaha, Nebraska, USA},
 pages = {169--178},
 numpages = {10},
 url = {http://doi.acm.org/10.1145/2787622.2787731},
 doi = {10.1145/2787622.2787731},
 acmid = {2787731},
 publisher = {ACM},
 address = {New York, NY, USA},
 keywords = {ebook, educational data mining, electronic book, learning analytics, parsons problem},
}

@inproceedings{Xie:2011:MWM:1940761.1940793,
 author = {Xie, Bo and Watkins, Ivan and Huang, Man},
 title = {Making Web-based Multimedia Health Tutorials Senior-friendly: Design and Training Guidelines},
 booktitle = {Proceedings of the 2011 iConference},
 series = {iConference '11},
 year = {2011},
 isbn = {978-1-4503-0121-3},
 location = {Seattle, Washington, USA},
 pages = {230--237},
 numpages = {8},
 url = {http://doi.acm.org/10.1145/1940761.1940793},
 doi = {10.1145/1940761.1940793},
 acmid = {1940793},
 publisher = {ACM},
 address = {New York, NY, USA},
 keywords = {health tutorial, literacy, multimedia, older adults},
}

@article{Mesfin:2019:UET:3339884.3303080,
 author = {Mesfin, Gebremariam and Hussain, Nadia and Covaci, Alexandra and Ghinea, Gheorghita},
 title = {Using Eye Tracking and Heart-Rate Activity to Examine Crossmodal Correspondences QoE in Mulsemedia},
 journal = {ACM Trans. Multimedia Comput. Commun. Appl.},
 issue_date = {June 2019},
 volume = {15},
 number = {2},
 month = jun,
 year = {2019},
 issn = {1551-6857},
 pages = {34:1--34:22},
 articleno = {34},
 numpages = {22},
 url = {http://doi.acm.org/10.1145/3303080},
 doi = {10.1145/3303080},
 acmid = {3303080},
 publisher = {ACM},
 address = {New York, NY, USA},
 keywords = {Mulsemedia, audio, cross-modal correspondence, gaze tracking, haptic, heart-rate variability, quality of experience, video},
}

@inproceedings{vanOostendorp:2013:NVE:2501907.2501948,
 author = {van Oostendorp, Herre and Karanam, Saraschandra},
 title = {Navigating in a Virtual Environment with Model-generated Support},
 booktitle = {Proceedings of the 31st European Conference on Cognitive Ergonomics},
 series = {ECCE '13},
 year = {2013},
 isbn = {978-1-4503-2251-5},
 location = {Toulouse, France},
 pages = {17:1--17:8},
 articleno = {17},
 numpages = {8},
 url = {http://doi.acm.org/10.1145/2501907.2501948},
 doi = {10.1145/2501907.2501948},
 acmid = {2501948},
 publisher = {ACM},
 address = {New York, NY, USA},
 keywords = {automated tools, cognitive model, navigation, virtual environment, virtual navigation, web-navigation},
}

@inproceedings{Mason:2013:DPE:2667199.2667202,
 author = {Mason, Raina and Cooper, Graham},
 title = {Distractions in Programming Environments},
 booktitle = {Proceedings of the Fifteenth Australasian Computing Education Conference - Volume 136},
 series = {ACE '13},
 year = {2013},
 isbn = {978-1-921770-21-0},
 location = {Adelaide, Australia},
 pages = {23--30},
 numpages = {8},
 url = {http://dl.acm.org/citation.cfm?id=2667199.2667202},
 acmid = {2667202},
 publisher = {Australian Computer Society, Inc.},
 address = {Darlinghurst, Australia, Australia},
 keywords = {cognitive load, instructional design, introductory programming, lego mindstorms},
}

@inproceedings{Fletcher:2010:DTL:1878335.1878399,
 author = {Fletcher, Kathryn},
 title = {Diary of a Trainer: Learning to Create Online Learning Experiences},
 booktitle = {Proceedings of the 38th  Annual ACM SIGUCCS Fall Conference: Navigation and Discovery},
 series = {SIGUCCS '10},
 year = {2010},
 isbn = {978-1-4503-0003-2},
 location = {Norfolk, Virginia, USA},
 pages = {257--264},
 numpages = {8},
 url = {http://doi.acm.org/10.1145/1878335.1878399},
 doi = {10.1145/1878335.1878399},
 acmid = {1878399},
 publisher = {ACM},
 address = {New York, NY, USA},
 keywords = {blackboard vista, e-learning, instructional design,, online course development},
}

@inproceedings{Seidel:2015:MWV:2855321.2855339,
 author = {Seidel, Niels},
 title = {Making Web Video Accessible: Interaction Design Patterns for Assistive Video Learning Environments},
 booktitle = {Proceedings of the 20th European Conference on Pattern Languages of Programs},
 series = {EuroPLoP '15},
 year = {2015},
 isbn = {978-1-4503-3847-9},
 location = {Kaufbeuren, Germany},
 pages = {17:1--17:16},
 articleno = {17},
 numpages = {16},
 url = {http://doi.acm.org/10.1145/2855321.2855339},
 doi = {10.1145/2855321.2855339},
 acmid = {2855339},
 publisher = {ACM},
 address = {New York, NY, USA},
 keywords = {accessibility, hypervideo, interaction design patterns, interactive video},
}

@inproceedings{Cao:2009:MEC:1502650.1502697,
 author = {Cao, Yujia and Theune, Mari\"{e}t and Nijholt, Anton},
 title = {Modality Effects on Cognitive Load and Performance in High-load Information Presentation},
 booktitle = {Proceedings of the 14th International Conference on Intelligent User Interfaces},
 series = {IUI '09},
 year = {2009},
 isbn = {978-1-60558-168-2},
 location = {Sanibel Island, Florida, USA},
 pages = {335--344},
 numpages = {10},
 url = {http://doi.acm.org/10.1145/1502650.1502697},
 doi = {10.1145/1502650.1502697},
 acmid = {1502697},
 publisher = {ACM},
 address = {New York, NY, USA},
 keywords = {cognitive load, heart rate variability, high-load information presentation, modality effect, performance},
}

@inproceedings{Sogono:2013:DTM:2513002.2513005,
 author = {Sogono, Maria Carmela and Richards, Deborah},
 title = {A Design Template for Multisensory and Multimodal Games to Train and Test Children for Sound Localisation Acuity},
 booktitle = {Proceedings of The 9th Australasian Conference on Interactive Entertainment: Matters of Life and Death},
 series = {IE '13},
 year = {2013},
 isbn = {978-1-4503-2254-6},
 location = {Melbourne, Australia},
 pages = {25:1--25:10},
 articleno = {25},
 numpages = {10},
 url = {http://doi.acm.org/10.1145/2513002.2513005},
 doi = {10.1145/2513002.2513005},
 acmid = {2513005},
 publisher = {ACM},
 address = {New York, NY, USA},
 keywords = {baha, hearing, instructional game, multimodal, multisensory, perceptual learning, perceptual motor training, single sided deafness, unilateral hearing loss},
}

@inproceedings{Ericson:2016:IDP:2960310.2960335,
 author = {Ericson, Barbara J. and Rogers, Kantwon and Parker, Miranda and Morrison, Briana and Guzdial, Mark},
 title = {Identifying Design Principles for CS Teacher Ebooks Through Design-Based Research},
 booktitle = {Proceedings of the 2016 ACM Conference on International Computing Education Research},
 series = {ICER '16},
 year = {2016},
 isbn = {978-1-4503-4449-4},
 location = {Melbourne, VIC, Australia},
 pages = {191--200},
 numpages = {10},
 url = {http://doi.acm.org/10.1145/2960310.2960335},
 doi = {10.1145/2960310.2960335},
 acmid = {2960335},
 publisher = {ACM},
 address = {New York, NY, USA},
 keywords = {design-based research, ebooks, electronic books, high school teacher professional development},
}

@article{Struve:2009:VMT:1525840.1525844,
 author = {Struve, Doreen and Wandke, Hartmut},
 title = {Video Modeling for Training Older Adults to Use New Technologies},
 journal = {ACM Trans. Access. Comput.},
 issue_date = {May 2009},
 volume = {2},
 number = {1},
 month = may,
 year = {2009},
 issn = {1936-7228},
 pages = {4:1--4:24},
 articleno = {4},
 numpages = {24},
 url = {http://doi.acm.org/10.1145/1525840.1525844},
 doi = {10.1145/1525840.1525844},
 acmid = {1525844},
 publisher = {ACM},
 address = {New York, NY, USA},
 keywords = {Instruction, guided error training, older adults, self-efficacy, technology use, video modeling},
}

@inproceedings{Brandao:2016:SPD:2982142.2982177,
 author = {Brand\~{a}o, Alessandra and Nicolau, Hugo and Tadas, Shreya and Hanson, Vicki L.},
 title = {SlidePacer: A Presentation Delivery Tool for Instructors of Deaf and Hard of Hearing Students},
 booktitle = {Proceedings of the 18th International ACM SIGACCESS Conference on Computers and Accessibility},
 series = {ASSETS '16},
 year = {2016},
 isbn = {978-1-4503-4124-0},
 location = {Reno, Nevada, USA},
 pages = {25--32},
 numpages = {8},
 url = {http://doi.acm.org/10.1145/2982142.2982177},
 doi = {10.1145/2982142.2982177},
 acmid = {2982177},
 publisher = {ACM},
 address = {New York, NY, USA},
 keywords = {deaf, interpreter, learning, lecture, multimedia, pace, presentation., visual sources},
}

@inproceedings{Gaudou:2008:AIA:1402298.1402325,
 author = {Gaudou, Benoit and Longin, Dominique and Lorini, Emiliano and Tummolini, Luca},
 title = {Anchoring Institutions in Agents' Attitudes: Towards a Logical Framework for Autonomous Multi-agent Systems},
 booktitle = {Proceedings of the 7th International Joint Conference on Autonomous Agents and Multiagent Systems - Volume 2},
 series = {AAMAS '08},
 year = {2008},
 isbn = {978-0-9817381-1-6},
 location = {Estoril, Portugal},
 pages = {728--735},
 numpages = {8},
 url = {http://dl.acm.org/citation.cfm?id=1402298.1402325},
 acmid = {1402325},
 publisher = {International Foundation for Autonomous Agents and Multiagent Systems},
 address = {Richland, SC},
 keywords = {logics for agent systems, modal logic, normative systems},
}

@inproceedings{Sharma:2014:UTM:2643572.2643584,
 author = {Sharma, Ankur and Hawkey, Kirstie},
 title = {Understanding the Tradeoffs of Mobile Device Output Modalities in Just-in-time Learning of Mechanical Tasks},
 booktitle = {Proceedings of the 2014 Mulitmedia, Interaction, Design and Innovation International Conference on Multimedia, Interaction, Design and Innovation},
 series = {MIDI '14},
 year = {2014},
 isbn = {978-1-4503-2779-4},
 location = {Warsaw, Poland},
 pages = {12:1--12:10},
 articleno = {12},
 numpages = {10},
 url = {http://doi.acm.org/10.1145/2643572.2643584},
 doi = {10.1145/2643572.2643584},
 acmid = {2643584},
 publisher = {ACM},
 address = {New York, NY, USA},
 keywords = {Multi-media-interface, cognitive load, just-in-time learning, mobile device},
}

@inproceedings{Tam:2013:DFO:2470654.2466223,
 author = {Tam, Diane and MacLean, Karon E. and McGrenere, Joanna and Kuchenbecker, Katherine J.},
 title = {The Design and Field Observation of a Haptic Notification System for Timing Awareness During Oral Presentations},
 booktitle = {Proceedings of the SIGCHI Conference on Human Factors in Computing Systems},
 series = {CHI '13},
 year = {2013},
 isbn = {978-1-4503-1899-0},
 location = {Paris, France},
 pages = {1689--1698},
 numpages = {10},
 url = {http://doi.acm.org/10.1145/2470654.2466223},
 doi = {10.1145/2470654.2466223},
 acmid = {2466223},
 publisher = {ACM},
 address = {New York, NY, USA},
 keywords = {field study, oral presentation, vibrotactile, wearable haptics},
}

@inproceedings{Tiellet:2010:DEH:1810617.1810656,
 author = {Tiellet, Claudio A.B. and Pereira, Andr{\'e} Grahl and Reategui, Eliseo Berni and Lima, Jos{\'e} Valdeni and Chambel, Teresa},
 title = {Design and Evaluation of a Hypervideo Environment to Support Veterinary Surgery Learning},
 booktitle = {Proceedings of the 21st ACM Conference on Hypertext and Hypermedia},
 series = {HT '10},
 year = {2010},
 isbn = {978-1-4503-0041-4},
 location = {Toronto, Ontario, Canada},
 pages = {213--222},
 numpages = {10},
 url = {http://doi.acm.org/10.1145/1810617.1810656},
 doi = {10.1145/1810617.1810656},
 acmid = {1810656},
 publisher = {ACM},
 address = {New York, NY, USA},
 keywords = {design, evaluation, high education, hypervideo, surgery, veterinary, video},
}

@inproceedings{Hanna:2014:TQP:2677758.2677763,
 author = {Hanna, Nader and Richards, Deborah and Hitchens, Michael and Jacobson, Michael J.},
 title = {Towards Quantifying Player's Involvement in 3D Games Based-on Player Types},
 booktitle = {Proceedings of the 2014 Conference on Interactive Entertainment},
 series = {IE2014},
 year = {2014},
 isbn = {978-1-4503-2790-9},
 location = {Newcastle, NSW, Australia},
 pages = {26:1--26:10},
 articleno = {26},
 numpages = {10},
 url = {http://doi.acm.org/10.1145/2677758.2677763},
 doi = {10.1145/2677758.2677763},
 acmid = {2677763},
 publisher = {ACM},
 address = {New York, NY, USA},
 keywords = {Framework, Game, Objective Measurement, Player Types, Player's Involvement, Quantification},
}

@article{Harris:2017:OUT:3071088.3071093,
 author = {Harris, Heidi Skurat and Greer, Michael},
 title = {Over, Under, or Through: Design Strategies to Supplement the LMS and Enhance Interaction in Online Writing Courses},
 journal = {Commun. Des. Q. Rev},
 issue_date = {December 2016},
 volume = {4},
 number = {4},
 month = mar,
 year = {2017},
 issn = {2166-1200},
 pages = {46--54},
 numpages = {9},
 url = {http://doi.acm.org/10.1145/3071088.3071093},
 doi = {10.1145/3071088.3071093},
 acmid = {3071093},
 publisher = {ACM},
 address = {New York, NY, USA},
 keywords = {backward design, learning management systems (LMS), modularity, online writing instruction, spatial design, student engagement, temporal design},
}

@inproceedings{Poquet:2018:VLS:3170358.3170376,
 author = {Poquet, Oleksandra and Lim, Lisa and Mirriahi, Negin and Dawson, Shane},
 title = {Video and Learning: A Systematic Review (2007--2017)},
 booktitle = {Proceedings of the 8th International Conference on Learning Analytics and Knowledge},
 series = {LAK '18},
 year = {2018},
 isbn = {978-1-4503-6400-3},
 location = {Sydney, New South Wales, Australia},
 pages = {151--160},
 numpages = {10},
 url = {http://doi.acm.org/10.1145/3170358.3170376},
 doi = {10.1145/3170358.3170376},
 acmid = {3170376},
 publisher = {ACM},
 address = {New York, NY, USA},
 keywords = {systematic review, video-based learning},
}

@article{Covaci:2018:MMR:3271482.3233774,
 author = {Covaci, Alexandra and Zou, Longhao and Tal, Irina and Muntean, Gabriel-Miro and Ghinea, Gheorghita},
 title = {Is Multimedia Multisensorial? - A Review of Mulsemedia Systems},
 journal = {ACM Comput. Surv.},
 issue_date = {January 2019},
 volume = {51},
 number = {5},
 month = sep,
 year = {2018},
 issn = {0360-0300},
 pages = {91:1--91:35},
 articleno = {91},
 numpages = {35},
 url = {http://doi.acm.org/10.1145/3233774},
 doi = {10.1145/3233774},
 acmid = {3233774},
 publisher = {ACM},
 address = {New York, NY, USA},
 keywords = {Mulsemedia, cross-modal, multimedia, multisensory, quality of experience},
}

