@inproceedings{Duran:2017:TFA:3105726.3105731,
 author = {Duran, Rodrigo},
 title = {Towards a Fine-grained Analysis of Complexity of Programming Tasks},
 booktitle = {Proceedings of the 2017 ACM Conference on International Computing Education Research},
 series = {ICER '17},
 year = {2017},
 isbn = {978-1-4503-4968-0},
 location = {Tacoma, Washington, USA},
 pages = {271--272},
 numpages = {2},
 url = {http://doi.acm.org/10.1145/3105726.3105731},
 doi = {10.1145/3105726.3105731},
 acmid = {3105731},
 publisher = {ACM},
 address = {New York, NY, USA},
 keywords = {Neo-Piagetian stages, model of hierarchical complexity, task complexity},
}

@inproceedings{Duran:2018:TID:3230977.3231007,
 author = {Duran, Rodrigo},
 title = {Towards an Instructional Design of Complex Learning in Introductory Programming Courses},
 booktitle = {Proceedings of the 2018 ACM Conference on International Computing Education Research},
 series = {ICER '18},
 year = {2018},
 isbn = {978-1-4503-5628-2},
 location = {Espoo, Finland},
 pages = {262--263},
 numpages = {2},
 url = {http://doi.acm.org/10.1145/3230977.3231007},
 doi = {10.1145/3230977.3231007},
 acmid = {3231007},
 publisher = {ACM},
 address = {New York, NY, USA},
 keywords = {cognitive load theory, complexity, model of hierarchical complexity, plan-composition strategies, program cognitive complexity},
}

@inproceedings{Nguyen:2006:SAA:1141277.1141305,
 author = {Nguyen, Thi Minh Luan and Lecerf, Christophe and Lavall{\'e}e, Ivan},
 title = {A Space Aware Agent-based Modeling Process for the Study of Hierarchical Complex Systems},
 booktitle = {Proceedings of the 2006 ACM Symposium on Applied Computing},
 series = {SAC '06},
 year = {2006},
 isbn = {1-59593-108-2},
 location = {Dijon, France},
 pages = {126--127},
 numpages = {2},
 url = {http://doi.acm.org/10.1145/1141277.1141305},
 doi = {10.1145/1141277.1141305},
 acmid = {1141305},
 publisher = {ACM},
 address = {New York, NY, USA},
 keywords = {DEV\&DESS, agent-based spatial simulation, complex system, hierarchical graph, multilevel and multi-scale modeling},
}

@proceedings{Roman:2010:1882291,
 title = {FSE '10: Proceedings of the Eighteenth ACM SIGSOFT International Symposium on Foundations of Software Engineering},
 year = {2010},
 isbn = {978-1-60558-791-2},
 location = {Santa Fe, New Mexico, USA},
 note = {594103},
 publisher = {ACM},
 address = {New York, NY, USA},
}

@inproceedings{Liu:2010:AHC:1882291.1882350,
 author = {Liu, Yang and Sun, Jun and Dong, Jin Song},
 title = {Analyzing Hierarchical Complex Real-time Systems},
 booktitle = {Proceedings of the Eighteenth ACM SIGSOFT International Symposium on Foundations of Software Engineering},
 series = {FSE '10},
 year = {2010},
 isbn = {978-1-60558-791-2},
 location = {Santa Fe, New Mexico, USA},
 pages = {365--366},
 numpages = {2},
 url = {http://doi.acm.org/10.1145/1882291.1882350},
 doi = {10.1145/1882291.1882350},
 acmid = {1882350},
 publisher = {ACM},
 address = {New York, NY, USA},
 keywords = {real-time system, zone abstraction},
}

@article{Clark:1982:PEY:1044759.1044761,
 author = {Clark, Jon D.},
 title = {A Psychometric Evaluation of Yourdon's Structured Design Methodology},
 journal = {SIGCHI Bull.},
 issue_date = {October 1982},
 volume = {14},
 number = {2},
 month = oct,
 year = {1982},
 issn = {0736-6906},
 pages = {9--12},
 numpages = {4},
 url = {http://doi.acm.org/10.1145/1044759.1044761},
 doi = {10.1145/1044759.1044761},
 acmid = {1044761},
 publisher = {ACM},
 address = {New York, NY, USA},
}

@inproceedings{Gunawardena:2018:AHV:3177457.3177476,
 author = {Gunawardena, G. M. W. L.},
 title = {Analyzing Human Visual Perception of Streetscape Elements Through Taxonomic Diagrams},
 booktitle = {Proceedings of the 10th International Conference on Computer Modeling and Simulation},
 series = {ICCMS 2018},
 year = {2018},
 isbn = {978-1-4503-6339-6},
 location = {Sydney, Australia},
 pages = {3--8},
 numpages = {6},
 url = {http://doi.acm.org/10.1145/3177457.3177476},
 doi = {10.1145/3177457.3177476},
 acmid = {3177476},
 publisher = {ACM},
 address = {New York, NY, USA},
 keywords = {Taxonomic diagrams, figure and background, streetscapes, visual perception},
}

@inproceedings{Duran:2018:TAP:3230977.3230986,
 author = {Duran, Rodrigo and Sorva, Juha and Leite, Sofia},
 title = {Towards an Analysis of Program Complexity From a Cognitive Perspective},
 booktitle = {Proceedings of the 2018 ACM Conference on International Computing Education Research},
 series = {ICER '18},
 year = {2018},
 isbn = {978-1-4503-5628-2},
 location = {Espoo, Finland},
 pages = {21--30},
 numpages = {10},
 url = {http://doi.acm.org/10.1145/3230977.3230986},
 doi = {10.1145/3230977.3230986},
 acmid = {3230986},
 publisher = {ACM},
 address = {New York, NY, USA},
 keywords = {cognitive load theory, complexity, model of hierarchical complexity, plan-composition strategies, program cognitive complexity},
}

@inproceedings{Stilman:1994:LGT:326619.326748,
 author = {Stilman, Boris},
 title = {A Linguistic Geometry for Technology Transfer},
 booktitle = {Proceedings of the 1994 ACM Symposium on Applied Computing},
 series = {SAC '94},
 year = {1994},
 isbn = {0-89791-647-6},
 location = {Phoenix, Arizona, USA},
 pages = {281--285},
 numpages = {5},
 url = {http://doi.acm.org/10.1145/326619.326748},
 doi = {10.1145/326619.326748},
 acmid = {326748},
 publisher = {ACM},
 address = {New York, NY, USA},
 keywords = {complex system, formal languages, heuristic search, optimal control, path planning, robotics},
}

@inproceedings{Allevato:2018:ADU:3237383.3238111,
 author = {Allevato, Adam and Thomaz, Andrea and Pryor, Mitch},
 title = {Affordance Discovery Using Simulated Exploration},
 booktitle = {Proceedings of the 17th International Conference on Autonomous Agents and MultiAgent Systems},
 series = {AAMAS '18},
 year = {2018},
 location = {Stockholm, Sweden},
 pages = {2174--2176},
 numpages = {3},
 url = {http://dl.acm.org/citation.cfm?id=3237383.3238111},
 acmid = {3238111},
 publisher = {International Foundation for Autonomous Agents and Multiagent Systems},
 address = {Richland, SC},
 keywords = {affordances, feature selection, human-guided learning, mental simulation, robot simulation, transfer learning},
}

@inproceedings{Anderson:1977:SIR:800101.803299,
 author = {Anderson, Gary D. and Cohen, Eli and Gazdzik, Wally and Robinson, Barry},
 title = {Scientific Information Retrieval System: A New Approach to Research Data Management},
 booktitle = {Proceedings of the 5th Annual ACM SIGUCCS Conference on User Services},
 series = {SIGUCCS '77},
 year = {1977},
 location = {Kansas City, Missouri, USA},
 pages = {209--212},
 numpages = {4},
 url = {http://doi.acm.org/10.1145/800101.803299},
 doi = {10.1145/800101.803299},
 acmid = {803299},
 publisher = {ACM},
 address = {New York, NY, USA},
}

@inproceedings{Testerman:1977:MCP:800100.803231,
 author = {Testerman, Ward},
 title = {Matching Computer Personnel and the Job Environment},
 booktitle = {Proceedings of the Fifteenth Annual SIGCPR Conference},
 series = {SIGCPR '77},
 year = {1977},
 location = {Arlington, Virginia, USA},
 pages = {31--43},
 numpages = {13},
 url = {http://doi.acm.org/10.1145/800100.803231},
 doi = {10.1145/800100.803231},
 acmid = {803231},
 publisher = {ACM},
 address = {New York, NY, USA},
}

@inproceedings{Iakovliev:2019:SMS:3314367.3314373,
 author = {Iakovliev, Andrii and Dasmahapatra, Srinandan and Bhaskar, Atul},
 title = {Stability of Mitotic Spindle Using Computational Mechanics},
 booktitle = {Proceedings of the 2019 9th International Conference on Bioscience, Biochemistry and Bioinformatics},
 series = {ICBBB '19},
 year = {2019},
 isbn = {978-1-4503-6654-0},
 location = {Singapore, Singapore},
 pages = {67--74},
 numpages = {8},
 url = {http://doi.acm.org/10.1145/3314367.3314373},
 doi = {10.1145/3314367.3314373},
 acmid = {3314373},
 publisher = {ACM},
 address = {New York, NY, USA},
 keywords = {Anaphase B, Cell division, Mitotic spindle stability},
}

@inproceedings{Konstantoudakis:2016:CSS:2948910.2948954,
 author = {Konstantoudakis, Konstantinos and Machairidou, Elpida and Papanikolaou, George},
 title = {Compensating for Sub-pixel Shift in Motion Estimation},
 booktitle = {Proceedings of the 3rd International Symposium on Movement and Computing},
 series = {MOCO '16},
 year = {2016},
 isbn = {978-1-4503-4307-7},
 location = {Thessaloniki, GA, Greece},
 pages = {34:1--34:6},
 articleno = {34},
 numpages = {6},
 url = {http://doi.acm.org/10.1145/2948910.2948954},
 doi = {10.1145/2948910.2948954},
 acmid = {2948954},
 publisher = {ACM},
 address = {New York, NY, USA},
 keywords = {Sub-pixel motion estimation, enhancement, interpolation, sharpening},
}

@inproceedings{Weimer:2007:HMM:1357910.1357999,
 author = {Weimer, James E. and Krogh, Bruce H.},
 title = {Hierarchical Modeling of Mode-switching Systems},
 booktitle = {Proceedings of the 2007 Summer Computer Simulation Conference},
 series = {SCSC '07},
 year = {2007},
 isbn = {1-56555-316-0},
 location = {San Diego, California},
 pages = {567--574},
 numpages = {8},
 url = {http://dl.acm.org/citation.cfm?id=1357910.1357999},
 acmid = {1357999},
 publisher = {Society for Computer Simulation International},
 address = {San Diego, CA, USA},
 keywords = {block diagrams, hierarchical models, hybrid systems, mode-switching},
}

@inproceedings{Szilas:2006:PCI:1111449.1111513,
 author = {Szilas, Nicolas and Kavakli, Manolya},
 title = {PastMaster@Storytelling: A Controlled Interface for Interactive Drama},
 booktitle = {Proceedings of the 11th International Conference on Intelligent User Interfaces},
 series = {IUI '06},
 year = {2006},
 isbn = {1-59593-287-9},
 location = {Sydney, Australia},
 pages = {288--290},
 numpages = {3},
 url = {http://doi.acm.org/10.1145/1111449.1111513},
 doi = {10.1145/1111449.1111513},
 acmid = {1111513},
 publisher = {ACM},
 address = {New York, NY, USA},
 keywords = {adaptive interfaces, interaction history, interactive drama, interactive narrative, usability study},
}

@inproceedings{Huang:2000:STD:1117769.1117775,
 author = {Huang, Chu-Ren and Chen, Feng-Yi and Chen, Keh-Jiann and Gao, Zhao-ming and Chen, Kuang-Yu},
 title = {Sinica Treebank: Design Criteria, Annotation Guidelines, and On-line Interface},
 booktitle = {Proceedings of the Second Workshop on Chinese Language Processing: Held in Conjunction with the 38th Annual Meeting of the Association for Computational Linguistics - Volume 12},
 series = {CLPW '00},
 year = {2000},
 location = {Hong Kong},
 pages = {29--37},
 numpages = {9},
 url = {https://doi.org/10.3115/1117769.1117775},
 doi = {10.3115/1117769.1117775},
 acmid = {1117775},
 publisher = {Association for Computational Linguistics},
 address = {Stroudsburg, PA, USA},
}

@inproceedings{Menezes:2014:PID:2701002.2701012,
 author = {Menezes, Nilo Ney Coutinho},
 title = {Parallel Initialization on Distributed Simulation Systems},
 booktitle = {Proceedings of the 2014 IEEE/ACM 18th International Symposium on Distributed Simulation and Real Time Applications},
 series = {DS-RT '14},
 year = {2014},
 isbn = {978-1-4799-6144-3},
 pages = {18--24},
 numpages = {7},
 url = {http://dx.doi.org/10.1109/DS-RT.2014.11},
 doi = {10.1109/DS-RT.2014.11},
 acmid = {2701012},
 publisher = {IEEE Computer Society},
 address = {Washington, DC, USA},
 keywords = {distributed configuration, parallel initialization, distributed simulation},
}

@inproceedings{Radwan:2017:PDN:3019612.3019728,
 author = {Radwan, Marwan and Heckel, Reiko},
 title = {Prediction of the Domain Name System (DNS) Quality Attributes},
 booktitle = {Proceedings of the Symposium on Applied Computing},
 series = {SAC '17},
 year = {2017},
 isbn = {978-1-4503-4486-9},
 location = {Marrakech, Morocco},
 pages = {578--585},
 numpages = {8},
 url = {http://doi.acm.org/10.1145/3019612.3019728},
 doi = {10.1145/3019612.3019728},
 acmid = {3019728},
 publisher = {ACM},
 address = {New York, NY, USA},
 keywords = {DNS qualities, dependency graphs, domain name system, predictive models},
}

@inproceedings{Ahat:2013:ABM:2542050.2542058,
 author = {Ahat, Murat and Amor, Soufian Ben and Bui, Marc},
 title = {Agent Based Model of Smart Grids for Ecodistricts},
 booktitle = {Proceedings of the Fourth Symposium on Information and Communication Technology},
 series = {SoICT '13},
 year = {2013},
 isbn = {978-1-4503-2454-0},
 location = {Danang, Vietnam},
 pages = {45--52},
 numpages = {8},
 url = {http://doi.acm.org/10.1145/2542050.2542058},
 doi = {10.1145/2542050.2542058},
 acmid = {2542058},
 publisher = {ACM},
 address = {New York, NY, USA},
 keywords = {agent-based model, ecodistrict, smart grid},
}

@inproceedings{Rouly:2014:USS:2688204.2688207,
 author = {Rouly, Jean Michel and Orbeck, Jonathan D. and Syriani, Eugene},
 title = {Usability and Suitability Survey of Features in Visual Ides for Non-Programmers},
 booktitle = {Proceedings of the 5th Workshop on Evaluation and Usability of Programming Languages and Tools},
 series = {PLATEAU '14},
 year = {2014},
 isbn = {978-1-4503-2277-5},
 location = {Portland, Oregon, USA},
 pages = {31--42},
 numpages = {12},
 url = {http://doi.acm.org/10.1145/2688204.2688207},
 doi = {10.1145/2688204.2688207},
 acmid = {2688207},
 publisher = {ACM},
 address = {New York, NY, USA},
 keywords = {domain-specific languages, integrated development environments, usability study, visual languages},
}

@inproceedings{Hoppe:1988:TPD:57167.57208,
 author = {Hoppe, H. U.},
 title = {Task-oriented Parsing - a Diagnostic Method to Be Used Adaptive Systems},
 booktitle = {Proceedings of the SIGCHI Conference on Human Factors in Computing Systems},
 series = {CHI '88},
 year = {1988},
 isbn = {0-201-14237-6},
 location = {Washington, D.C., USA},
 pages = {241--247},
 numpages = {7},
 url = {http://doi.acm.org/10.1145/57167.57208},
 doi = {10.1145/57167.57208},
 acmid = {57208},
 publisher = {ACM},
 address = {New York, NY, USA},
}

@inproceedings{Jiang:2018:RRE:3230348.3230404,
 author = {Jiang, Shan},
 title = {Research on Risk Evaluation of Information Security Based on Cloud Computer},
 booktitle = {Proceedings of the 2018 International Conference on Internet and e-Business},
 series = {ICIEB '18},
 year = {2018},
 isbn = {978-1-4503-6375-4},
 location = {Singapore, Singapore},
 pages = {152--157},
 numpages = {6},
 url = {http://doi.acm.org/10.1145/3230348.3230404},
 doi = {10.1145/3230348.3230404},
 acmid = {3230404},
 publisher = {ACM},
 address = {New York, NY, USA},
 keywords = {Cloud computer, Index system, Information security, Risk evaluation},
}

@inproceedings{Flater:1993:PNI:170088.170098,
 author = {Flater, David W. and Yesha, Yelena},
 title = {Properties of Networked Information Retrieval with ALIBI},
 booktitle = {Proceedings of the Second International Conference on Information and Knowledge Management},
 series = {CIKM '93},
 year = {1993},
 isbn = {0-89791-626-3},
 location = {Washington, D.C., USA},
 pages = {31--38},
 numpages = {8},
 url = {http://doi.acm.org/10.1145/170088.170098},
 doi = {10.1145/170088.170098},
 acmid = {170098},
 publisher = {ACM},
 address = {New York, NY, USA},
}

@article{Narin'yani:1991:IST:103701.103709,
 author = {Narin'yani, Alexander S.},
 title = {Intelligent Software Technology for the New Decade},
 journal = {Commun. ACM},
 issue_date = {June 1991},
 volume = {34},
 number = {6},
 month = jun,
 year = {1991},
 issn = {0001-0782},
 pages = {60--67},
 numpages = {8},
 url = {http://doi.acm.org/10.1145/103701.103709},
 doi = {10.1145/103701.103709},
 acmid = {103709},
 publisher = {ACM},
 address = {New York, NY, USA},
}

@article{Sun:2013:MVH:2430536.2430537,
 author = {Sun, Jun and Liu, Yang and Dong, Jin Song and Liu, Yan and Shi, Ling and Andr{\'e}, \'{E}tienne},
 title = {Modeling and Verifying Hierarchical Real-time Systems Using Stateful Timed CSP},
 journal = {ACM Trans. Softw. Eng. Methodol.},
 issue_date = {February 2013},
 volume = {22},
 number = {1},
 month = mar,
 year = {2013},
 issn = {1049-331X},
 pages = {3:1--3:29},
 articleno = {3},
 numpages = {29},
 url = {http://doi.acm.org/10.1145/2430536.2430537},
 doi = {10.1145/2430536.2430537},
 acmid = {2430537},
 publisher = {ACM},
 address = {New York, NY, USA},
 keywords = {Non-Zenoness, PAT, Stateful Timed CSP, Zone Abstraction},
}

@inproceedings{Omar:2016:SSS:3006299.3006333,
 author = {Omar, Mehnuma Tabassum and Hasan, K. M. Azharul},
 title = {A Scalable Storage System for Structured Data Based on Higher Order Index Array},
 booktitle = {Proceedings of the 3rd IEEE/ACM International Conference on Big Data Computing, Applications and Technologies},
 series = {BDCAT '16},
 year = {2016},
 isbn = {978-1-4503-4617-7},
 location = {Shanghai, China},
 pages = {247--252},
 numpages = {6},
 url = {http://doi.acm.org/10.1145/3006299.3006333},
 doi = {10.1145/3006299.3006333},
 acmid = {3006333},
 publisher = {ACM},
 address = {New York, NY, USA},
 keywords = {array storage, big data storage, data locality, distributed storage, higher dimensional array, index array},
}

@inproceedings{Papadimitriou:2006:OMP:1142473.1142545,
 author = {Papadimitriou, Spiros and Yu, Philip},
 title = {Optimal Multi-scale Patterns in Time Series Streams},
 booktitle = {Proceedings of the 2006 ACM SIGMOD International Conference on Management of Data},
 series = {SIGMOD '06},
 year = {2006},
 isbn = {1-59593-434-0},
 location = {Chicago, IL, USA},
 pages = {647--658},
 numpages = {12},
 url = {http://doi.acm.org/10.1145/1142473.1142545},
 doi = {10.1145/1142473.1142545},
 acmid = {1142545},
 publisher = {ACM},
 address = {New York, NY, USA},
 keywords = {SVD, empirical orthogonal functions, local patterns, multi-scale, singular spectrum, stream},
}

@inproceedings{Sinaeepourfard:2016:TCD:3006299.3006311,
 author = {Sinaeepourfard, Amir and Garcia, Jordi and Masip-Bruin, Xavier and Mar\'{\i}n-Torder, Eva},
 title = {Towards a Comprehensive Data Lifecycle Model for Big Data Environments},
 booktitle = {Proceedings of the 3rd IEEE/ACM International Conference on Big Data Computing, Applications and Technologies},
 series = {BDCAT '16},
 year = {2016},
 isbn = {978-1-4503-4617-7},
 location = {Shanghai, China},
 pages = {100--106},
 numpages = {7},
 url = {http://doi.acm.org/10.1145/3006299.3006311},
 doi = {10.1145/3006299.3006311},
 acmid = {3006311},
 publisher = {ACM},
 address = {New York, NY, USA},
 keywords = {big data, data complexity, data lifecycle, data management, data organization, vs challenges},
}

@inproceedings{Jones:1997:VMT:266714.266901,
 author = {Jones, Matthew C. and Rundensteiner, Elke A.},
 title = {View Materialization Techniques for Complex Hierarchical Objects},
 booktitle = {Proceedings of the Sixth International Conference on Information and Knowledge Management},
 series = {CIKM '97},
 year = {1997},
 isbn = {0-89791-970-X},
 location = {Las Vegas, Nevada, USA},
 pages = {222--229},
 numpages = {8},
 url = {http://doi.acm.org/10.1145/266714.266901},
 doi = {10.1145/266714.266901},
 acmid = {266901},
 publisher = {ACM},
 address = {New York, NY, USA},
}

@inproceedings{Zimmerle:2018:WAU:3167132.3167365,
 author = {Zimmerle, Carlos and Gama, Kiev},
 title = {A Web-based Approach Using Reactive Programming for Complex Event Processing in Internet of Things Applications},
 booktitle = {Proceedings of the 33rd Annual ACM Symposium on Applied Computing},
 series = {SAC '18},
 year = {2018},
 isbn = {978-1-4503-5191-1},
 location = {Pau, France},
 pages = {2167--2174},
 numpages = {8},
 url = {http://doi.acm.org/10.1145/3167132.3167365},
 doi = {10.1145/3167132.3167365},
 acmid = {3167365},
 publisher = {ACM},
 address = {New York, NY, USA},
 keywords = {complex event processing, internet of things, physical mashups, reactive programming, web of things},
}

@inproceedings{Lee:2001:LDM:360276.360290,
 author = {Lee, K. K. and Wong, Martin D. F.},
 title = {LRoute: A Delay Minimal Router for Hierarchical CPLDs},
 booktitle = {Proceedings of the 2001 ACM/SIGDA Ninth International Symposium on Field Programmable Gate Arrays},
 series = {FPGA '01},
 year = {2001},
 isbn = {1-58113-341-3},
 location = {Monterey, California, USA},
 pages = {12--20},
 numpages = {9},
 url = {http://doi.acm.org/10.1145/360276.360290},
 doi = {10.1145/360276.360290},
 acmid = {360290},
 publisher = {ACM},
 address = {New York, NY, USA},
 keywords = {Lagrangian relaxation, complex programmable logic devices, hierarchical model, routing},
}

@inproceedings{Atallah:2006:KMN:1133058.1133062,
 author = {Atallah, Mikhail J. and Blanton, Marina and Frikken, Keith B.},
 title = {Key Management for Non-tree Access Hierarchies},
 booktitle = {Proceedings of the Eleventh ACM Symposium on Access Control Models and Technologies},
 series = {SACMAT '06},
 year = {2006},
 isbn = {1-59593-353-0},
 location = {Lake Tahoe, California, USA},
 pages = {11--18},
 numpages = {8},
 url = {http://doi.acm.org/10.1145/1133058.1133062},
 doi = {10.1145/1133058.1133062},
 acmid = {1133062},
 publisher = {ACM},
 address = {New York, NY, USA},
 keywords = {access hierarchy, dimension of a graph, fast key derivation},
}

@inproceedings{Fitzgerald:2003:MEP:604045.604058,
 author = {Fitzgerald, Will and Firby, R. James and Hannemann, Michael},
 title = {Multimodal Event Parsing for Intelligent User Interfaces},
 booktitle = {Proceedings of the 8th International Conference on Intelligent User Interfaces},
 series = {IUI '03},
 year = {2003},
 isbn = {1-58113-586-6},
 location = {Miami, Florida, USA},
 pages = {53--60},
 numpages = {8},
 url = {http://doi.acm.org/10.1145/604045.604058},
 doi = {10.1145/604045.604058},
 acmid = {604058},
 publisher = {ACM},
 address = {New York, NY, USA},
 keywords = {CERA, event recognition, multi-modal parsing},
}

@article{Hartson:1980:AAS:1164672.1164677,
 author = {Hartson, H. Rex},
 title = {Architectural Approaches to Secure Databases},
 journal = {SIGSMALL Newsl.},
 issue_date = {June/July 1980},
 volume = {6},
 number = {1},
 month = jun,
 year = {1980},
 issn = {0272-720X},
 pages = {16--24},
 numpages = {9},
 url = {http://doi.acm.org/10.1145/1164672.1164677},
 doi = {10.1145/1164672.1164677},
 acmid = {1164677},
 publisher = {ACM},
 address = {New York, NY, USA},
}

@inproceedings{Castrillo:2017:FHA:3110025.3110125,
 author = {Castrillo, Eduar and Le\'{o}n, Elizabeth and G\'{o}mez, Jonatan},
 title = {Fast Heuristic Algorithm for Multi-scale Hierarchical Community Detection},
 booktitle = {Proceedings of the 2017 IEEE/ACM International Conference on Advances in Social Networks Analysis and Mining 2017},
 series = {ASONAM '17},
 year = {2017},
 isbn = {978-1-4503-4993-2},
 location = {Sydney, Australia},
 pages = {982--989},
 numpages = {8},
 url = {http://doi.acm.org/10.1145/3110025.3110125},
 doi = {10.1145/3110025.3110125},
 acmid = {3110125},
 publisher = {ACM},
 address = {New York, NY, USA},
 keywords = {Agglomerative Hierarchical Clustering, Community Detection, Large-scale Complex Network, Multi-scale, Structural Similarity},
}

@article{Yu:2009:DSM:1668000.1668011,
 author = {Yu, Tian-Li and Goldberg, David E. and Sastry, Kumara and Lima, Claudio F. and Pelikan, Martin},
 title = {Dependency Structure Matrix, Genetic Algorithms, and Effective Recombination},
 journal = {Evol. Comput.},
 issue_date = {Winter 2009},
 volume = {17},
 number = {4},
 month = dec,
 year = {2009},
 issn = {1063-6560},
 pages = {595--626},
 numpages = {32},
 url = {http://dx.doi.org/10.1162/evco.2009.17.4.17409},
 doi = {10.1162/evco.2009.17.4.17409},
 acmid = {1668011},
 publisher = {MIT Press},
 address = {Cambridge, MA, USA},
 keywords = {Genetic algorithms, dependency structure matrix, hierarchy, modularity, overlap, problem decomposition},
}

@article{Benbasat:1981:ESH:358790.358795,
 author = {Benbasat, Izak and Dexter, Albert S. and Masulis, Paul S.},
 title = {An Experimental Study of the Human/Computer Interface},
 journal = {Commun. ACM},
 issue_date = {Nov. 1981},
 volume = {24},
 number = {11},
 month = nov,
 year = {1981},
 issn = {0001-0782},
 pages = {752--762},
 numpages = {11},
 url = {http://doi.acm.org/10.1145/358790.358795},
 doi = {10.1145/358790.358795},
 acmid = {358795},
 publisher = {ACM},
 address = {New York, NY, USA},
 keywords = {command abbreviation, dialogue types, experimentation, human factors, human/computer interface, interactive systems},
}

@inproceedings{Bertolotto:1995:PSC:218013.218054,
 author = {Bertolotto, Michela and De Floriani, Leila and Marzano, Paola},
 title = {Pyramidal Simplicial Complexes},
 booktitle = {Proceedings of the Third ACM Symposium on Solid Modeling and Applications},
 series = {SMA '95},
 year = {1995},
 isbn = {0-89791-672-7},
 location = {Salt Lake City, Utah, USA},
 pages = {153--162},
 numpages = {10},
 url = {http://doi.acm.org/10.1145/218013.218054},
 doi = {10.1145/218013.218054},
 acmid = {218054},
 publisher = {ACM},
 address = {New York, NY, USA},
}

@article{Peng:2018:ADM:3236498.3214277,
 author = {Peng, Liangying and Chen, Ling and Ye, Zhenan and Zhang, Yi},
 title = {AROMA: A Deep Multi-Task Learning Based Simple and Complex Human Activity Recognition Method Using Wearable Sensors},
 journal = {Proc. ACM Interact. Mob. Wearable Ubiquitous Technol.},
 issue_date = {June 2018},
 volume = {2},
 number = {2},
 month = jul,
 year = {2018},
 issn = {2474-9567},
 pages = {74:1--74:16},
 articleno = {74},
 numpages = {16},
 url = {http://doi.acm.org/10.1145/3214277},
 doi = {10.1145/3214277},
 acmid = {3214277},
 publisher = {ACM},
 address = {New York, NY, USA},
 keywords = {Human activity recognition, LSTM, deep learning, multi-task learning},
}

@inproceedings{Kammerer:2008:LMW:1344471.1344522,
 author = {Kammerer, Yvonne and Scheiter, Katharina and Beinhauer, Wolfgang},
 title = {Looking My Way Through the Menu: The Impact of Menu Design and Multimodal Input on Gaze-based Menu Selection},
 booktitle = {Proceedings of the 2008 Symposium on Eye Tracking Research \&\#38; Applications},
 series = {ETRA '08},
 year = {2008},
 isbn = {978-1-59593-982-1},
 location = {Savannah, Georgia},
 pages = {213--220},
 numpages = {8},
 url = {http://doi.acm.org/10.1145/1344471.1344522},
 doi = {10.1145/1344471.1344522},
 acmid = {1344522},
 publisher = {ACM},
 address = {New York, NY, USA},
 keywords = {circular menus, gaze-based interaction, menu selection, multimodal input, usability},
}

@inproceedings{Moore:2012:RMH:2287076.2287118,
 author = {Moore, James J. and Kesselman, Carl},
 title = {A Resiliency Model for High Performance Infrastructure Based on Logical Encapsulation},
 booktitle = {Proceedings of the 21st International Symposium on High-Performance Parallel and Distributed Computing},
 series = {HPDC '12},
 year = {2012},
 isbn = {978-1-4503-0805-2},
 location = {Delft, The Netherlands},
 pages = {283--294},
 numpages = {12},
 url = {http://doi.acm.org/10.1145/2287076.2287118},
 doi = {10.1145/2287076.2287118},
 acmid = {2287118},
 publisher = {ACM},
 address = {New York, NY, USA},
 keywords = {checkpoint, cloud computing, distributed computing, distributed systems, heterogeneous, high performance computing, hpc, iaas, message passing interface, mpi, paas, resiliency, snapshot, state capture, state rollback, virtualization},
}

@inproceedings{Walker:1994:RCM:1641417.1641437,
 author = {Walker, Marilyn A. and Rambow, Owen},
 title = {The Role of Cognitive Modeling in Achieving Communicative Intentions},
 booktitle = {Proceedings of the Seventh International Workshop on Natural Language Generation},
 series = {INLG '94},
 year = {1994},
 location = {Kennebunkport, Maine},
 pages = {171--180},
 numpages = {10},
 url = {http://dl.acm.org/citation.cfm?id=1641417.1641437},
 acmid = {1641437},
 publisher = {Association for Computational Linguistics},
 address = {Stroudsburg, PA, USA},
}

@inproceedings{Shih:2009:GSI:1531674.1531696,
 author = {Shih, Patrick C. and Nguyen, David H. and Hirano, Sen H. and Redmiles, David F. and Hayes, Gillian R.},
 title = {GroupMind: Supporting Idea Generation Through a Collaborative Mind-mapping Tool},
 booktitle = {Proceedings of the ACM 2009 International Conference on Supporting Group Work},
 series = {GROUP '09},
 year = {2009},
 isbn = {978-1-60558-500-0},
 location = {Sanibel Island, Florida, USA},
 pages = {139--148},
 numpages = {10},
 url = {http://doi.acm.org/10.1145/1531674.1531696},
 doi = {10.1145/1531674.1531696},
 acmid = {1531696},
 publisher = {ACM},
 address = {New York, NY, USA},
 keywords = {brainstorming, collocation, formal and informal structures, group dynamics, large display, mind-mapping},
}

@inproceedings{Bilardi:2001:CPP:378580.378615,
 author = {Bilardi, Gianfranco and Ekanadham, Kattamuri and Pattnaik, Pratap},
 title = {Computational Power of Pipelined Memory Hierarchies},
 booktitle = {Proceedings of the Thirteenth Annual ACM Symposium on Parallel Algorithms and Architectures},
 series = {SPAA '01},
 year = {2001},
 isbn = {1-58113-409-6},
 location = {Crete Island, Greece},
 pages = {144--152},
 numpages = {9},
 url = {http://doi.acm.org/10.1145/378580.378615},
 doi = {10.1145/378580.378615},
 acmid = {378615},
 publisher = {ACM},
 address = {New York, NY, USA},
}

@inproceedings{Alur:2007:MWT:1265530.1265564,
 author = {Alur, Rajeev},
 title = {Marrying Words and Trees},
 booktitle = {Proceedings of the Twenty-sixth ACM SIGMOD-SIGACT-SIGART Symposium on Principles of Database Systems},
 series = {PODS '07},
 year = {2007},
 isbn = {978-1-59593-685-1},
 location = {Beijing, China},
 pages = {233--242},
 numpages = {10},
 url = {http://doi.acm.org/10.1145/1265530.1265564},
 doi = {10.1145/1265530.1265564},
 acmid = {1265564},
 publisher = {ACM},
 address = {New York, NY, USA},
 keywords = {XML, nested words, pushdown automata, query languages, tree automata},
}

@inproceedings{Streitz:1989:IAH:74224.74251,
 author = {Streitz, N. A. and Hannemann, J. and Th\"{u}ring, M.},
 title = {From Ideas and Arguments to Hyperdocuments: Travelling Through Activity Spaces},
 booktitle = {Proceedings of the Second Annual ACM Conference on Hypertext},
 series = {HYPERTEXT '89},
 year = {1989},
 isbn = {0-89791-339-6},
 location = {Pittsburgh, Pennsylvania, USA},
 pages = {343--364},
 numpages = {22},
 url = {http://doi.acm.org/10.1145/74224.74251},
 doi = {10.1145/74224.74251},
 acmid = {74251},
 publisher = {ACM},
 address = {New York, NY, USA},
}

@article{Willis:1970:CCP:321574.321578,
 author = {Willis, David G.},
 title = {Computational Complexity and Probability Constructions},
 journal = {J. ACM},
 issue_date = {April 1970},
 volume = {17},
 number = {2},
 month = apr,
 year = {1970},
 issn = {0004-5411},
 pages = {241--259},
 numpages = {19},
 url = {http://doi.acm.org/10.1145/321574.321578},
 doi = {10.1145/321574.321578},
 acmid = {321578},
 publisher = {ACM},
 address = {New York, NY, USA},
}

@article{Berwick:1982:CCL:972942.972943,
 author = {Berwick, Robert C.},
 title = {Computational Complexity and Lexical-functional Grammar},
 journal = {Comput. Linguist.},
 issue_date = {July-December 1982},
 volume = {8},
 number = {3-4},
 month = jul,
 year = {1982},
 issn = {0891-2017},
 pages = {97--109},
 numpages = {13},
 url = {http://dl.acm.org/citation.cfm?id=972942.972943},
 acmid = {972943},
 publisher = {MIT Press},
 address = {Cambridge, MA, USA},
}

@proceedings{Haddad:2006:1141277,
 title = {SAC '06: Proceedings of the 2006 ACM Symposium on Applied Computing},
 year = {2006},
 isbn = {1-59593-108-2},
 location = {Dijon, France},
 publisher = {ACM},
 address = {New York, NY, USA},
}

@inproceedings{Atallah:2005:DEK:1102120.1102147,
 author = {Atallah, Mikhail J. and Frikken, Keith B. and Blanton, Marina},
 title = {Dynamic and Efficient Key Management for Access Hierarchies},
 booktitle = {Proceedings of the 12th ACM Conference on Computer and Communications Security},
 series = {CCS '05},
 year = {2005},
 isbn = {1-59593-226-7},
 location = {Alexandria, VA, USA},
 pages = {190--202},
 numpages = {13},
 url = {http://doi.acm.org/10.1145/1102120.1102147},
 doi = {10.1145/1102120.1102147},
 acmid = {1102147},
 publisher = {ACM},
 address = {New York, NY, USA},
 keywords = {derivation, efficient key, hierarchical access control, key management},
}

@article{Atallah:2009:DEK:1455526.1455531,
 author = {Atallah, Mikhail J. and Blanton, Marina and Fazio, Nelly and Frikken, Keith B.},
 title = {Dynamic and Efficient Key Management for Access Hierarchies},
 journal = {ACM Trans. Inf. Syst. Secur.},
 issue_date = {January 2009},
 volume = {12},
 number = {3},
 month = jan,
 year = {2009},
 issn = {1094-9224},
 pages = {18:1--18:43},
 articleno = {18},
 numpages = {43},
 url = {http://doi.acm.org/10.1145/1455526.1455531},
 doi = {10.1145/1455526.1455531},
 acmid = {1455531},
 publisher = {ACM},
 address = {New York, NY, USA},
 keywords = {Efficient key derivation, hierarchical access control, key management},
}

@article{DeFloriani:1995:HTM:225294.225297,
 author = {De Floriani, Leila and Puppo, Enrico},
 title = {Hierarchical Triangulation for Multiresolution Surface Description},
 journal = {ACM Trans. Graph.},
 issue_date = {Oct. 1995},
 volume = {14},
 number = {4},
 month = oct,
 year = {1995},
 issn = {0730-0301},
 pages = {363--411},
 numpages = {49},
 url = {http://doi.acm.org/10.1145/225294.225297},
 doi = {10.1145/225294.225297},
 acmid = {225297},
 publisher = {ACM},
 address = {New York, NY, USA},
 keywords = {hierarchical subdivision, multiresolution surface model, terrain model, triangulation},
}

@article{Chakraborty:2018:TDL:3292527.3265756,
 author = {Chakraborty, Tusher and Khan, Taslim Arefin and Al Islam, A. B. M. Alim},
 title = {Towards Devising a Low-cost and Easy-to-use Arithmetic Learning Framework for Economically Less-privileged Visually Impaired Children},
 journal = {ACM Trans. Access. Comput.},
 issue_date = {November 2018},
 volume = {11},
 number = {4},
 month = nov,
 year = {2018},
 issn = {1936-7228},
 pages = {21:1--21:31},
 articleno = {21},
 numpages = {31},
 url = {http://doi.acm.org/10.1145/3265756},
 doi = {10.1145/3265756},
 acmid = {3265756},
 publisher = {ACM},
 address = {New York, NY, USA},
 keywords = {Visual-impairment, arithmetic learning, economically less-privileged children, low-resource settings},
}

@article{Alur:2009:ANS:1516512.1516518,
 author = {Alur, Rajeev and Madhusudan, P.},
 title = {Adding Nesting Structure to Words},
 journal = {J. ACM},
 issue_date = {May 2009},
 volume = {56},
 number = {3},
 month = may,
 year = {2009},
 issn = {0004-5411},
 pages = {16:1--16:43},
 articleno = {16},
 numpages = {43},
 url = {http://doi.acm.org/10.1145/1516512.1516518},
 doi = {10.1145/1516512.1516518},
 acmid = {1516518},
 publisher = {ACM},
 address = {New York, NY, USA},
 keywords = {Pushdown automata, XML processing, software model checking, tree automata},
}

