@inproceedings{Kumar:1998:EPC:282991.283617,
 author = {Kumar, Amruth N.},
 title = {Evaluating the Pedagogy of Computer Science Courseware Delivered over the Web (Poster)},
 booktitle = {Proceedings of the 6th Annual Conference on the Teaching of Computing and the 3rd Annual Conference on Integrating Technology into Computer Science Education: Changing the Delivery of Computer Science Education},
 series = {ITiCSE '98},
 year = {1998},
 isbn = {1-58113-000-7},
 location = {Dublin City Univ., Ireland},
 pages = {288--},
 url = {http://doi.acm.org/10.1145/282991.283617},
 doi = {10.1145/282991.283617},
 acmid = {283617},
 publisher = {ACM},
 address = {New York, NY, USA},
}

@article{Kumar:1998:EPC:290320.283617,
 author = {Kumar, Amruth N.},
 title = {Evaluating the Pedagogy of Computer Science Courseware Delivered over the Web (Poster)},
 journal = {SIGCSE Bull.},
 issue_date = {Sept. 1998},
 volume = {30},
 number = {3},
 month = aug,
 year = {1998},
 issn = {0097-8418},
 pages = {288--},
 url = {http://doi.acm.org/10.1145/290320.283617},
 doi = {10.1145/290320.283617},
 acmid = {283617},
 publisher = {ACM},
 address = {New York, NY, USA},
}

@inproceedings{Zhang:2018:RPA:3284103.3284126,
 author = {Zhang, Lin and Xing, Han and Qian, Jing and Jia, Nan and Liu, Yi},
 title = {How Risk Perception Affect Driving Behaviors in Disasters},
 booktitle = {Proceedings of the 4th ACM SIGSPATIAL International Workshop on Safety and Resilience},
 series = {Safety and Resilience'18},
 year = {2018},
 isbn = {978-1-4503-6044-9},
 location = {Seattle, WA, USA},
 pages = {20:1--20:4},
 articleno = {20},
 numpages = {4},
 url = {http://doi.acm.org/10.1145/3284103.3284126},
 doi = {10.1145/3284103.3284126},
 acmid = {3284126},
 publisher = {ACM},
 address = {New York, NY, USA},
 keywords = {Disaster, Driving Behaviour, Risk Perception},
}

@inproceedings{Zhu:2016:RRD:3004323.3004344,
 author = {Zhu, Yueyan and Wang, Ying and Li, Guofa and Guo, Xiang},
 title = {Recognizing and Releasing Drivers' Negative Emotions by Using Music: Evidence from Driver Anger},
 booktitle = {Adjunct Proceedings of the 8th International Conference on Automotive User Interfaces and Interactive Vehicular Applications},
 series = {AutomotiveUI '16 Adjunct},
 year = {2016},
 isbn = {978-1-4503-4654-2},
 location = {Ann Arbor, MI, USA},
 pages = {173--178},
 numpages = {6},
 url = {http://doi.acm.org/10.1145/3004323.3004344},
 doi = {10.1145/3004323.3004344},
 acmid = {3004344},
 publisher = {ACM},
 address = {New York, NY, USA},
 keywords = {Driving safety, anger, heart rate, music tempo, negative emotions, personal familiarity},
}

@inproceedings{Chow:2001:ETD:634067.634296,
 author = {Chow, Danny SL},
 title = {The Effects of Time Delay in Electronic Commerce},
 booktitle = {CHI '01 Extended Abstracts on Human Factors in Computing Systems},
 series = {CHI EA '01},
 year = {2001},
 isbn = {1-58113-340-5},
 location = {Seattle, Washington},
 pages = {387--388},
 numpages = {2},
 url = {http://doi.acm.org/10.1145/634067.634296},
 doi = {10.1145/634067.634296},
 acmid = {634296},
 publisher = {ACM},
 address = {New York, NY, USA},
 keywords = {download speeds, e-commerce, patterns of delay, peak-and-end effects, time delay},
}

@inproceedings{Liu:2007:PLU:1362550.1362612,
 author = {Liu, Fang},
 title = {Personalized Learning Using Adapted Content Modality Design for Science Students},
 booktitle = {Proceedings of the 14th European Conference on Cognitive Ergonomics: Invent! Explore!},
 series = {ECCE '07},
 year = {2007},
 isbn = {978-1-84799-849-1},
 location = {London, United Kingdom},
 pages = {293--296},
 numpages = {4},
 url = {http://doi.acm.org/10.1145/1362550.1362612},
 doi = {10.1145/1362550.1362612},
 acmid = {1362612},
 publisher = {ACM},
 address = {New York, NY, USA},
 keywords = {adaptation, cognitive learning style, e-learning, learning style, modality, personalization},
}

@inproceedings{Zhang:2017:ESD:3152465.3152477,
 author = {Zhang, Lin and Xing, Han and Yu, Shuiping and Liu, Cheng and Liu, Yi and Liu, Yi},
 title = {Experimental Study on Driving Behaviour},
 booktitle = {Proceedings of the 3rd ACM SIGSPATIAL Workshop on Emergency Management Using},
 series = {EM-GIS'17},
 year = {2017},
 isbn = {978-1-4503-5493-6},
 location = {Redondo Beach, CA, USA},
 pages = {11:1--11:4},
 articleno = {11},
 numpages = {4},
 url = {http://doi.acm.org/10.1145/3152465.3152477},
 doi = {10.1145/3152465.3152477},
 acmid = {3152477},
 publisher = {ACM},
 address = {New York, NY, USA},
 keywords = {Black Tea, Disaster, Driving behaviour diversity, Driving simulator},
}

@inproceedings{Foster:2011:PBD:1979742.1979944,
 author = {Foster, Derek and Linehan, Conor and Lawson, Shaun and Kirman, Ben},
 title = {Power Ballads: Deploying Aversive Energy Feedback in Social Media},
 booktitle = {CHI '11 Extended Abstracts on Human Factors in Computing Systems},
 series = {CHI EA '11},
 year = {2011},
 isbn = {978-1-4503-0268-5},
 location = {Vancouver, BC, Canada},
 pages = {2221--2226},
 numpages = {6},
 url = {http://doi.acm.org/10.1145/1979742.1979944},
 doi = {10.1145/1979742.1979944},
 acmid = {1979944},
 publisher = {ACM},
 address = {New York, NY, USA},
 keywords = {aversive feedback, energy saving, motivation, persuasive technology, social networks, sustainability},
}

@inproceedings{Block:1961:AP:1460690.1460722,
 author = {Block, H. D.},
 title = {Analysis of Perceptions},
 booktitle = {Papers Presented at the May 9-11, 1961, Western Joint IRE-AIEE-ACM Computer Conference},
 series = {IRE-AIEE-ACM '61 (Western)},
 year = {1961},
 location = {Los Angeles, California},
 pages = {281--289},
 numpages = {9},
 url = {http://doi.acm.org/10.1145/1460690.1460722},
 doi = {10.1145/1460690.1460722},
 acmid = {1460722},
 publisher = {ACM},
 address = {New York, NY, USA},
}

@inproceedings{Bial:2011:EON:1979742.1979760,
 author = {Bial, Dominik and Kern, Dagmar and Alt, Florian and Schmidt, Albrecht},
 title = {Enhancing Outdoor Navigation Systems Through Vibrotactile Feedback},
 booktitle = {CHI '11 Extended Abstracts on Human Factors in Computing Systems},
 series = {CHI EA '11},
 year = {2011},
 isbn = {978-1-4503-0268-5},
 location = {Vancouver, BC, Canada},
 pages = {1273--1278},
 numpages = {6},
 url = {http://doi.acm.org/10.1145/1979742.1979760},
 doi = {10.1145/1979742.1979760},
 acmid = {1979760},
 publisher = {ACM},
 address = {New York, NY, USA},
 keywords = {field study, motorcycling, vibration patterns, vibro tactile navigation},
}

@inproceedings{Bruzzone:2007:DHB:1357910.1358077,
 author = {Bruzzone, Agostino and Brandolini, Matteo and Massei, Marina},
 title = {Demonstration for Human Behavior Modeling Within Civil Disorder Scenarios},
 booktitle = {Proceedings of the 2007 Summer Computer Simulation Conference},
 series = {SCSC '07},
 year = {2007},
 isbn = {1-56555-316-0},
 location = {San Diego, California},
 pages = {1067--1073},
 numpages = {7},
 url = {http://dl.acm.org/citation.cfm?id=1357910.1358077},
 acmid = {1358077},
 publisher = {Society for Computer Simulation International},
 address = {San Diego, CA, USA},
}

@inproceedings{Alshammari:2015:ILS:2729094.2742614,
 author = {Alshammari, Mohammad and Anane, Rachid and Hendley, Robert J.},
 title = {The Impact of Learning Style Adaptivity in Teaching Computer Security},
 booktitle = {Proceedings of the 2015 ACM Conference on Innovation and Technology in Computer Science Education},
 series = {ITiCSE '15},
 year = {2015},
 isbn = {978-1-4503-3440-2},
 location = {Vilnius, Lithuania},
 pages = {135--140},
 numpages = {6},
 url = {http://doi.acm.org/10.1145/2729094.2742614},
 doi = {10.1145/2729094.2742614},
 acmid = {2742614},
 publisher = {ACM},
 address = {New York, NY, USA},
 keywords = {adaptivity, computer security education, e-learning systems, learning style},
}

@inproceedings{Majeed:2017:SIL:3026480.3026488,
 author = {Majeed, Asim and Baadel, Said and Williams, Mike Lloyd},
 title = {Semantics of Intelligent Learning Environment (ILE): Cesim Simulation},
 booktitle = {Proceedings of the 8th International Conference on E-Education, E-Business, E-Management and E-Learning},
 series = {IC4E '17},
 year = {2017},
 isbn = {978-1-4503-4821-8},
 location = {Kuala Lumpur, Malaysia},
 pages = {24--29},
 numpages = {6},
 url = {http://doi.acm.org/10.1145/3026480.3026488},
 doi = {10.1145/3026480.3026488},
 acmid = {3026488},
 publisher = {ACM},
 address = {New York, NY, USA},
 keywords = {Cesim, Game-based learning, Simulation, Virtual},
}

@article{Kujala:2013:BIH:2558234.2558248,
 author = {Kujala, Tuomo},
 title = {Browsing the Information Highway While Driving: Three In-vehicle Touch Screen Scrolling Methods and Driver Distraction},
 journal = {Personal Ubiquitous Comput.},
 issue_date = {June      2013},
 volume = {17},
 number = {5},
 month = jun,
 year = {2013},
 issn = {1617-4909},
 pages = {815--823},
 numpages = {9},
 url = {http://dx.doi.org/10.1007/s00779-012-0517-2},
 doi = {10.1007/s00779-012-0517-2},
 acmid = {2558248},
 publisher = {Springer-Verlag},
 address = {London, UK, UK},
 keywords = {Driver distraction, Driving performance, In-vehicle information system, Information search, Scrolling method, Touch screen, Visual load, Visual sampling},
}

@inproceedings{denAkker:2017:LTP:3154862.3154931,
 author = {den Akker, Rieks op and Klaassen, Randy and Bul, Kim and Kato, Pamela M. and van der Burg, Gert-Jan and di Bitonto, Pierpaulo},
 title = {Let Them Play: Experiences in the Wild with a Gamification and Coaching System for Young Diabetes Patients},
 booktitle = {Proceedings of the 11th EAI International Conference on Pervasive Computing Technologies for Healthcare},
 series = {PervasiveHealth '17},
 year = {2017},
 isbn = {978-1-4503-6363-1},
 location = {Barcelona, Spain},
 pages = {409--418},
 numpages = {10},
 url = {http://doi.acm.org/10.1145/3154862.3154931},
 doi = {10.1145/3154862.3154931},
 acmid = {3154931},
 publisher = {ACM},
 address = {New York, NY, USA},
 keywords = {diabetes education, digital coaching, gamification, self-management, user evaluations},
}

@inproceedings{Sandoval:2016:RBH:2906831.2906853,
 author = {Sandoval, Eduardo Ben\'{\i}tez and Brandstetter, J\"{u}rgen and Bartneck, Christoph},
 title = {Can a Robot Bribe a Human?: The Measurement of the Negative Side of Reciprocity in Human Robot Interaction},
 booktitle = {The Eleventh ACM/IEEE International Conference on Human Robot Interaction},
 series = {HRI '16},
 year = {2016},
 isbn = {978-1-4673-8370-7},
 location = {Christchurch, New Zealand},
 pages = {117--124},
 numpages = {8},
 url = {http://dl.acm.org/citation.cfm?id=2906831.2906853},
 acmid = {2906853},
 publisher = {IEEE Press},
 address = {Piscataway, NJ, USA},
 keywords = {bribery, decision games, negative reciprocity, paper scissors game, reciprocity, rock},
}

@inproceedings{Almela:2012:STD:2388616.2388619,
 author = {Almela, \'{A}ngela and Valencia-Garc\'{\i}a, Rafael and Cantos, Pascual},
 title = {Seeing Through Deception: A Computational Approach to Deceit Detection in Written Communication},
 booktitle = {Proceedings of the Workshop on Computational Approaches to Deception Detection},
 series = {EACL 2012},
 year = {2012},
 location = {Avignon, France},
 pages = {15--22},
 numpages = {8},
 url = {http://dl.acm.org/citation.cfm?id=2388616.2388619},
 acmid = {2388619},
 publisher = {Association for Computational Linguistics},
 address = {Stroudsburg, PA, USA},
}

@inproceedings{Gomes:2010:SSP:1822090.1822123,
 author = {Gomes, Anabela Jesus and Mendes, Ant\'{o}nio Jos{\'e}},
 title = {A Study on Student Performance in First Year CS Courses},
 booktitle = {Proceedings of the Fifteenth Annual Conference on Innovation and Technology in Computer Science Education},
 series = {ITiCSE '10},
 year = {2010},
 isbn = {978-1-60558-820-9},
 location = {Bilkent, Ankara, Turkey},
 pages = {113--117},
 numpages = {5},
 url = {http://doi.acm.org/10.1145/1822090.1822123},
 doi = {10.1145/1822090.1822123},
 acmid = {1822123},
 publisher = {ACM},
 address = {New York, NY, USA},
 keywords = {learning difficulties, learning styles, programming learning},
}

@inproceedings{Li:2019:SIF:3317640.3317662,
 author = {Li, Leilei and Yuan, Yue and Li, Mi and Xu, Hongpei and Li, Richeng and Lu, Shengfu},
 title = {Subject Independent Facial Expression Recognition: Cross-Connection and Spatial Pyramid Pooling Convolutional Neural Network},
 booktitle = {Proceedings of the 2019 International Conference on Image, Video and Signal Processing},
 series = {IVSP 2019},
 year = {2019},
 isbn = {978-1-4503-6175-0},
 location = {Shanghai, China},
 pages = {85--92},
 numpages = {8},
 url = {http://doi.acm.org/10.1145/3317640.3317662},
 doi = {10.1145/3317640.3317662},
 acmid = {3317662},
 publisher = {ACM},
 address = {New York, NY, USA},
 keywords = {Convolutional Neural Networks, Cross-Connection, Facial Expression Recognition, Label Smoothing, Spatial Pyramid Pooling},
}

@inproceedings{Linehan:2011:PAE:1978942.1979229,
 author = {Linehan, Conor and Kirman, Ben and Lawson, Shaun and Chan, Gail},
 title = {Practical, Appropriate, Empirically-validated Guidelines for Designing Educational Games},
 booktitle = {Proceedings of the SIGCHI Conference on Human Factors in Computing Systems},
 series = {CHI '11},
 year = {2011},
 isbn = {978-1-4503-0228-9},
 location = {Vancouver, BC, Canada},
 pages = {1979--1988},
 numpages = {10},
 url = {http://doi.acm.org/10.1145/1978942.1979229},
 doi = {10.1145/1978942.1979229},
 acmid = {1979229},
 publisher = {ACM},
 address = {New York, NY, USA},
 keywords = {applied behaviour analysis, behavioural psychology, education, educational games, games design, psychology, serious games},
}

@inproceedings{Scherer:2014:TEL:2691195.2691237,
 author = {Scherer, Sabrina and Wimmer, Maria A.},
 title = {Trust in e-Participation: Literature Review and Emerging Research Needs},
 booktitle = {Proceedings of the 8th International Conference on Theory and Practice of Electronic Governance},
 series = {ICEGOV '14},
 year = {2014},
 isbn = {978-1-60558-611-3},
 location = {Guimaraes, Portugal},
 pages = {61--70},
 numpages = {10},
 url = {http://doi.acm.org/10.1145/2691195.2691237},
 doi = {10.1145/2691195.2691237},
 acmid = {2691237},
 publisher = {ACM},
 address = {New York, NY, USA},
 keywords = {e-participation, guideline, trust, trust model for e-participation},
}

@inproceedings{Brown:2006:RCS:1135777.1135827,
 author = {Brown, Elizabeth and Brailsford, Tim and Fisher, Tony and Moore, Adam and Ashman, Helen},
 title = {Reappraising Cognitive Styles in Adaptive Web Applications},
 booktitle = {Proceedings of the 15th International Conference on World Wide Web},
 series = {WWW '06},
 year = {2006},
 isbn = {1-59593-323-9},
 location = {Edinburgh, Scotland},
 pages = {327--335},
 numpages = {9},
 url = {http://doi.acm.org/10.1145/1135777.1135827},
 doi = {10.1145/1135777.1135827},
 acmid = {1135827},
 publisher = {ACM},
 address = {New York, NY, USA},
 keywords = {adaptive hypermedia, cognitive styles, user modelling, user trials, web applications},
}

@article{Vines:2015:APE:2737795.2696867,
 author = {Vines, John and Pritchard, Gary and Wright, Peter and Olivier, Patrick and Brittain, Katie},
 title = {An Age-Old Problem: Examining the Discourses of Ageing in HCI and Strategies for Future Research},
 journal = {ACM Trans. Comput.-Hum. Interact.},
 issue_date = {March 2015},
 volume = {22},
 number = {1},
 month = feb,
 year = {2015},
 issn = {1073-0516},
 pages = {2:1--2:27},
 articleno = {2},
 numpages = {27},
 url = {http://doi.acm.org/10.1145/2696867},
 doi = {10.1145/2696867},
 acmid = {2696867},
 publisher = {ACM},
 address = {New York, NY, USA},
 keywords = {Ageing, critical reflection, discourse analysis, older people, social gerontology},
}

@article{Culpepper:2018:RFI:3274784.3274788,
 author = {Culpepper, J. Shane and Diaz, Fernando and Smucker, Mark D.},
 title = {Research Frontiers in Information Retrieval: Report from the Third Strategic Workshop on Information Retrieval in Lorne (SWIRL 2018)},
 journal = {SIGIR Forum},
 issue_date = {June 2018},
 volume = {52},
 number = {1},
 month = aug,
 year = {2018},
 issn = {0163-5840},
 pages = {34--90},
 numpages = {57},
 url = {http://doi.acm.org/10.1145/3274784.3274788},
 doi = {10.1145/3274784.3274788},
 acmid = {3274788},
 publisher = {ACM},
 address = {New York, NY, USA},
}

