@inproceedings{vanderHoek:2005:KSL:1082473.1082576,
 author = {van der Hoek, Wiebe and Roberts, Mark and Wooldridge, Michael},
 title = {Knowledge and Social Laws},
 booktitle = {Proceedings of the Fourth International Joint Conference on Autonomous Agents and Multiagent Systems},
 series = {AAMAS '05},
 year = {2005},
 isbn = {1-59593-093-0},
 location = {The Netherlands},
 pages = {674--681},
 numpages = {8},
 url = {http://doi.acm.org/10.1145/1082473.1082576},
 doi = {10.1145/1082473.1082576},
 acmid = {1082576},
 publisher = {ACM},
 address = {New York, NY, USA},
 keywords = {alternating-time temporal epistemic logic, knowledge, social laws},
}

@inproceedings{Azar:2011:DFE:2431518.2431614,
 author = {Azar, Elie and Menassa, Carol C.},
 title = {A Decision Framework for Energy Use Reduction Initiatives in Commercial Buildings},
 booktitle = {Proceedings of the Winter Simulation Conference},
 series = {WSC '11},
 year = {2011},
 location = {Phoenix, Arizona},
 pages = {816--827},
 numpages = {12},
 url = {http://dl.acm.org/citation.cfm?id=2431518.2431614},
 acmid = {2431614},
 publisher = {Winter Simulation Conference},
}

@inproceedings{Dick:2012:EUB:2348144.2348160,
 author = {Dick, Holger and Eden, Hal and Fischer, Gerhard and Zietz, Jason},
 title = {Empowering Users to Become Designers: Using Meta-design Environments to Enable and Motivate Sustainable Energy Decisions},
 booktitle = {Proceedings of the 12th Participatory Design Conference: Exploratory Papers, Workshop Descriptions, Industry Cases - Volume 2},
 series = {PDC '12},
 year = {2012},
 isbn = {978-1-4503-1296-7},
 location = {Roskilde, Denmark},
 pages = {49--52},
 numpages = {4},
 url = {http://doi.acm.org/10.1145/2348144.2348160},
 doi = {10.1145/2348144.2348160},
 acmid = {2348160},
 publisher = {ACM},
 address = {New York, NY, USA},
 keywords = {cultures of participation, decision-making, design-in-use, energy sustainability, meta-design, rich ecologies of participation},
}

@inproceedings{Jahangirova:2017:OPS:3092703.3098235,
 author = {Jahangirova, Gunel},
 title = {Oracle Problem in Software Testing},
 booktitle = {Proceedings of the 26th ACM SIGSOFT International Symposium on Software Testing and Analysis},
 series = {ISSTA 2017},
 year = {2017},
 isbn = {978-1-4503-5076-1},
 location = {Santa Barbara, CA, USA},
 pages = {444--447},
 numpages = {4},
 url = {http://doi.acm.org/10.1145/3092703.3098235},
 doi = {10.1145/3092703.3098235},
 acmid = {3098235},
 publisher = {ACM},
 address = {New York, NY, USA},
 keywords = {Oracle Problem, failed error propagation, mutation testing, oracle placement, test case generation, test oracle},
}

@inproceedings{Frank:2017:LFS:3131542.3140279,
 author = {Frank, Tina and P\"{u}hrerfellner, Marianne and von Rechbach, Barbara and Lechner, David},
 title = {Log Files. Stories from the Internet of Things},
 booktitle = {Proceedings of the Seventh International Conference on the Internet of Things},
 series = {IoT '17},
 year = {2017},
 isbn = {978-1-4503-5318-2},
 location = {Linz, Austria},
 pages = {44:1--44:2},
 articleno = {44},
 numpages = {2},
 url = {http://doi.acm.org/10.1145/3131542.3140279},
 doi = {10.1145/3131542.3140279},
 acmid = {3140279},
 publisher = {ACM},
 address = {New York, NY, USA},
 keywords = {artistic research, design fiction, design thinking, experimental design research, speculative design, visual communication},
}

@inproceedings{Jahangirova:2016:TOA:2931037.2931062,
 author = {Jahangirova, Gunel and Clark, David and Harman, Mark and Tonella, Paolo},
 title = {Test Oracle Assessment and Improvement},
 booktitle = {Proceedings of the 25th International Symposium on Software Testing and Analysis},
 series = {ISSTA 2016},
 year = {2016},
 isbn = {978-1-4503-4390-9},
 location = {Saarbr\&\#252;cken, Germany},
 pages = {247--258},
 numpages = {12},
 url = {http://doi.acm.org/10.1145/2931037.2931062},
 doi = {10.1145/2931037.2931062},
 acmid = {2931062},
 publisher = {ACM},
 address = {New York, NY, USA},
 keywords = {Test oracle, mutation testing, test case generation},
}

@inproceedings{Rahim:2010:VSC:1926458.1926475,
 author = {Rahim, Lukman Ab and Whittle, Jon},
 title = {Verifying Semantic Conformance of State Machine-to-java Code Generators},
 booktitle = {Proceedings of the 13th International Conference on Model Driven Engineering Languages and Systems: Part I},
 series = {MODELS'10},
 year = {2010},
 isbn = {3-642-16144-8, 978-3-642-16144-5},
 location = {Oslo, Norway},
 pages = {166--180},
 numpages = {15},
 url = {http://dl.acm.org/citation.cfm?id=1926458.1926475},
 acmid = {1926475},
 publisher = {Springer-Verlag},
 address = {Berlin, Heidelberg},
}

@inproceedings{Peng:2019:CGP:3293882.3338989,
 author = {Peng, Chao},
 title = {On the Correctness of GPU Programs},
 booktitle = {Proceedings of the 28th ACM SIGSOFT International Symposium on Software Testing and Analysis},
 series = {ISSTA 2019},
 year = {2019},
 isbn = {978-1-4503-6224-5},
 location = {Beijing, China},
 pages = {443--447},
 numpages = {5},
 url = {http://doi.acm.org/10.1145/3293882.3338989},
 doi = {10.1145/3293882.3338989},
 acmid = {3338989},
 publisher = {ACM},
 address = {New York, NY, USA},
 keywords = {GPU, OpenCL, code coverage, data race, fault finding, software testing, test case generation},
}

@article{Fraser:2015:AUT:2820114.2699688,
 author = {Fraser, Gordon and Staats, Matt and McMinn, Phil and Arcuri, Andrea and Padberg, Frank},
 title = {Does Automated Unit Test Generation Really Help Software Testers? A Controlled Empirical Study},
 journal = {ACM Trans. Softw. Eng. Methodol.},
 issue_date = {August 2015},
 volume = {24},
 number = {4},
 month = sep,
 year = {2015},
 issn = {1049-331X},
 pages = {23:1--23:49},
 articleno = {23},
 numpages = {49},
 url = {http://doi.acm.org/10.1145/2699688},
 doi = {10.1145/2699688},
 acmid = {2699688},
 publisher = {ACM},
 address = {New York, NY, USA},
 keywords = {Unit testing, automated test generation, branch coverage, empirical software engineering},
}

@inproceedings{Fraser:2013:AWT:2483760.2483774,
 author = {Fraser, Gordon and Staats, Matt and McMinn, Phil and Arcuri, Andrea and Padberg, Frank},
 title = {Does Automated White-box Test Generation Really Help Software Testers?},
 booktitle = {Proceedings of the 2013 International Symposium on Software Testing and Analysis},
 series = {ISSTA 2013},
 year = {2013},
 isbn = {978-1-4503-2159-4},
 location = {Lugano, Switzerland},
 pages = {291--301},
 numpages = {11},
 url = {http://doi.acm.org/10.1145/2483760.2483774},
 doi = {10.1145/2483760.2483774},
 acmid = {2483774},
 publisher = {ACM},
 address = {New York, NY, USA},
 keywords = {Unit testing, automated test generation, branch coverage, empirical software engineering},
}

@inproceedings{Leitao:2018:SUD:3170427.3188567,
 author = {Leit\~{a}o, Roxanne and Jakobsen, Filip},
 title = {A Survey on User-Interface Design Strategies to Address Online Bias},
 booktitle = {Extended Abstracts of the 2018 CHI Conference on Human Factors in Computing Systems},
 series = {CHI EA '18},
 year = {2018},
 isbn = {978-1-4503-5621-3},
 location = {Montreal QC, Canada},
 pages = {LBW084:1--LBW084:6},
 articleno = {LBW084},
 numpages = {6},
 url = {http://doi.acm.org/10.1145/3170427.3188567},
 doi = {10.1145/3170427.3188567},
 acmid = {3188567},
 publisher = {ACM},
 address = {New York, NY, USA},
 keywords = {digital bias, ongoing work, online discrimination, qualitative survey, ui design, ui/ux, web design},
}

@inproceedings{Jahangirova:2018:OOA:3213846.3229503,
 author = {Jahangirova, Gunel and Clark, David and Harman, Mark and Tonella, Paolo},
 title = {OASIs: Oracle Assessment and Improvement Tool},
 booktitle = {Proceedings of the 27th ACM SIGSOFT International Symposium on Software Testing and Analysis},
 series = {ISSTA 2018},
 year = {2018},
 isbn = {978-1-4503-5699-2},
 location = {Amsterdam, Netherlands},
 pages = {368--371},
 numpages = {4},
 url = {http://doi.acm.org/10.1145/3213846.3229503},
 doi = {10.1145/3213846.3229503},
 acmid = {3229503},
 publisher = {ACM},
 address = {New York, NY, USA},
 keywords = {Test oracle, mutation testing, oracle assessment, oracle improvement, test case generation},
}

@inproceedings{Bowes:2017:GMT:3106039.3106042,
 author = {Bowes, David and Hall, Tracy and Petri\'{c}, Jean and Shippey, Thomas and Turhan, Burak},
 title = {How Good Are My Tests?},
 booktitle = {Proceedings of the 8th Workshop on Emerging Trends in Software Metrics},
 series = {WETSoM '17},
 year = {2017},
 isbn = {978-1-5386-2807-2},
 location = {Buenos Aires, Argentina},
 pages = {9--14},
 numpages = {6},
 url = {https://doi.org/10.1109/WETSoM.2017..2},
 doi = {10.1109/WETSoM.2017..2},
 acmid = {3106042},
 publisher = {IEEE Press},
 address = {Piscataway, NJ, USA},
 keywords = {metrics, test quality, unit testing},
}

@inproceedings{Midden:2011:PPG:2467803.2467804,
 author = {Midden, Cees and Kimura, Hiroaki and Ham, Jaap and Nakajima, Tatsuo and Kleppe, Mieke},
 title = {Persuasive Power in Groups: The Influence of Group Feedback and Individual Comparison Feedback on Energy Consumption Behavior},
 booktitle = {Proceedings of the 6th International Conference on Persuasive Technology: Persuasive Technology and Design: Enhancing Sustainability and Health},
 series = {PERSUASIVE '11},
 year = {2011},
 isbn = {978-1-4503-0669-0},
 location = {Columbus, Ohio, USA},
 pages = {1:1--1:8},
 articleno = {1},
 numpages = {8},
 url = {http://doi.acm.org/10.1145/2467803.2467804},
 doi = {10.1145/2467803.2467804},
 acmid = {2467804},
 publisher = {ACM},
 address = {New York, NY, USA},
 keywords = {comparative feedback, group feedback, persuasive technology},
}

@inproceedings{Staats:2011:PTO:1985793.1985847,
 author = {Staats, Matt and Whalen, Michael W. and Heimdahl, Mats P.E.},
 title = {Programs, Tests, and Oracles: The Foundations of Testing Revisited},
 booktitle = {Proceedings of the 33rd International Conference on Software Engineering},
 series = {ICSE '11},
 year = {2011},
 isbn = {978-1-4503-0445-0},
 location = {Waikiki, Honolulu, HI, USA},
 pages = {391--400},
 numpages = {10},
 url = {http://doi.acm.org/10.1145/1985793.1985847},
 doi = {10.1145/1985793.1985847},
 acmid = {1985847},
 publisher = {ACM},
 address = {New York, NY, USA},
 keywords = {testing formalism, theory of testing},
}

@inproceedings{Thomas:2016:DSF:3042409.3042494,
 author = {Thomas, Albert and Menassa, Carol C. and Kamat, Vineet R.},
 title = {Distributed Simulation Framework to Analyze the Energy Effects of Adaptive Thermal Comfort Behavior of Building Occupants},
 booktitle = {Proceedings of the 2016 Winter Simulation Conference},
 series = {WSC '16},
 year = {2016},
 location = {Arlington, Virginia},
 pages = {3225--3236},
 numpages = {12},
 url = {http://dl.acm.org/citation.cfm?id=3042409.3042494},
 acmid = {3042494},
 publisher = {IEEE Press},
 address = {Piscataway, NJ, USA},
}

@inproceedings{Thomas:2016:DSF:3042094.3042494,
 author = {Thomas, Albert and Menassa, Carol C. and Kamat, Vineet R.},
 title = {Distributed Simulation Framework to Analyze the Energy Effects of Adaptive Thermal Comfort Behavior of Building Occupants},
 booktitle = {Proceedings of the 2016 Winter Simulation Conference},
 series = {WSC '16},
 year = {2016},
 isbn = {978-1-5090-4484-9},
 location = {Arlington, Virginia},
 pages = {3225--3236},
 numpages = {12},
 url = {http://dl.acm.org/citation.cfm?id=3042094.3042494},
 acmid = {3042494},
 publisher = {IEEE Press},
 address = {Piscataway, NJ, USA},
}

@inproceedings{Mirshokraie:2013:PGT:3107656.3107736,
 author = {Mirshokraie, Shabnam and Mesbah, Ali and Pattabiraman, Karthik},
 title = {PYTHIA: Generating Test Cases with Oracles for JavaScript Applications},
 booktitle = {Proceedings of the 28th IEEE/ACM International Conference on Automated Software Engineering},
 series = {ASE'13},
 year = {2013},
 isbn = {978-1-4799-0215-6},
 location = {Silicon Valley, CA, USA},
 pages = {610--615},
 numpages = {6},
 url = {https://doi.org/10.1109/ASE.2013.6693121},
 doi = {10.1109/ASE.2013.6693121},
 acmid = {3107736},
 publisher = {IEEE Press},
 address = {Piscataway, NJ, USA},
 keywords = {DOM, JavaScript, oracles, test generation},
}

@inproceedings{Meyer-Lerbs:2010:GEH:1860559.1860609,
 author = {Meyer-Lerbs, Lothar and Schuldt, Arne and Gottfried, Bj\"{o}rn},
 title = {Glyph Extraction from Historic Document Images},
 booktitle = {Proceedings of the 10th ACM Symposium on Document Engineering},
 series = {DocEng '10},
 year = {2010},
 isbn = {978-1-4503-0231-9},
 location = {Manchester, United Kingdom},
 pages = {227--230},
 numpages = {4},
 url = {http://doi.acm.org/10.1145/1860559.1860609},
 doi = {10.1145/1860559.1860609},
 acmid = {1860609},
 publisher = {ACM},
 address = {New York, NY, USA},
 keywords = {document-specific font, glyph classification, glyph extraction, glyph shape, image enhancement},
}

@inproceedings{Garner:2011:CFC:2095667.2095672,
 author = {Garner, Tom and Grimshaw, Mark},
 title = {A Climate of Fear: Considerations for Designing a Virtual Acoustic Ecology of Fear},
 booktitle = {Proceedings of the 6th Audio Mostly Conference: A Conference on Interaction with Sound},
 series = {AM '11},
 year = {2011},
 isbn = {978-1-4503-1081-9},
 location = {Coimbra, Portugal},
 pages = {31--38},
 numpages = {8},
 url = {http://doi.acm.org/10.1145/2095667.2095672},
 doi = {10.1145/2095667.2095672},
 acmid = {2095672},
 publisher = {ACM},
 address = {New York, NY, USA},
 keywords = {affect, ecology, emotion, fear, perception},
}

@inproceedings{BenacEarle:2016:AGP:2899415.2899443,
 author = {Benac Earle, Clara and Fredlund, Lars-\AAke and Hughes, John},
 title = {Automatic Grading of Programming Exercises Using Property-Based Testing},
 booktitle = {Proceedings of the 2016 ACM Conference on Innovation and Technology in Computer Science Education},
 series = {ITiCSE '16},
 year = {2016},
 isbn = {978-1-4503-4231-5},
 location = {Arequipa, Peru},
 pages = {47--52},
 numpages = {6},
 url = {http://doi.acm.org/10.1145/2899415.2899443},
 doi = {10.1145/2899415.2899443},
 acmid = {2899443},
 publisher = {ACM},
 address = {New York, NY, USA},
 keywords = {automated assessment, java, testing},
}

@inproceedings{Androutsopoulos:2014:ARC:2568225.2568314,
 author = {Androutsopoulos, Kelly and Clark, David and Dan, Haitao and Hierons, Robert M. and Harman, Mark},
 title = {An Analysis of the Relationship Between Conditional Entropy and Failed Error Propagation in Software Testing},
 booktitle = {Proceedings of the 36th International Conference on Software Engineering},
 series = {ICSE 2014},
 year = {2014},
 isbn = {978-1-4503-2756-5},
 location = {Hyderabad, India},
 pages = {573--583},
 numpages = {11},
 url = {http://doi.acm.org/10.1145/2568225.2568314},
 doi = {10.1145/2568225.2568314},
 acmid = {2568314},
 publisher = {ACM},
 address = {New York, NY, USA},
 keywords = {Information Theory, Program Analysis},
}

@proceedings{Taylor:2011:1985793,
 title = {ICSE '11: Proceedings of the 33rd International Conference on Software Engineering},
 year = {2011},
 isbn = {978-1-4503-0445-0},
 location = {Waikiki, Honolulu, HI, USA},
 note = {592111},
 publisher = {ACM},
 address = {New York, NY, USA},
}

@inproceedings{Marsden:2017:DPC:3152771.3156143,
 author = {Marsden, Nicola and Hermann, Julia and Pr\"{o}bster, Monika},
 title = {Developing Personas, Considering Gender: A Case Study},
 booktitle = {Proceedings of the 29th Australian Conference on Computer-Human Interaction},
 series = {OZCHI '17},
 year = {2017},
 isbn = {978-1-4503-5379-3},
 location = {Brisbane, Queensland, Australia},
 pages = {392--396},
 numpages = {5},
 url = {http://doi.acm.org/10.1145/3152771.3156143},
 doi = {10.1145/3152771.3156143},
 acmid = {3156143},
 publisher = {ACM},
 address = {New York, NY, USA},
 keywords = {gender, participatory design, personas, third space},
}

@inproceedings{Preist:2014:CAA:2531602.2531615,
 author = {Preist, Chris and Massung, Elaine and Coyle, David},
 title = {Competing or Aiming to Be Average?: Normification As a Means of Engaging Digital Volunteers},
 booktitle = {Proceedings of the 17th ACM Conference on Computer Supported Cooperative Work \&\#38; Social Computing},
 series = {CSCW '14},
 year = {2014},
 isbn = {978-1-4503-2540-0},
 location = {Baltimore, Maryland, USA},
 pages = {1222--1233},
 numpages = {12},
 url = {http://doi.acm.org/10.1145/2531602.2531615},
 doi = {10.1145/2531602.2531615},
 acmid = {2531615},
 publisher = {ACM},
 address = {New York, NY, USA},
 keywords = {citizen science, competition, crowdsourcing, gamification, normification, personal norms, social norms},
}

@inproceedings{Vaataja:2014:AWD:2693787.2693797,
 author = {V\"{a}\"{a}t\"{a}j\"{a}, Heli},
 title = {Animal Welfare As a Design Goal in Technology Mediated Human-Animal Interaction},
 booktitle = {Proceedings of the 2014 Workshops on Advances in Computer Entertainment Conference},
 series = {ACE '14 Workshops},
 year = {2014},
 isbn = {978-1-4503-3314-6},
 location = {Funchal, Portugal},
 pages = {6:1--6:8},
 articleno = {6},
 numpages = {8},
 url = {http://doi.acm.org/10.1145/2693787.2693797},
 doi = {10.1145/2693787.2693797},
 acmid = {2693797},
 publisher = {ACM},
 address = {New York, NY, USA},
 keywords = {AHCI, framework, haptics, human-animal, interaction, intimacy, relatedness, senses, tactile interaction, touch},
}

@inproceedings{Coca:2013:BMR:2536536.2536544,
 author = {Coca, Antonio and Est{\'e}vez, Helia and Fern\'{a}ndez, Camino and Esteban, Gonzalo},
 title = {Building 3D Models for Reconstructing a Virtual Cataract Surgery Haptic Simulation},
 booktitle = {Proceedings of the First International Conference on Technological Ecosystem for Enhancing Multiculturality},
 series = {TEEM '13},
 year = {2013},
 isbn = {978-1-4503-2345-1},
 location = {Salamanca, Spain},
 pages = {43--48},
 numpages = {6},
 url = {http://doi.acm.org/10.1145/2536536.2536544},
 doi = {10.1145/2536536.2536544},
 acmid = {2536544},
 publisher = {ACM},
 address = {New York, NY, USA},
 keywords = {3D model, haptic simulator, surgery},
}

@inproceedings{Savoy:2006:LSA:1141277.1141523,
 author = {Savoy, Jacques},
 title = {Light Stemming Approaches for the French, Portuguese, German and Hungarian Languages},
 booktitle = {Proceedings of the 2006 ACM Symposium on Applied Computing},
 series = {SAC '06},
 year = {2006},
 isbn = {1-59593-108-2},
 location = {Dijon, France},
 pages = {1031--1035},
 numpages = {5},
 url = {http://doi.acm.org/10.1145/1141277.1141523},
 doi = {10.1145/1141277.1141523},
 acmid = {1141523},
 publisher = {ACM},
 address = {New York, NY, USA},
 keywords = {german, hungarian, natural language processing, portuguese, stemmer, stemming for french},
}

@inproceedings{Lemieux:2015:IPB:3343886.3344004,
 author = {Lemieux, Caroline and Beschastnikh, Ivan},
 title = {Investigating Program Behavior Using the Texada LTL Specifications Miner},
 booktitle = {Proceedings of the 30th IEEE/ACM International Conference on Automated Software Engineering},
 series = {ASE '15},
 year = {2015},
 isbn = {978-1-5090-0024-1},
 location = {Lincoln, Nebraska},
 pages = {870--875},
 numpages = {6},
 url = {https://doi.org/10.1109/ASE.2015.94},
 doi = {10.1109/ASE.2015.94},
 acmid = {3344004},
 publisher = {IEEE Press},
 address = {Piscataway, NJ, USA},
}

@inproceedings{Reyes:2018:SES:3180155.3180161,
 author = {Reyes, Rolando P. and Dieste, Oscar and Fonseca, Efra\'{\i}n R. and Juristo, Natalia},
 title = {Statistical Errors in Software Engineering Experiments: A Preliminary Literature Review},
 booktitle = {Proceedings of the 40th International Conference on Software Engineering},
 series = {ICSE '18},
 year = {2018},
 isbn = {978-1-4503-5638-1},
 location = {Gothenburg, Sweden},
 pages = {1195--1206},
 numpages = {12},
 url = {http://doi.acm.org/10.1145/3180155.3180161},
 doi = {10.1145/3180155.3180161},
 acmid = {3180161},
 publisher = {ACM},
 address = {New York, NY, USA},
 keywords = {literature review, prevalence, statistical errors, survey},
}

@inproceedings{Lyngs:2019:SCA:3290605.3300361,
 author = {Lyngs, Ulrik and Lukoff, Kai and Slovak, Petr and Binns, Reuben and Slack, Adam and Inzlicht, Michael and Van Kleek, Max and Shadbolt, Nigel},
 title = {Self-Control in Cyberspace: Applying Dual Systems Theory to a Review of Digital Self-Control Tools},
 booktitle = {Proceedings of the 2019 CHI Conference on Human Factors in Computing Systems},
 series = {CHI '19},
 year = {2019},
 isbn = {978-1-4503-5970-2},
 location = {Glasgow, Scotland Uk},
 pages = {131:1--131:18},
 articleno = {131},
 numpages = {18},
 url = {http://doi.acm.org/10.1145/3290605.3300361},
 doi = {10.1145/3290605.3300361},
 acmid = {3300361},
 publisher = {ACM},
 address = {New York, NY, USA},
 keywords = {addiction, attention, distraction, focus, ict non-use, interruptions, self-control, self-regulation},
}

@inproceedings{Rodriguez:2013:BLT:2486046.2486064,
 author = {Rodr\'{\i}guez, Pilar and Mikkonen, Kirsi and Kuvaja, Pasi and Oivo, Markku and Garbajosa, Juan},
 title = {Building Lean Thinking in a Telecom Software Development Organization: Strengths and Challenges},
 booktitle = {Proceedings of the 2013 International Conference on Software and System Process},
 series = {ICSSP 2013},
 year = {2013},
 isbn = {978-1-4503-2062-7},
 location = {San Francisco, CA, USA},
 pages = {98--107},
 numpages = {10},
 url = {http://doi.acm.org/10.1145/2486046.2486064},
 doi = {10.1145/2486046.2486064},
 acmid = {2486064},
 publisher = {ACM},
 address = {New York, NY, USA},
 keywords = {Agile software development, le-agile, lean software development, method adoption, process improvement, process introduction},
}

@inproceedings{Rajan:2016:SIS:2961111.2962593,
 author = {Rajan, Ajitha and Noureddine, Adel and Stratis, Panagiotis},
 title = {A Study on the Influence of Software and Hardware Features on Program Energy},
 booktitle = {Proceedings of the 10th ACM/IEEE International Symposium on Empirical Software Engineering and Measurement},
 series = {ESEM '16},
 year = {2016},
 isbn = {978-1-4503-4427-2},
 location = {Ciudad Real, Spain},
 pages = {37:1--37:10},
 articleno = {37},
 numpages = {10},
 url = {http://doi.acm.org/10.1145/2961111.2962593},
 doi = {10.1145/2961111.2962593},
 acmid = {2962593},
 publisher = {ACM},
 address = {New York, NY, USA},
}

@inproceedings{Rojas:2015:AUT:2771783.2771801,
 author = {Rojas, Jos{\'e} Miguel and Fraser, Gordon and Arcuri, Andrea},
 title = {Automated Unit Test Generation During Software Development: A Controlled Experiment and Think-aloud Observations},
 booktitle = {Proceedings of the 2015 International Symposium on Software Testing and Analysis},
 series = {ISSTA 2015},
 year = {2015},
 isbn = {978-1-4503-3620-8},
 location = {Baltimore, MD, USA},
 pages = {338--349},
 numpages = {12},
 url = {http://doi.acm.org/10.1145/2771783.2771801},
 doi = {10.1145/2771783.2771801},
 acmid = {2771801},
 publisher = {ACM},
 address = {New York, NY, USA},
 keywords = {Automated unit test generation, controlled experiment, think-aloud observations, unit testing},
}

@inproceedings{Chandramohan:2013:SAM:3107656.3107697,
 author = {Chandramohan, Mahinthan and Tan, Hee Beng Kuan and Briand, Lionel C. and Shar, Lwin Khin and Padmanabhuni, Bindu Madhavi},
 title = {A Scalable Approach for Malware Detection Through Bounded Feature Space Behavior Modeling},
 booktitle = {Proceedings of the 28th IEEE/ACM International Conference on Automated Software Engineering},
 series = {ASE'13},
 year = {2013},
 isbn = {978-1-4799-0215-6},
 location = {Silicon Valley, CA, USA},
 pages = {312--322},
 numpages = {11},
 url = {https://doi.org/10.1109/ASE.2013.6693090},
 doi = {10.1109/ASE.2013.6693090},
 acmid = {3107697},
 publisher = {IEEE Press},
 address = {Piscataway, NJ, USA},
 keywords = {malware behavior modeling, malware detection},
}

@inproceedings{Thuermer:2018:ETO:3201064.3201069,
 author = {Thuermer, Gefion and Roth, Silke and O'Hara, Kieron and Staab, Steffen},
 title = {Everybody Thinks Online Participation is Great - for Somebody Else: A Qualitative and Quantitative Analysis of Perceptions and Expectations of Online Participation in the Green Party Germany},
 booktitle = {Proceedings of the 10th ACM Conference on Web Science},
 series = {WebSci '18},
 year = {2018},
 isbn = {978-1-4503-5563-6},
 location = {Amsterdam, Netherlands},
 pages = {287--296},
 numpages = {10},
 url = {http://doi.acm.org/10.1145/3201064.3201069},
 doi = {10.1145/3201064.3201069},
 acmid = {3201069},
 publisher = {ACM},
 address = {New York, NY, USA},
 keywords = {digital divide, inclusion, mobilisation, non-use, participation, political parties, reinforcement},
}

@inproceedings{Panichella:2016:ITC:2884781.2884847,
 author = {Panichella, Sebastiano and Panichella, Annibale and Beller, Moritz and Zaidman, Andy and Gall, Harald C.},
 title = {The Impact of Test Case Summaries on Bug Fixing Performance: An Empirical Investigation},
 booktitle = {Proceedings of the 38th International Conference on Software Engineering},
 series = {ICSE '16},
 year = {2016},
 isbn = {978-1-4503-3900-1},
 location = {Austin, Texas},
 pages = {547--558},
 numpages = {12},
 url = {http://doi.acm.org/10.1145/2884781.2884847},
 doi = {10.1145/2884781.2884847},
 acmid = {2884847},
 publisher = {ACM},
 address = {New York, NY, USA},
 keywords = {empirical study, est case summarization, software testing},
}

@inproceedings{Alhadad:2018:ATD:3170358.3170390,
 author = {Alhadad, Sakinah S. J. and Thompson, Kate and Knight, Simon and Lewis, Melinda and Lodge, Jason M.},
 title = {Analytics-enabled Teaching As Design: Reconceptualisation and Call for Research},
 booktitle = {Proceedings of the 8th International Conference on Learning Analytics and Knowledge},
 series = {LAK '18},
 year = {2018},
 isbn = {978-1-4503-6400-3},
 location = {Sydney, New South Wales, Australia},
 pages = {427--435},
 numpages = {9},
 url = {http://doi.acm.org/10.1145/3170358.3170390},
 doi = {10.1145/3170358.3170390},
 acmid = {3170390},
 publisher = {ACM},
 address = {New York, NY, USA},
 keywords = {analytics, design cognition, ethics, institutional culture, professional learning, teacher identity, teaching as design, team teaching},
}

@inproceedings{Thuermer:2016:IUE:2908131.2908149,
 author = {Thuermer, Gefion and Roth, Silke and Luczak-R\"{o}sch, Markus and O'Hara, Kieron},
 title = {Internet Use, In- and Exclusion in Decision-making Processes Within Political Parties},
 booktitle = {Proceedings of the 8th ACM Conference on Web Science},
 series = {WebSci '16},
 year = {2016},
 isbn = {978-1-4503-4208-7},
 location = {Hannover, Germany},
 pages = {205--214},
 numpages = {10},
 url = {http://doi.acm.org/10.1145/2908131.2908149},
 doi = {10.1145/2908131.2908149},
 acmid = {2908149},
 publisher = {ACM},
 address = {New York, NY, USA},
 keywords = {decision-making, e-democracy, inclusion, political parties, process design},
}

@inproceedings{Duretec:2017:TES:3200334.3200347,
 author = {Duretec, Kresimir and Rauber, Andreas and Becker, Christoph},
 title = {A Text Extraction Software Benchmark Based on a Synthesized Dataset},
 booktitle = {Proceedings of the 17th ACM/IEEE Joint Conference on Digital Libraries},
 series = {JCDL '17},
 year = {2017},
 isbn = {978-1-5386-3861-3},
 location = {Toronto, Ontario, Canada},
 pages = {109--118},
 numpages = {10},
 url = {http://dl.acm.org/citation.cfm?id=3200334.3200347},
 acmid = {3200347},
 publisher = {IEEE Press},
 address = {Piscataway, NJ, USA},
 keywords = {dataset, digital preservation, ground truth, model driven engineering, performance measures, software benchmark, software testing, text extraction},
}

@inproceedings{Kocielnik:2018:DWR:3196709.3196784,
 author = {Kocielnik, Rafal and Avrahami, Daniel and Marlow, Jennifer and Lu, Di and Hsieh, Gary},
 title = {Designing for Workplace Reflection: A Chat and Voice-Based Conversational Agent},
 booktitle = {Proceedings of the 2018 Designing Interactive Systems Conference},
 series = {DIS '18},
 year = {2018},
 isbn = {978-1-4503-5198-0},
 location = {Hong Kong, China},
 pages = {881--894},
 numpages = {14},
 url = {http://doi.acm.org/10.1145/3196709.3196784},
 doi = {10.1145/3196709.3196784},
 acmid = {3196784},
 publisher = {ACM},
 address = {New York, NY, USA},
 keywords = {bots, conversational agents, modalities, reflection, workspace activity reporting},
}

@inproceedings{Vercammen:2018:SUM:3239235.3240506,
 author = {Vercammen, Sten and Demeyer, Serge and Borg, Markus and Eldh, Sigrid},
 title = {Speeding Up Mutation Testing via the Cloud: Lessons Learned for Further Optimisations},
 booktitle = {Proceedings of the 12th ACM/IEEE International Symposium on Empirical Software Engineering and Measurement},
 series = {ESEM '18},
 year = {2018},
 isbn = {978-1-4503-5823-1},
 location = {Oulu, Finland},
 pages = {26:1--26:9},
 articleno = {26},
 numpages = {9},
 url = {http://doi.acm.org/10.1145/3239235.3240506},
 doi = {10.1145/3239235.3240506},
 acmid = {3240506},
 publisher = {ACM},
 address = {New York, NY, USA},
}

@inproceedings{Harman:2014:AME:2642937.2643008,
 author = {Harman, Mark and Jia, Yue and Reales Mateo, Pedro and Polo, Macario},
 title = {Angels and Monsters: An Empirical Investigation of Potential Test Effectiveness and Efficiency Improvement from Strongly Subsuming Higher Order Mutation},
 booktitle = {Proceedings of the 29th ACM/IEEE International Conference on Automated Software Engineering},
 series = {ASE '14},
 year = {2014},
 isbn = {978-1-4503-3013-8},
 location = {Vasteras, Sweden},
 pages = {397--408},
 numpages = {12},
 url = {http://doi.acm.org/10.1145/2642937.2643008},
 doi = {10.1145/2642937.2643008},
 acmid = {2643008},
 publisher = {ACM},
 address = {New York, NY, USA},
 keywords = {higher order mutants, mutation testing},
}

@inproceedings{Stratis:2018:AED:3239235.3240499,
 author = {Stratis, Panagiotis and Yaneva, Vanya and Rajan, Ajitha},
 title = {Assessing the Effect of Data Transformations on Test Suite Compilation},
 booktitle = {Proceedings of the 12th ACM/IEEE International Symposium on Empirical Software Engineering and Measurement},
 series = {ESEM '18},
 year = {2018},
 isbn = {978-1-4503-5823-1},
 location = {Oulu, Finland},
 pages = {4:1--4:10},
 articleno = {4},
 numpages = {10},
 url = {http://doi.acm.org/10.1145/3239235.3240499},
 doi = {10.1145/3239235.3240499},
 acmid = {3240499},
 publisher = {ACM},
 address = {New York, NY, USA},
 keywords = {compilers, data transformations, testing},
}

@inproceedings{Froehlich:2010:DET:1753326.1753629,
 author = {Froehlich, Jon and Findlater, Leah and Landay, James},
 title = {The Design of Eco-feedback Technology},
 booktitle = {Proceedings of the SIGCHI Conference on Human Factors in Computing Systems},
 series = {CHI '10},
 year = {2010},
 isbn = {978-1-60558-929-9},
 location = {Atlanta, Georgia, USA},
 pages = {1999--2008},
 numpages = {10},
 url = {http://doi.acm.org/10.1145/1753326.1753629},
 doi = {10.1145/1753326.1753629},
 acmid = {1753629},
 publisher = {ACM},
 address = {New York, NY, USA},
 keywords = {eco-feedback, environmental hci, reflective hci, survey},
}

@inproceedings{Klotins:2018:ETD:3183519.3183539,
 author = {Klotins, Eriks and Unterkalmsteiner, Michael and Chatzipetrou, Panagiota and Gorschek, Tony and Prikladnicki, Rafael and Tripathi, Nirnaya and Pompermaier, Leandro Bento},
 title = {Exploration of Technical Debt in Start-ups},
 booktitle = {Proceedings of the 40th International Conference on Software Engineering: Software Engineering in Practice},
 series = {ICSE-SEIP '18},
 year = {2018},
 isbn = {978-1-4503-5659-6},
 location = {Gothenburg, Sweden},
 pages = {75--84},
 numpages = {10},
 url = {http://doi.acm.org/10.1145/3183519.3183539},
 doi = {10.1145/3183519.3183539},
 acmid = {3183539},
 publisher = {ACM},
 address = {New York, NY, USA},
 keywords = {software start-ups, technical debt},
}

@inproceedings{Markiegi:2019:TCS:3297280.3297512,
 author = {Markiegi, Urtzi and Arrieta, Aitor and Etxeberria, Leire and Sagardui, Goiuria},
 title = {Test Case Selection Using Structural Coverage in Software Product Lines for Time-budget Constrained Scenarios},
 booktitle = {Proceedings of the 34th ACM/SIGAPP Symposium on Applied Computing},
 series = {SAC '19},
 year = {2019},
 isbn = {978-1-4503-5933-7},
 location = {Limassol, Cyprus},
 pages = {2362--2371},
 numpages = {10},
 url = {http://doi.acm.org/10.1145/3297280.3297512},
 doi = {10.1145/3297280.3297512},
 acmid = {3297512},
 publisher = {ACM},
 address = {New York, NY, USA},
 keywords = {product line testing, structural coverage, test case selection},
}

@inproceedings{Balka:2006:MTW:1180875.1180912,
 author = {Balka, Ellen and Wagner, Ina},
 title = {Making Things Work: Dimensions of Configurability As Appropriation Work},
 booktitle = {Proceedings of the 2006 20th Anniversary Conference on Computer Supported Cooperative Work},
 series = {CSCW '06},
 year = {2006},
 isbn = {1-59593-249-6},
 location = {Banff, Alberta, Canada},
 pages = {229--238},
 numpages = {10},
 url = {http://doi.acm.org/10.1145/1180875.1180912},
 doi = {10.1145/1180875.1180912},
 acmid = {1180912},
 publisher = {ACM},
 address = {New York, NY, USA},
 keywords = {appropriation work, configurability, cooperative work, health care, organization, physical environment, work practice},
}

@inproceedings{Matinnejad:2015:ETS:2786805.2786818,
 author = {Matinnejad, Reza and Nejati, Shiva and Briand, Lionel C. and Bruckmann, Thomas},
 title = {Effective Test Suites for Mixed Discrete-continuous Stateflow Controllers},
 booktitle = {Proceedings of the 2015 10th Joint Meeting on Foundations of Software Engineering},
 series = {ESEC/FSE 2015},
 year = {2015},
 isbn = {978-1-4503-3675-8},
 location = {Bergamo, Italy},
 pages = {84--95},
 numpages = {12},
 url = {http://doi.acm.org/10.1145/2786805.2786818},
 doi = {10.1145/2786805.2786818},
 acmid = {2786818},
 publisher = {ACM},
 address = {New York, NY, USA},
 keywords = {Stateflow testing, failure-based testing, mixed discrete-continuous behaviors, output diversity, structural coverage},
}

@inproceedings{Matinnejad:2014:MTH:2642937.2642978,
 author = {Matinnejad, Reza and Nejati, Shiva and Briand, Lionel and Brcukmann, Thomas},
 title = {MiL Testing of Highly Configurable Continuous Controllers: Scalable Search Using Surrogate Models},
 booktitle = {Proceedings of the 29th ACM/IEEE International Conference on Automated Software Engineering},
 series = {ASE '14},
 year = {2014},
 isbn = {978-1-4503-3013-8},
 location = {Vasteras, Sweden},
 pages = {163--174},
 numpages = {12},
 url = {http://doi.acm.org/10.1145/2642937.2642978},
 doi = {10.1145/2642937.2642978},
 acmid = {2642978},
 publisher = {ACM},
 address = {New York, NY, USA},
 keywords = {automotive software, continuous controllers, dimensionality reduction, search-based testing, supervised learning},
}

@inproceedings{Bowes:2016:MFP:2931037.2931039,
 author = {Bowes, David and Hall, Tracy and Harman, Mark and Jia, Yue and Sarro, Federica and Wu, Fan},
 title = {Mutation-aware Fault Prediction},
 booktitle = {Proceedings of the 25th International Symposium on Software Testing and Analysis},
 series = {ISSTA 2016},
 year = {2016},
 isbn = {978-1-4503-4390-9},
 location = {Saarbr\&\#252;cken, Germany},
 pages = {330--341},
 numpages = {12},
 url = {http://doi.acm.org/10.1145/2931037.2931039},
 doi = {10.1145/2931037.2931039},
 acmid = {2931039},
 publisher = {ACM},
 address = {New York, NY, USA},
 keywords = {Empirical Study, Mutation Testing, Software Defect Prediction, Software Fault Prediction, Software Metrics},
}

@article{Zhao:2017:MAM:3120957.3090096,
 author = {Zhao, Nan and Azaria, Asaph and Paradiso, Joseph A.},
 title = {Mediated Atmospheres: A Multimodal Mediated Work Environment},
 journal = {Proc. ACM Interact. Mob. Wearable Ubiquitous Technol.},
 issue_date = {June 2017},
 volume = {1},
 number = {2},
 month = jun,
 year = {2017},
 issn = {2474-9567},
 pages = {31:1--31:23},
 articleno = {31},
 numpages = {23},
 url = {http://doi.acm.org/10.1145/3090096},
 doi = {10.1145/3090096},
 acmid = {3090096},
 publisher = {ACM},
 address = {New York, NY, USA},
 keywords = {Adaptive Building, Augmented Reality, Face Tracking, Heart Rate Variability, Mediated Atmospheres, Multimodal, Perception, Productivity, Restoration, Smart Office, Ubiquitous Computing, Wellbeing},
}

@inproceedings{Marsden:2016:SPR:2858036.2858151,
 author = {Marsden, Nicola and Haag, Maren},
 title = {Stereotypes and Politics: Reflections on Personas},
 booktitle = {Proceedings of the 2016 CHI Conference on Human Factors in Computing Systems},
 series = {CHI '16},
 year = {2016},
 isbn = {978-1-4503-3362-7},
 location = {San Jose, California, USA},
 pages = {4017--4031},
 numpages = {15},
 url = {http://doi.acm.org/10.1145/2858036.2858151},
 doi = {10.1145/2858036.2858151},
 acmid = {2858151},
 publisher = {ACM},
 address = {New York, NY, USA},
 keywords = {personas, qualitative study, social perception, stereotypes, user representation},
}

@article{Zylka:2017:TSC:3084179.3084185,
 author = {Zylka, Matth\"{a}us P. and Fischbach, Kai},
 title = {Turning the Spotlight on the Consequences of Individual IT Turnover: A Literature Review and Research Agenda},
 journal = {SIGMIS Database},
 issue_date = {May 2017},
 volume = {48},
 number = {2},
 month = apr,
 year = {2017},
 issn = {0095-0033},
 pages = {52--78},
 numpages = {27},
 url = {http://doi.acm.org/10.1145/3084179.3084185},
 doi = {10.1145/3084179.3084185},
 acmid = {3084185},
 publisher = {ACM},
 address = {New York, NY, USA},
 keywords = {consequences, effects, individual voluntary turnover, it turnover, literature review},
}

@article{Yoo:2017:HCG:3092955.3078840,
 author = {Yoo, Shin and Xie, Xiaoyuan and Kuo, Fei-Ching and Chen, Tsong Yueh and Harman, Mark},
 title = {Human Competitiveness of Genetic Programming in Spectrum-Based Fault Localisation: Theoretical and Empirical Analysis},
 journal = {ACM Trans. Softw. Eng. Methodol.},
 issue_date = {July 2017},
 volume = {26},
 number = {1},
 month = jun,
 year = {2017},
 issn = {1049-331X},
 pages = {4:1--4:30},
 articleno = {4},
 numpages = {30},
 url = {http://doi.acm.org/10.1145/3078840},
 doi = {10.1145/3078840},
 acmid = {3078840},
 publisher = {ACM},
 address = {New York, NY, USA},
 keywords = {Spectrum-based fault localisation, genetic programming, search-based software engineering},
}

