@article{Hazzan:2008:RTA:1383602.1383631,
 author = {Hazzan, Orit},
 title = {Reflections on Teaching Abstraction and Other Soft Ideas},
 journal = {SIGCSE Bull.},
 issue_date = {June 2008},
 volume = {40},
 number = {2},
 month = jun,
 year = {2008},
 issn = {0097-8418},
 pages = {40--43},
 numpages = {4},
 url = {http://doi.acm.org/10.1145/1383602.1383631},
 doi = {10.1145/1383602.1383631},
 acmid = {1383631},
 publisher = {ACM},
 address = {New York, NY, USA},
 keywords = {abstraction, computer science education, reflection, soft ideas},
}

@article{Sakhnini:2008:RAH:1362787.1362789,
 author = {Sakhnini, Victoria and Hazzan, Orit},
 title = {Reducing Abstraction in High School Computer Science Education: The Case of Definition, Implementation, and Use of Abstract Data Types},
 journal = {J. Educ. Resour. Comput.},
 issue_date = {June 2008},
 volume = {8},
 number = {2},
 month = may,
 year = {2008},
 issn = {1531-4278},
 pages = {5:1--5:13},
 articleno = {5},
 numpages = {13},
 url = {http://doi.acm.org/10.1145/1362787.1362789},
 doi = {10.1145/1362787.1362789},
 acmid = {1362789},
 publisher = {ACM},
 address = {New York, NY, USA},
 keywords = {abstract data types, abstraction, computer science education, problem solving, reducing abstraction},
}

@inproceedings{Almstrum:2003:TTC:611892.611911,
 author = {Almstrum, Vicki L. and Ginat, David and Hazzan, Orit and Clement, John M.},
 title = {Transfer to/from Computing Science Education: The Case of Science Education Research},
 booktitle = {Proceedings of the 34th SIGCSE Technical Symposium on Computer Science Education},
 series = {SIGCSE '03},
 year = {2003},
 isbn = {1-58113-648-X},
 location = {Reno, Navada, USA},
 pages = {303--304},
 numpages = {2},
 url = {http://doi.acm.org/10.1145/611892.611911},
 doi = {10.1145/611892.611911},
 acmid = {611911},
 publisher = {ACM},
 address = {New York, NY, USA},
 keywords = {cognition, learning theories, mathematics education},
}

@article{Almstrum:2003:TTC:792548.611911,
 author = {Almstrum, Vicki L. and Ginat, David and Hazzan, Orit and Clement, John M.},
 title = {Transfer to/from Computing Science Education: The Case of Science Education Research},
 journal = {SIGCSE Bull.},
 issue_date = {January 2003},
 volume = {35},
 number = {1},
 month = jan,
 year = {2003},
 issn = {0097-8418},
 pages = {303--304},
 numpages = {2},
 url = {http://doi.acm.org/10.1145/792548.611911},
 doi = {10.1145/792548.611911},
 acmid = {611911},
 publisher = {ACM},
 address = {New York, NY, USA},
 keywords = {cognition, learning theories, mathematics education},
}

@article{Almstrum:2002:IET:637610.544471,
 author = {Almstrum, Vicki L. and Ginat, David and Hazzan, Orit and Morley, Tom},
 title = {Import and Export to/from Computing Science Education: The Case of Mathematics Education Research},
 journal = {SIGCSE Bull.},
 issue_date = {September 2002},
 volume = {34},
 number = {3},
 month = jun,
 year = {2002},
 issn = {0097-8418},
 pages = {193--194},
 numpages = {2},
 url = {http://doi.acm.org/10.1145/637610.544471},
 doi = {10.1145/637610.544471},
 acmid = {544471},
 publisher = {ACM},
 address = {New York, NY, USA},
}

@inproceedings{Almstrum:2002:IET:544414.544471,
 author = {Almstrum, Vicki L. and Ginat, David and Hazzan, Orit and Morley, Tom},
 title = {Import and Export to/from Computing Science Education: The Case of Mathematics Education Research},
 booktitle = {Proceedings of the 7th Annual Conference on Innovation and Technology in Computer Science Education},
 series = {ITiCSE '02},
 year = {2002},
 isbn = {1-58113-499-1},
 location = {Aarhus, Denmark},
 pages = {193--194},
 numpages = {2},
 url = {http://doi.acm.org/10.1145/544414.544471},
 doi = {10.1145/544414.544471},
 acmid = {544471},
 publisher = {ACM},
 address = {New York, NY, USA},
}

@article{Hazzan:2002:RAL:637610.544461,
 author = {Hazzan, Orit},
 title = {Reducing Abstraction Level when Learning Computability Theory Concepts},
 journal = {SIGCSE Bull.},
 issue_date = {September 2002},
 volume = {34},
 number = {3},
 month = jun,
 year = {2002},
 issn = {0097-8418},
 pages = {156--160},
 numpages = {5},
 url = {http://doi.acm.org/10.1145/637610.544461},
 doi = {10.1145/637610.544461},
 acmid = {544461},
 publisher = {ACM},
 address = {New York, NY, USA},
 keywords = {abstraction, computability, computer science education, mental processes},
}

@inproceedings{Hazzan:2002:RAL:544414.544461,
 author = {Hazzan, Orit},
 title = {Reducing Abstraction Level when Learning Computability Theory Concepts},
 booktitle = {Proceedings of the 7th Annual Conference on Innovation and Technology in Computer Science Education},
 series = {ITiCSE '02},
 year = {2002},
 isbn = {1-58113-499-1},
 location = {Aarhus, Denmark},
 pages = {156--160},
 numpages = {5},
 url = {http://doi.acm.org/10.1145/544414.544461},
 doi = {10.1145/544414.544461},
 acmid = {544461},
 publisher = {ACM},
 address = {New York, NY, USA},
 keywords = {abstraction, computability, computer science education, mental processes},
}

@inproceedings{Hill:2008:AAM:1370164.1370169,
 author = {Hill, Jonathan H. and Houle, Bernice J. and Merritt, Susan M. and Stix, Allen},
 title = {Applying Abstraction to Master Complexity},
 booktitle = {Proceedings of the 2Nd International Workshop on The Role of Abstraction in Software Engineering},
 series = {ROA '08},
 year = {2008},
 isbn = {978-1-60558-028-9},
 location = {Leipzig, Germany},
 pages = {15--21},
 numpages = {7},
 url = {http://doi.acm.org/10.1145/1370164.1370169},
 doi = {10.1145/1370164.1370169},
 acmid = {1370169},
 publisher = {ACM},
 address = {New York, NY, USA},
 keywords = {abstraction, cognition, computer science education, discipline, testing},
}

@article{Perrenet:2005:ESU:1151954.1067467,
 author = {Perrenet, Jacob and Groote, Jan Friso and Kaasenbrood, Eric},
 title = {Exploring Students' Understanding of the Concept of Algorithm: Levels of Abstraction},
 journal = {SIGCSE Bull.},
 issue_date = {September 2005},
 volume = {37},
 number = {3},
 month = jun,
 year = {2005},
 issn = {0097-8418},
 pages = {64--68},
 numpages = {5},
 url = {http://doi.acm.org/10.1145/1151954.1067467},
 doi = {10.1145/1151954.1067467},
 acmid = {1067467},
 publisher = {ACM},
 address = {New York, NY, USA},
 keywords = {abstraction, computer science education},
}

@inproceedings{Perrenet:2005:ESU:1067445.1067467,
 author = {Perrenet, Jacob and Groote, Jan Friso and Kaasenbrood, Eric},
 title = {Exploring Students' Understanding of the Concept of Algorithm: Levels of Abstraction},
 booktitle = {Proceedings of the 10th Annual SIGCSE Conference on Innovation and Technology in Computer Science Education},
 series = {ITiCSE '05},
 year = {2005},
 isbn = {1-59593-024-8},
 location = {Caparica, Portugal},
 pages = {64--68},
 numpages = {5},
 url = {http://doi.acm.org/10.1145/1067445.1067467},
 doi = {10.1145/1067445.1067467},
 acmid = {1067467},
 publisher = {ACM},
 address = {New York, NY, USA},
 keywords = {abstraction, computer science education},
}

@article{Qualls:2011:CSU:1961574.1961590,
 author = {Qualls, Jake A. and Grant, Michael M. and Sherrell, Linda B.},
 title = {CS1 Students' Understanding of Computational Thinking Concepts},
 journal = {J. Comput. Sci. Coll.},
 issue_date = {May 2011},
 volume = {26},
 number = {5},
 month = may,
 year = {2011},
 issn = {1937-4771},
 pages = {62--71},
 numpages = {10},
 url = {http://dl.acm.org/citation.cfm?id=1961574.1961590},
 acmid = {1961590},
 publisher = {Consortium for Computing Sciences in Colleges},
 address = {USA},
}

@article{Armoni:2006:RTU:1140123.1140161,
 author = {Armoni, Michal and Gal-Ezer, Judith and Hazzan, Orit},
 title = {Reductive Thinking in Undergraduate CS Courses},
 journal = {SIGCSE Bull.},
 issue_date = {September 2006},
 volume = {38},
 number = {3},
 month = jun,
 year = {2006},
 issn = {0097-8418},
 pages = {133--137},
 numpages = {5},
 url = {http://doi.acm.org/10.1145/1140123.1140161},
 doi = {10.1145/1140123.1140161},
 acmid = {1140161},
 publisher = {ACM},
 address = {New York, NY, USA},
 keywords = {algorithms, computational models, reduction, reductive thinking},
}

@inproceedings{Armoni:2006:RTU:1140124.1140161,
 author = {Armoni, Michal and Gal-Ezer, Judith and Hazzan, Orit},
 title = {Reductive Thinking in Undergraduate CS Courses},
 booktitle = {Proceedings of the 11th Annual SIGCSE Conference on Innovation and Technology in Computer Science Education},
 series = {ITICSE '06},
 year = {2006},
 isbn = {1-59593-055-8},
 location = {Bologna, Italy},
 pages = {133--137},
 numpages = {5},
 url = {http://doi.acm.org/10.1145/1140124.1140161},
 doi = {10.1145/1140124.1140161},
 acmid = {1140161},
 publisher = {ACM},
 address = {New York, NY, USA},
 keywords = {algorithms, computational models, reduction, reductive thinking},
}

@article{Tenenberg:2008:GST:1362787.1362788,
 author = {Tenenberg, Josh and Mccartney, Robert},
 title = {Grounding the Scholarship of Teaching and Learning in Practice},
 journal = {J. Educ. Resour. Comput.},
 issue_date = {June 2008},
 volume = {8},
 number = {2},
 month = may,
 year = {2008},
 issn = {1531-4278},
 pages = {4:1--4:3},
 articleno = {4},
 numpages = {3},
 url = {http://doi.acm.org/10.1145/1362787.1362788},
 doi = {10.1145/1362787.1362788},
 acmid = {1362788},
 publisher = {ACM},
 address = {New York, NY, USA},
 keywords = {Scholarship of teaching and learning, practitioner knowledge},
}

@article{Clear:2010:TIS:1709424.1709428,
 author = {Clear, Tony},
 title = {Thinking Issues: Strategies for Answering Examination Questions: How Do Novice Programmers Build a Theory of the Program?},
 journal = {SIGCSE Bull.},
 issue_date = {December 2009},
 volume = {41},
 number = {4},
 month = jan,
 year = {2010},
 issn = {0097-8418},
 pages = {9--12},
 numpages = {4},
 url = {http://doi.acm.org/10.1145/1709424.1709428},
 doi = {10.1145/1709424.1709428},
 acmid = {1709428},
 publisher = {ACM},
 address = {New York, NY, USA},
}

@article{Armoni:2006:RAT:1124706.1121461,
 author = {Armoni, Michal and Gal-Ezer, Judith},
 title = {Reduction -- an Abstract Thinking Pattern: The Case of the Computational Models Course},
 journal = {SIGCSE Bull.},
 issue_date = {March 2006},
 volume = {38},
 number = {1},
 month = mar,
 year = {2006},
 issn = {0097-8418},
 pages = {389--393},
 numpages = {5},
 url = {http://doi.acm.org/10.1145/1124706.1121461},
 doi = {10.1145/1124706.1121461},
 acmid = {1121461},
 publisher = {ACM},
 address = {New York, NY, USA},
 keywords = {abstraction, computational models, reduction, reductive thinking},
}

@inproceedings{Armoni:2006:RAT:1121341.1121461,
 author = {Armoni, Michal and Gal-Ezer, Judith},
 title = {Reduction -- an Abstract Thinking Pattern: The Case of the Computational Models Course},
 booktitle = {Proceedings of the 37th SIGCSE Technical Symposium on Computer Science Education},
 series = {SIGCSE '06},
 year = {2006},
 isbn = {1-59593-259-3},
 location = {Houston, Texas, USA},
 pages = {389--393},
 numpages = {5},
 url = {http://doi.acm.org/10.1145/1121341.1121461},
 doi = {10.1145/1121341.1121461},
 acmid = {1121461},
 publisher = {ACM},
 address = {New York, NY, USA},
 keywords = {abstraction, computational models, reduction, reductive thinking},
}

@inproceedings{Eckerdal:2005:TLP:1089786.1089799,
 author = {Eckerdal, Anna and Thun{\'e}, Michael and Berglund, Anders},
 title = {What Does It Take to Learn 'Programming Thinking'?},
 booktitle = {Proceedings of the First International Workshop on Computing Education Research},
 series = {ICER '05},
 year = {2005},
 isbn = {1-59593-043-4},
 location = {Seattle, WA, USA},
 pages = {135--142},
 numpages = {8},
 url = {http://doi.acm.org/10.1145/1089786.1089799},
 doi = {10.1145/1089786.1089799},
 acmid = {1089799},
 publisher = {ACM},
 address = {New York, NY, USA},
 keywords = {levels of abstraction, phenomenography, process-object duality},
}

@article{Perrenet:2006:LAS:1140123.1140196,
 author = {Perrenet, Jacob and Kaasenbrood, Eric},
 title = {Levels of Abstraction in Students' Understanding of the Concept of Algorithm: The Qualitative Perspective},
 journal = {SIGCSE Bull.},
 issue_date = {September 2006},
 volume = {38},
 number = {3},
 month = jun,
 year = {2006},
 issn = {0097-8418},
 pages = {270--274},
 numpages = {5},
 url = {http://doi.acm.org/10.1145/1140123.1140196},
 doi = {10.1145/1140123.1140196},
 acmid = {1140196},
 publisher = {ACM},
 address = {New York, NY, USA},
 keywords = {abstraction, computer science education, research methods},
}

@inproceedings{Perrenet:2006:LAS:1140124.1140196,
 author = {Perrenet, Jacob and Kaasenbrood, Eric},
 title = {Levels of Abstraction in Students' Understanding of the Concept of Algorithm: The Qualitative Perspective},
 booktitle = {Proceedings of the 11th Annual SIGCSE Conference on Innovation and Technology in Computer Science Education},
 series = {ITICSE '06},
 year = {2006},
 isbn = {1-59593-055-8},
 location = {Bologna, Italy},
 pages = {270--274},
 numpages = {5},
 url = {http://doi.acm.org/10.1145/1140124.1140196},
 doi = {10.1145/1140124.1140196},
 acmid = {1140196},
 publisher = {ACM},
 address = {New York, NY, USA},
 keywords = {abstraction, computer science education, research methods},
}

@article{Kramer:2007:AKC:1232743.1232745,
 author = {Kramer, Jeff},
 title = {Is Abstraction the Key to Computing?},
 journal = {Commun. ACM},
 issue_date = {April 2007},
 volume = {50},
 number = {4},
 month = apr,
 year = {2007},
 issn = {0001-0782},
 pages = {36--42},
 numpages = {7},
 url = {http://doi.acm.org/10.1145/1232743.1232745},
 doi = {10.1145/1232743.1232745},
 acmid = {1232745},
 publisher = {ACM},
 address = {New York, NY, USA},
}

@inproceedings{Philpott:2009:USP:1508865.1509012,
 author = {Philpott, Anne and Clear, Tony and Whalley, Jacqueline},
 title = {Understanding Student Performance on an Algorithm Simulation Task: Implications for Guided Learning},
 booktitle = {Proceedings of the 40th ACM Technical Symposium on Computer Science Education},
 series = {SIGCSE '09},
 year = {2009},
 isbn = {978-1-60558-183-5},
 location = {Chattanooga, TN, USA},
 pages = {408--412},
 numpages = {5},
 url = {http://doi.acm.org/10.1145/1508865.1509012},
 doi = {10.1145/1508865.1509012},
 acmid = {1509012},
 publisher = {ACM},
 address = {New York, NY, USA},
 keywords = {abstraction, algorithms, comprehension, cs3, discovery learning, novice programmers, problem based learning, solo},
}

@article{Philpott:2009:USP:1539024.1509012,
 author = {Philpott, Anne and Clear, Tony and Whalley, Jacqueline},
 title = {Understanding Student Performance on an Algorithm Simulation Task: Implications for Guided Learning},
 journal = {SIGCSE Bull.},
 issue_date = {March 2009},
 volume = {41},
 number = {1},
 month = mar,
 year = {2009},
 issn = {0097-8418},
 pages = {408--412},
 numpages = {5},
 url = {http://doi.acm.org/10.1145/1539024.1509012},
 doi = {10.1145/1539024.1509012},
 acmid = {1509012},
 publisher = {ACM},
 address = {New York, NY, USA},
 keywords = {abstraction, algorithms, comprehension, cs3, discovery learning, novice programmers, problem based learning, solo},
}

@inproceedings{Ginat:2012:PAC:2325296.2325307,
 author = {Ginat, David and Alankry, Ronnie},
 title = {Pseudo Abstract Composition: The Case of Language Concatenation},
 booktitle = {Proceedings of the 17th ACM Annual Conference on Innovation and Technology in Computer Science Education},
 series = {ITiCSE '12},
 year = {2012},
 isbn = {978-1-4503-1246-2},
 location = {Haifa, Israel},
 pages = {28--33},
 numpages = {6},
 url = {http://doi.acm.org/10.1145/2325296.2325307},
 doi = {10.1145/2325296.2325307},
 acmid = {2325307},
 publisher = {ACM},
 address = {New York, NY, USA},
 keywords = {abstraction, composition, computational models, concatenation, non-determinism},
}

@inproceedings{Ginat:2017:MLA:3017680.3017801,
 author = {Ginat, David and Blau, Yoav},
 title = {Multiple Levels of Abstraction in Algorithmic Problem Solving},
 booktitle = {Proceedings of the 2017 ACM SIGCSE Technical Symposium on Computer Science Education},
 series = {SIGCSE '17},
 year = {2017},
 isbn = {978-1-4503-4698-6},
 location = {Seattle, Washington, USA},
 pages = {237--242},
 numpages = {6},
 url = {http://doi.acm.org/10.1145/3017680.3017801},
 doi = {10.1145/3017680.3017801},
 acmid = {3017801},
 publisher = {ACM},
 address = {New York, NY, USA},
 keywords = {abstraction, algorithm design},
}

@article{Armoni:2017:CST:3155327.3148533,
 author = {Armoni, Michal},
 title = {COMPUTING IN SCHOOLS: On Teaching Problem-solving Paradigms in K-12 Education},
 journal = {ACM Inroads},
 issue_date = {December 2017},
 volume = {8},
 number = {4},
 month = oct,
 year = {2017},
 issn = {2153-2184},
 pages = {30--32},
 numpages = {3},
 url = {http://doi.acm.org/10.1145/3148533},
 doi = {10.1145/3148533},
 acmid = {3148533},
 publisher = {ACM},
 address = {New York, NY, USA},
}

@article{Armoni:2009:RCQ:1482348.1482350,
 author = {Armoni, Michal},
 title = {Reduction in CS: A (Mostly) Quantitative Analysis of Reductive Solutions to Algorithmic Problems},
 journal = {J. Educ. Resour. Comput.},
 issue_date = {January 2009},
 volume = {8},
 number = {4},
 month = jan,
 year = {2009},
 issn = {1531-4278},
 pages = {11:1--11:30},
 articleno = {11},
 numpages = {30},
 url = {http://doi.acm.org/10.1145/1482348.1482350},
 doi = {10.1145/1482348.1482350},
 acmid = {1482350},
 publisher = {ACM},
 address = {New York, NY, USA},
 keywords = {Reduction, black box, reductive thinking},
}

@inproceedings{Selby:2015:RCT:2818314.2818315,
 author = {Selby, Cynthia C.},
 title = {Relationships: Computational Thinking, Pedagogy of Programming, and Bloom's Taxonomy},
 booktitle = {Proceedings of the Workshop in Primary and Secondary Computing Education},
 series = {WiPSCE '15},
 year = {2015},
 isbn = {978-1-4503-3753-3},
 location = {London, United Kingdom},
 pages = {80--87},
 numpages = {8},
 url = {http://doi.acm.org/10.1145/2818314.2818315},
 doi = {10.1145/2818314.2818315},
 acmid = {2818315},
 publisher = {ACM},
 address = {New York, NY, USA},
 keywords = {Bloom's Taxonomy, Computational thinking, pedagogy, programming},
}

@inproceedings{Gibson:2012:TGA:2325296.2325308,
 author = {Gibson, J. Paul},
 title = {Teaching Graph Algorithms to Children of All Ages},
 booktitle = {Proceedings of the 17th ACM Annual Conference on Innovation and Technology in Computer Science Education},
 series = {ITiCSE '12},
 year = {2012},
 isbn = {978-1-4503-1246-2},
 location = {Haifa, Israel},
 pages = {34--39},
 numpages = {6},
 url = {http://doi.acm.org/10.1145/2325296.2325308},
 doi = {10.1145/2325296.2325308},
 acmid = {2325308},
 publisher = {ACM},
 address = {New York, NY, USA},
 keywords = {abstraction, computational thinking, k-12 education, modelling, problem based learning},
}

@article{Armoni:2008:RTQ:1597849.1384288,
 author = {Armoni, Michal},
 title = {Reductive Thinking in a Quantitative Perspective: The Case of the Algorithm Course},
 journal = {SIGCSE Bull.},
 issue_date = {September 2008},
 volume = {40},
 number = {3},
 month = jun,
 year = {2008},
 issn = {0097-8418},
 pages = {53--57},
 numpages = {5},
 url = {http://doi.acm.org/10.1145/1597849.1384288},
 doi = {10.1145/1597849.1384288},
 acmid = {1384288},
 publisher = {ACM},
 address = {New York, NY, USA},
 keywords = {black box, reduction, reductive thinking},
}

@inproceedings{Armoni:2008:RTQ:1384271.1384288,
 author = {Armoni, Michal},
 title = {Reductive Thinking in a Quantitative Perspective: The Case of the Algorithm Course},
 booktitle = {Proceedings of the 13th Annual Conference on Innovation and Technology in Computer Science Education},
 series = {ITiCSE '08},
 year = {2008},
 isbn = {978-1-60558-078-4},
 location = {Madrid, Spain},
 pages = {53--57},
 numpages = {5},
 url = {http://doi.acm.org/10.1145/1384271.1384288},
 doi = {10.1145/1384271.1384288},
 acmid = {1384288},
 publisher = {ACM},
 address = {New York, NY, USA},
 keywords = {black box, reduction, reductive thinking},
}

@inproceedings{Taub:2014:ABC:2670757.2670777,
 author = {Taub, Rivka and Armoni, Michal and Ben-Ari, Mordechai (Moti)},
 title = {Abstraction As a Bridging Concept Between Computer Science and Physics},
 booktitle = {Proceedings of the 9th Workshop in Primary and Secondary Computing Education},
 series = {WiPSCE '14},
 year = {2014},
 isbn = {978-1-4503-3250-7},
 location = {Berlin, Germany},
 pages = {16--19},
 numpages = {4},
 url = {http://doi.acm.org/10.1145/2670757.2670777},
 doi = {10.1145/2670757.2670777},
 acmid = {2670777},
 publisher = {ACM},
 address = {New York, NY, USA},
 keywords = {abstraction, computational science, k-12 instruction, modeling},
}

@inproceedings{Selby:2012:PCT:2481449.2481466,
 author = {Selby, Cynthia C.},
 title = {Promoting Computational Thinking with Programming},
 booktitle = {Proceedings of the 7th Workshop in Primary and Secondary Computing Education},
 series = {WiPSCE '12},
 year = {2012},
 isbn = {978-1-4503-1787-0},
 location = {Hamburg, Germany},
 pages = {74--77},
 numpages = {4},
 url = {http://doi.acm.org/10.1145/2481449.2481466},
 doi = {10.1145/2481449.2481466},
 acmid = {2481466},
 publisher = {ACM},
 address = {New York, NY, USA},
 keywords = {computational thinking, pedagogy of programming, problem solving},
}

@inproceedings{Alexandron:2012:EPP:2401796.2401821,
 author = {Alexandron, Giora and Armoni, Michal and Gordon, Michal and Harel, David},
 title = {The Effect of Previous Programming Experience on the Learning of Scenario-based Programming},
 booktitle = {Proceedings of the 12th Koli Calling International Conference on Computing Education Research},
 series = {Koli Calling '12},
 year = {2012},
 isbn = {978-1-4503-1795-5},
 location = {Koli, Finland},
 pages = {151--159},
 numpages = {9},
 url = {http://doi.acm.org/10.1145/2401796.2401821},
 doi = {10.1145/2401796.2401821},
 acmid = {2401821},
 publisher = {ACM},
 address = {New York, NY, USA},
 keywords = {constructivism, scenario-based programming, visual languages},
}

@inproceedings{Bennedssen:2008:AAI:1404520.1404523,
 author = {Bennedssen, Jens and Caspersen, Michael E.},
 title = {Abstraction Ability As an Indicator of Success for Learning Computing Science?},
 booktitle = {Proceedings of the Fourth International Workshop on Computing Education Research},
 series = {ICER '08},
 year = {2008},
 isbn = {978-1-60558-216-0},
 location = {Sydney, Australia},
 pages = {15--26},
 numpages = {12},
 url = {http://doi.acm.org/10.1145/1404520.1404523},
 doi = {10.1145/1404520.1404523},
 acmid = {1404523},
 publisher = {ACM},
 address = {New York, NY, USA},
 keywords = {CS, abstraction, computer science, indicator, learning, success},
}

@inproceedings{Lister:2011:CON:2459936.2459938,
 author = {Lister, Raymond},
 title = {Concrete and Other neo-Piagetian Forms of Reasoning in the Novice Programmer},
 booktitle = {Proceedings of the Thirteenth Australasian Computing Education Conference - Volume 114},
 series = {ACE '11},
 year = {2011},
 isbn = {978-1-920682-94-1},
 location = {Perth, Australia},
 pages = {9--18},
 numpages = {10},
 url = {http://dl.acm.org/citation.cfm?id=2459936.2459938},
 acmid = {2459938},
 publisher = {Australian Computer Society, Inc.},
 address = {Darlinghurst, Australia, Australia},
 keywords = {neo-Piagetian, novice programmer},
}

@article{Verma:2005:VIA:1151954.1067535,
 author = {Verma, Rakesh M.},
 title = {A Visual and Interactive Automata Theory Course Emphasizing Breadth of Automata},
 journal = {SIGCSE Bull.},
 issue_date = {September 2005},
 volume = {37},
 number = {3},
 month = jun,
 year = {2005},
 issn = {0097-8418},
 pages = {325--329},
 numpages = {5},
 url = {http://doi.acm.org/10.1145/1151954.1067535},
 doi = {10.1145/1151954.1067535},
 acmid = {1067535},
 publisher = {ACM},
 address = {New York, NY, USA},
 keywords = {formal languages, rule-based programming, string automata, tree automata},
}

@inproceedings{Verma:2005:VIA:1067445.1067535,
 author = {Verma, Rakesh M.},
 title = {A Visual and Interactive Automata Theory Course Emphasizing Breadth of Automata},
 booktitle = {Proceedings of the 10th Annual SIGCSE Conference on Innovation and Technology in Computer Science Education},
 series = {ITiCSE '05},
 year = {2005},
 isbn = {1-59593-024-8},
 location = {Caparica, Portugal},
 pages = {325--329},
 numpages = {5},
 url = {http://doi.acm.org/10.1145/1067445.1067535},
 doi = {10.1145/1067445.1067535},
 acmid = {1067535},
 publisher = {ACM},
 address = {New York, NY, USA},
 keywords = {formal languages, rule-based programming, string automata, tree automata},
}

@inproceedings{delVadoVirseda:2019:CAC:3300115.3309507,
 author = {del Vado V\'{\i}rseda, Rafael},
 title = {Computability and Algorithmic Complexity Questions in Secondary Education},
 booktitle = {Proceedings of the ACM Conference on Global Computing Education},
 series = {CompEd '19},
 year = {2019},
 isbn = {978-1-4503-6259-7},
 location = {Chengdu,Sichuan, China},
 pages = {51--57},
 numpages = {7},
 url = {http://doi.acm.org/10.1145/3300115.3309507},
 doi = {10.1145/3300115.3309507},
 acmid = {3309507},
 publisher = {ACM},
 address = {New York, NY, USA},
 keywords = {algorithmic complexity, computability theory, computing curricula, curriculum issues, undergraduate studies},
}

@inproceedings{Ginat:2010:BCN:1734263.1734393,
 author = {Ginat, David},
 title = {The Baffling CS Notions of "As-if" and "Don'T-care"},
 booktitle = {Proceedings of the 41st ACM Technical Symposium on Computer Science Education},
 series = {SIGCSE '10},
 year = {2010},
 isbn = {978-1-4503-0006-3},
 location = {Milwaukee, Wisconsin, USA},
 pages = {385--389},
 numpages = {5},
 url = {http://doi.acm.org/10.1145/1734263.1734393},
 doi = {10.1145/1734263.1734393},
 acmid = {1734393},
 publisher = {ACM},
 address = {New York, NY, USA},
 keywords = {abstraction, non-determinism, task reformulation},
}

@article{Chesnevar:2004:DSP:1026487.1008002,
 author = {Ches\~{n}evar, Carlos I. and Gonz\'{a}lez, Maria P. and Maguitman, Ana G.},
 title = {Didactic Strategies for Promoting Significant Learning in Formal Languages and Automata Theory},
 journal = {SIGCSE Bull.},
 issue_date = {September 2004},
 volume = {36},
 number = {3},
 month = jun,
 year = {2004},
 issn = {0097-8418},
 pages = {7--11},
 numpages = {5},
 url = {http://doi.acm.org/10.1145/1026487.1008002},
 doi = {10.1145/1026487.1008002},
 acmid = {1008002},
 publisher = {ACM},
 address = {New York, NY, USA},
 keywords = {automata theory, constructivism, formal languages},
}

@inproceedings{Chesnevar:2004:DSP:1007996.1008002,
 author = {Ches\~{n}evar, Carlos I. and Gonz\'{a}lez, Maria P. and Maguitman, Ana G.},
 title = {Didactic Strategies for Promoting Significant Learning in Formal Languages and Automata Theory},
 booktitle = {Proceedings of the 9th Annual SIGCSE Conference on Innovation and Technology in Computer Science Education},
 series = {ITiCSE '04},
 year = {2004},
 isbn = {1-58113-836-9},
 location = {Leeds, United Kingdom},
 pages = {7--11},
 numpages = {5},
 url = {http://doi.acm.org/10.1145/1007996.1008002},
 doi = {10.1145/1007996.1008002},
 acmid = {1008002},
 publisher = {ACM},
 address = {New York, NY, USA},
 keywords = {automata theory, constructivism, formal languages},
}

@inproceedings{Enstrom:2010:CLW:1822090.1822118,
 author = {Enstr\"{o}m, Emma and Kann, Viggo},
 title = {Computer Lab Work on Theory},
 booktitle = {Proceedings of the Fifteenth Annual Conference on Innovation and Technology in Computer Science Education},
 series = {ITiCSE '10},
 year = {2010},
 isbn = {978-1-60558-820-9},
 location = {Bilkent, Ankara, Turkey},
 pages = {93--97},
 numpages = {5},
 url = {http://doi.acm.org/10.1145/1822090.1822118},
 doi = {10.1145/1822090.1822118},
 acmid = {1822118},
 publisher = {ACM},
 address = {New York, NY, USA},
 keywords = {computer lab work, learning theoretical computer science, reductions},
}

@inproceedings{Malmi:2014:TUC:2632320.2632358,
 author = {Malmi, Lauri and Sheard, Judy and Simon and Bednarik, Roman and Helminen, Juha and Kinnunen, P\"{a}ivi and Korhonen, Ari and Myller, Niko and Sorva, Juha and Taherkhani, Ahmad},
 title = {Theoretical Underpinnings of Computing Education Research: What is the Evidence?},
 booktitle = {Proceedings of the Tenth Annual Conference on International Computing Education Research},
 series = {ICER '14},
 year = {2014},
 isbn = {978-1-4503-2755-8},
 location = {Glasgow, Scotland, United Kingdom},
 pages = {27--34},
 numpages = {8},
 url = {http://doi.acm.org/10.1145/2632320.2632358},
 doi = {10.1145/2632320.2632358},
 acmid = {2632358},
 publisher = {ACM},
 address = {New York, NY, USA},
 keywords = {classifying publications, computing education, research methods},
}

@article{Enstrom:2017:IIL:3003827.3018109,
 author = {Enstr\"{o}m, Emma and Kann, Viggo},
 title = {Iteratively Intervening with the \&Ldquo;Most Difficult\&Rdquo; Topics of an Algorithms and Complexity Course},
 journal = {Trans. Comput. Educ.},
 issue_date = {January 2017},
 volume = {17},
 number = {1},
 month = jan,
 year = {2017},
 issn = {1946-6226},
 pages = {4:1--4:38},
 articleno = {4},
 numpages = {38},
 url = {http://doi.acm.org/10.1145/3018109},
 doi = {10.1145/3018109},
 acmid = {3018109},
 publisher = {ACM},
 address = {New York, NY, USA},
 keywords = {Algorithm visualization, NP-completeness, assessment, dynamic programming, pattern-oriented instruction, proofs, self-efficacy},
}

@article{Farooq:2012:KDS:2180796.2180809,
 author = {Farooq, Faisal and Yu, Shipeng and Krishnapuram, Balaji and Rao, Bharat},
 title = {Knowledge Discovery System for Automated Quality Abstraction},
 journal = {SIGHIT Rec.},
 issue_date = {March 2012},
 volume = {2},
 number = {1},
 month = mar,
 year = {2012},
 issn = {2158-8813},
 pages = {17--17},
 numpages = {1},
 url = {http://doi.acm.org/10.1145/2180796.2180809},
 doi = {10.1145/2180796.2180809},
 acmid = {2180809},
 publisher = {ACM},
 address = {New York, NY, USA},
}

@inproceedings{Malita:2018:RGF:3232195.3232215,
 author = {Mali\c{t}a, Mihaela and \c{S}tefan, Gheorghe M.},
 title = {A Recursive Growing \& Featuring Mechanism for Nanocomputing Structures},
 booktitle = {Proceedings of the 14th IEEE/ACM International Symposium on Nanoscale Architectures},
 series = {NANOARCH '18},
 year = {2018},
 isbn = {978-1-4503-5815-6},
 location = {Athens, Greece},
 pages = {101--106},
 numpages = {6},
 url = {http://doi.acm.org/10.1145/3232195.3232215},
 doi = {10.1145/3232195.3232215},
 acmid = {3232215},
 publisher = {ACM},
 address = {New York, NY, USA},
 keywords = {Parallel computing, digital system taxonomy, functional programming, parallel architecture, recursive functions},
}

@inproceedings{Dean:2015:RCC:2830903.2830913,
 author = {Dean, Jeff},
 title = {The Rise of Cloud Computing Systems},
 booktitle = {SOSP History Day 2015},
 series = {SOSP '15},
 year = {2015},
 isbn = {978-1-4503-4017-5},
 location = {Monterey, California},
 pages = {12:1--12:40},
 articleno = {12},
 numpages = {40},
 url = {http://doi.acm.org/10.1145/2830903.2830913},
 doi = {10.1145/2830903.2830913},
 acmid = {2830913},
 publisher = {ACM},
 address = {New York, NY, USA},
}

@inproceedings{White:2017:GNT:3067695.3082515,
 author = {White, David R.},
 title = {GI in No Time},
 booktitle = {Proceedings of the Genetic and Evolutionary Computation Conference Companion},
 series = {GECCO '17},
 year = {2017},
 isbn = {978-1-4503-4939-0},
 location = {Berlin, Germany},
 pages = {1549--1550},
 numpages = {2},
 url = {http://doi.acm.org/10.1145/3067695.3082515},
 doi = {10.1145/3067695.3082515},
 acmid = {3082515},
 publisher = {ACM},
 address = {New York, NY, USA},
 keywords = {automated programming, genetic improvement, optimisation},
}

@inproceedings{Ma:2018:MPF:3237383.3238052,
 author = {Ma, Hang and Wagner, Glenn and Felner, Ariel and Li, Jiaoyang and Kumar, T. K. Satish and Koenig, Sven},
 title = {Multi-Agent Path Finding with Deadlines: Preliminary Results},
 booktitle = {Proceedings of the 17th International Conference on Autonomous Agents and MultiAgent Systems},
 series = {AAMAS '18},
 year = {2018},
 location = {Stockholm, Sweden},
 pages = {2004--2006},
 numpages = {3},
 url = {http://dl.acm.org/citation.cfm?id=3237383.3238052},
 acmid = {3238052},
 publisher = {International Foundation for Autonomous Agents and Multiagent Systems},
 address = {Richland, SC},
 keywords = {multi-agent path finding, multi-agent systems, teamwork},
}

@article{Hoffman:1995:SAM:222132.222139,
 author = {Hoffman, Daniel and Strooper, Paul},
 title = {State Abstraction and Modular Software Development},
 journal = {SIGSOFT Softw. Eng. Notes},
 issue_date = {Oct. 1995},
 volume = {20},
 number = {4},
 month = oct,
 year = {1995},
 issn = {0163-5948},
 pages = {53--61},
 numpages = {9},
 url = {http://doi.acm.org/10.1145/222132.222139},
 doi = {10.1145/222132.222139},
 acmid = {222139},
 publisher = {ACM},
 address = {New York, NY, USA},
}

@inproceedings{Hoffman:1995:SAM:222124.222139,
 author = {Hoffman, Daniel and Strooper, Paul},
 title = {State Abstraction and Modular Software Development},
 booktitle = {Proceedings of the 3rd ACM SIGSOFT Symposium on Foundations of Software Engineering},
 series = {SIGSOFT '95},
 year = {1995},
 isbn = {0-89791-716-2},
 location = {Washington, D.C., USA},
 pages = {53--61},
 numpages = {9},
 url = {http://doi.acm.org/10.1145/222124.222139},
 doi = {10.1145/222124.222139},
 acmid = {222139},
 publisher = {ACM},
 address = {New York, NY, USA},
}

@inproceedings{Baskinger:2006:VNE:1151903.1151934,
 author = {Baskinger, Mark and Nam, Ki-Chol},
 title = {Visual Narratives: The Essential Role of Imagination in the Visualization Process},
 booktitle = {Proceedings of the 2006 Asia-Pacific Symposium on Information Visualisation - Volume 60},
 series = {APVis '06},
 year = {2006},
 isbn = {1-920682-41-4},
 location = {Tokyo, Japan},
 pages = {217--220},
 numpages = {4},
 url = {http://dl.acm.org/citation.cfm?id=1151903.1151934},
 acmid = {1151934},
 publisher = {Australian Computer Society, Inc.},
 address = {Darlinghurst, Australia, Australia},
 keywords = {"analog" visualization, conceptual models, graphical representations, visual narratives},
}

@inproceedings{Nakada:2011:PSM:2148600.2148642,
 author = {Nakada, Hidemoto and Ogawa, Hirotaka and Kudoh, Tomohiro},
 title = {Poster: SSS: A Mapreduce Framework Based on Distributed Key-value Store},
 booktitle = {Proceedings of the 2011 Companion on High Performance Computing Networking, Storage and Analysis Companion},
 series = {SC '11 Companion},
 year = {2011},
 isbn = {978-1-4503-1030-7},
 location = {Seattle, Washington, USA},
 pages = {83--84},
 numpages = {2},
 url = {http://doi.acm.org/10.1145/2148600.2148642},
 doi = {10.1145/2148600.2148642},
 acmid = {2148642},
 publisher = {ACM},
 address = {New York, NY, USA},
 keywords = {key value store, mapreduce, parallel computing},
}

@inproceedings{Tendulkar:2012:ACB:2420950.2420984,
 author = {Tendulkar, Vasant and Snyder, Ryan and Pletcher, Joe and Butler, Kevin and Shashidharan, Ashwin and Enck, William},
 title = {Abusing Cloud-based Browsers for Fun and Profit},
 booktitle = {Proceedings of the 28th Annual Computer Security Applications Conference},
 series = {ACSAC '12},
 year = {2012},
 isbn = {978-1-4503-1312-4},
 location = {Orlando, Florida, USA},
 pages = {219--228},
 numpages = {10},
 url = {http://doi.acm.org/10.1145/2420950.2420984},
 doi = {10.1145/2420950.2420984},
 acmid = {2420984},
 publisher = {ACM},
 address = {New York, NY, USA},
 keywords = {access control, cloud, computing, web browsers},
}

@article{d'Adderio:2002:PEA:566493.1148026,
 author = {d'Adderio, Luciana and Dewar, Rick and Lloyd, Ashley and Stevens, Perdita},
 title = {Has the Pattern Emperor Any Clothes?: A Controversy in Three Acts},
 journal = {SIGSOFT Softw. Eng. Notes},
 issue_date = {January 2002},
 volume = {27},
 number = {1},
 month = jan,
 year = {2002},
 issn = {0163-5948},
 pages = {31--35},
 numpages = {5},
 url = {http://doi.acm.org/10.1145/566493.1148026},
 doi = {10.1145/566493.1148026},
 acmid = {1148026},
 publisher = {ACM},
 address = {New York, NY, USA},
}

@inproceedings{Fuhrmann:1997:CAR:266989.267121,
 author = {Fuhrmann, Anton and L\"{o}ffelmann, Helwig and Schmalstieg, Dieter},
 title = {Collaborative Augmented Reality: Exploring Dynamical Systems},
 booktitle = {Proceedings of the 8th Conference on Visualization '97},
 series = {VIS '97},
 year = {1997},
 isbn = {1-58113-011-2},
 location = {Phoenix, Arizona, USA},
 pages = {459--ff.},
 url = {http://dl.acm.org/citation.cfm?id=266989.267121},
 acmid = {267121},
 publisher = {IEEE Computer Society Press},
 address = {Los Alamitos, CA, USA},
 keywords = {augmented reality, dynamical systems, scientific visualization, virtual environments},
}

@inproceedings{Garcia-Perez:2013:SFC:2426890.2426911,
 author = {Garc\'{\i}a-P{\'e}rez, \'{A}lvaro and Nogueira, Pablo},
 title = {A Syntactic and Functional Correspondence Between Reduction Semantics and Reduction-free Full Normalisers},
 booktitle = {Proceedings of the ACM SIGPLAN 2013 Workshop on Partial Evaluation and Program Manipulation},
 series = {PEPM '13},
 year = {2013},
 isbn = {978-1-4503-1842-6},
 location = {Rome, Italy},
 pages = {107--116},
 numpages = {10},
 url = {http://doi.acm.org/10.1145/2426890.2426911},
 doi = {10.1145/2426890.2426911},
 acmid = {2426911},
 publisher = {ACM},
 address = {New York, NY, USA},
 keywords = {abstract machines, continuation-passing style (cps), continuations, cps transformation, defunctionalization, evaluation contexts, normalization by evaluation, program transformation, reduction contexts, reduction semantics, reduction strategies, reduction-based normalization, reduction-free normalization, refocusing, refunctionalization, syntactic theories},
}

@inproceedings{Totoni:2017:CAT:3102980.3103004,
 author = {Totoni, Ehsan and Dulloor, Subramanya R. and Roy, Amitabha},
 title = {A Case Against Tiny Tasks in Iterative Analytics},
 booktitle = {Proceedings of the 16th Workshop on Hot Topics in Operating Systems},
 series = {HotOS '17},
 year = {2017},
 isbn = {978-1-4503-5068-6},
 location = {Whistler, BC, Canada},
 pages = {144--149},
 numpages = {6},
 url = {http://doi.acm.org/10.1145/3102980.3103004},
 doi = {10.1145/3102980.3103004},
 acmid = {3103004},
 publisher = {ACM},
 address = {New York, NY, USA},
}

@inproceedings{Zloof:1998:SIE:948496.948500,
 author = {Zloof, Moshe M.},
 title = {Selected Ingredients in End-user Programming},
 booktitle = {Proceedings of the Working Conference on Advanced Visual Interfaces},
 series = {AVI '98},
 year = {1998},
 location = {L'Aquila, Italy},
 pages = {30--35},
 numpages = {6},
 url = {http://doi.acm.org/10.1145/948496.948500},
 doi = {10.1145/948496.948500},
 acmid = {948500},
 publisher = {ACM},
 address = {New York, NY, USA},
 keywords = {WYSIWYG programming, application abstractions, declarative programming},
}

@inproceedings{Benfell:2011:EMC:2063518.2063552,
 author = {Benfell, Adrian and Liu, Kecheng},
 title = {Extending a Multi-responsive Communication Architecture for Web Service Description},
 booktitle = {Proceedings of the 7th International Conference on Semantic Systems},
 series = {I-Semantics '11},
 year = {2011},
 isbn = {978-1-4503-0621-8},
 location = {Graz, Austria},
 pages = {219--223},
 numpages = {5},
 url = {http://doi.acm.org/10.1145/2063518.2063552},
 doi = {10.1145/2063518.2063552},
 acmid = {2063552},
 publisher = {ACM},
 address = {New York, NY, USA},
 keywords = {ontology, pragmatic, semiotics, web services},
}

@inproceedings{Tan:2016:OSC:2884781.2884861,
 author = {Tan, Tian Huat and Chen, Manman and Sun, Jun and Liu, Yang and Andr{\'e}, \'{E}tienne and Xue, Yinxing and Dong, Jin Song},
 title = {Optimizing Selection of Competing Services with Probabilistic Hierarchical Refinement},
 booktitle = {Proceedings of the 38th International Conference on Software Engineering},
 series = {ICSE '16},
 year = {2016},
 isbn = {978-1-4503-3900-1},
 location = {Austin, Texas},
 pages = {85--95},
 numpages = {11},
 url = {http://doi.acm.org/10.1145/2884781.2884861},
 doi = {10.1145/2884781.2884861},
 acmid = {2884861},
 publisher = {ACM},
 address = {New York, NY, USA},
}

@inproceedings{Jones:1999:TWC:1150240.1150275,
 author = {Jones, Christopher R.},
 title = {Taking Without Consent: Stolen Knowledge and the Place of Abstractions and Assessment in Situated Learning},
 booktitle = {Proceedings of the 1999 Conference on Computer Support for Collaborative Learning},
 series = {CSCL '99},
 year = {1999},
 location = {Palo Alto, California},
 articleno = {35},
 url = {http://dl.acm.org/citation.cfm?id=1150240.1150275},
 acmid = {1150275},
 publisher = {International Society of the Learning Sciences},
 keywords = {computer-mediated-communications, qualitative methods, situated learning},
}

@inproceedings{Meissner:1974:MEH:800182.810402,
 author = {Meissner, Loren P.},
 title = {A Method to Expose the Hidden Structure of Fortran Programs},
 booktitle = {Proceedings of the 1974 Annual Conference - Volume 1},
 series = {ACM '74},
 year = {1974},
 pages = {193--198},
 numpages = {6},
 url = {http://doi.acm.org/10.1145/800182.810402},
 doi = {10.1145/800182.810402},
 acmid = {810402},
 publisher = {ACM},
 address = {New York, NY, USA},
 keywords = {Flow graph, Reducibility, Structured programming},
}

@inproceedings{Karamcheti:1999:CLR:304893.304989,
 author = {Karamcheti, V. and Li, C. and Pechtchanski, I. and Yap, C.},
 title = {A Core Library for Robust Numeric and Geometric Computation},
 booktitle = {Proceedings of the Fifteenth Annual Symposium on Computational Geometry},
 series = {SCG '99},
 year = {1999},
 isbn = {1-58113-068-6},
 location = {Miami Beach, Florida, USA},
 pages = {351--359},
 numpages = {9},
 url = {http://doi.acm.org/10.1145/304893.304989},
 doi = {10.1145/304893.304989},
 acmid = {304989},
 publisher = {ACM},
 address = {New York, NY, USA},
}

@inproceedings{Lin:2008:SLP:1613715.1613769,
 author = {Lin, Jimmy},
 title = {Scalable Language Processing Algorithms for the Masses: A Case Study in Computing Word Co-occurrence Matrices with MapReduce},
 booktitle = {Proceedings of the Conference on Empirical Methods in Natural Language Processing},
 series = {EMNLP '08},
 year = {2008},
 location = {Honolulu, Hawaii},
 pages = {419--428},
 numpages = {10},
 url = {http://dl.acm.org/citation.cfm?id=1613715.1613769},
 acmid = {1613769},
 publisher = {Association for Computational Linguistics},
 address = {Stroudsburg, PA, USA},
}

@article{Riccobene:2009:SMD:1550987.1550993,
 author = {Riccobene, Elvinia and Scandurra, Patrizia and Bocchio, Sara and Rosti, Alberto and Lavazza, Luigi and Mantellini, Luigi},
 title = {SystemC/C-based Model-driven Design for Embedded Systems},
 journal = {ACM Trans. Embed. Comput. Syst.},
 issue_date = {July 2009},
 volume = {8},
 number = {4},
 month = jul,
 year = {2009},
 issn = {1539-9087},
 pages = {30:1--30:37},
 articleno = {30},
 numpages = {37},
 url = {http://doi.acm.org/10.1145/1550987.1550993},
 doi = {10.1145/1550987.1550993},
 acmid = {1550993},
 publisher = {ACM},
 address = {New York, NY, USA},
 keywords = {C, ES, MDE, SoC, SystemC, UML},
}

@inproceedings{DallaPreda:2015:ASA:2676726.2676986,
 author = {Dalla Preda, Mila and Giacobazzi, Roberto and Lakhotia, Arun and Mastroeni, Isabella},
 title = {Abstract Symbolic Automata: Mixed Syntactic/Semantic Similarity Analysis of Executables},
 booktitle = {Proceedings of the 42Nd Annual ACM SIGPLAN-SIGACT Symposium on Principles of Programming Languages},
 series = {POPL '15},
 year = {2015},
 isbn = {978-1-4503-3300-9},
 location = {Mumbai, India},
 pages = {329--341},
 numpages = {13},
 url = {http://doi.acm.org/10.1145/2676726.2676986},
 doi = {10.1145/2676726.2676986},
 acmid = {2676986},
 publisher = {ACM},
 address = {New York, NY, USA},
 keywords = {abstract interpretation, symbolic automata},
}

@article{DallaPreda:2015:ASA:2775051.2676986,
 author = {Dalla Preda, Mila and Giacobazzi, Roberto and Lakhotia, Arun and Mastroeni, Isabella},
 title = {Abstract Symbolic Automata: Mixed Syntactic/Semantic Similarity Analysis of Executables},
 journal = {SIGPLAN Not.},
 issue_date = {January 2015},
 volume = {50},
 number = {1},
 month = jan,
 year = {2015},
 issn = {0362-1340},
 pages = {329--341},
 numpages = {13},
 url = {http://doi.acm.org/10.1145/2775051.2676986},
 doi = {10.1145/2775051.2676986},
 acmid = {2676986},
 publisher = {ACM},
 address = {New York, NY, USA},
 keywords = {abstract interpretation, symbolic automata},
}

@inproceedings{Bitman:1990:FLO:327011.327062,
 author = {Bitman, William R.},
 title = {Functional Lists: Object-oriented Design Classes for MIS Applications},
 booktitle = {Proceedings of the Seventh Washington Ada Symposium on Ada},
 series = {WADAS '90},
 year = {1990},
 location = {McLean, Virginia, USA},
 pages = {101--122},
 numpages = {22},
 url = {http://doi.acm.org/10.1145/327011.327062},
 doi = {10.1145/327011.327062},
 acmid = {327062},
 publisher = {ACM},
 address = {New York, NY, USA},
}

@inproceedings{Drozd:2015:PPN:2835857.2835858,
 author = {Drozd, Aleksandr and Gladkova, Anna and Matsuoka, Satoshi},
 title = {Python, Performance, and Natural Language Processing},
 booktitle = {Proceedings of the 5th Workshop on Python for High-Performance and Scientific Computing},
 series = {PyHPC '15},
 year = {2015},
 isbn = {978-1-4503-4010-6},
 location = {Austin, Texas},
 pages = {1:1--1:10},
 articleno = {1},
 numpages = {10},
 url = {http://doi.acm.org/10.1145/2835857.2835858},
 doi = {10.1145/2835857.2835858},
 acmid = {2835858},
 publisher = {ACM},
 address = {New York, NY, USA},
}

@article{Urken:1988:SCT:966861.45427,
 author = {Urken, Arnold B.},
 title = {Social Choice Theory and Distributed Decision Making},
 journal = {SIGOIS Bull.},
 issue_date = {April \&\#38; July 1988},
 volume = {9},
 number = {2-3},
 month = apr,
 year = {1988},
 issn = {0894-0819},
 pages = {158--168},
 numpages = {11},
 url = {http://doi.acm.org/10.1145/966861.45427},
 doi = {10.1145/966861.45427},
 acmid = {45427},
 publisher = {ACM},
 address = {New York, NY, USA},
}

@inproceedings{Urken:1988:SCT:45410.45427,
 author = {Urken, Arnold B.},
 title = {Social Choice Theory and Distributed Decision Making},
 booktitle = {Proceedings of the ACM SIGOIS and IEEECS TC-OA 1988 Conference on Office Information Systems},
 series = {COCS '88},
 year = {1988},
 isbn = {0-89791-261-6},
 location = {Palo Alto, California, USA},
 pages = {158--168},
 numpages = {11},
 url = {http://doi.acm.org/10.1145/45410.45427},
 doi = {10.1145/45410.45427},
 acmid = {45427},
 publisher = {ACM},
 address = {New York, NY, USA},
}

@inproceedings{Heer:2005:PTI:1054972.1055031,
 author = {Heer, Jeffrey and Card, Stuart K. and Landay, James A.},
 title = {Prefuse: A Toolkit for Interactive Information Visualization},
 booktitle = {Proceedings of the SIGCHI Conference on Human Factors in Computing Systems},
 series = {CHI '05},
 year = {2005},
 isbn = {1-58113-998-5},
 location = {Portland, Oregon, USA},
 pages = {421--430},
 numpages = {10},
 url = {http://doi.acm.org/10.1145/1054972.1055031},
 doi = {10.1145/1054972.1055031},
 acmid = {1055031},
 publisher = {ACM},
 address = {New York, NY, USA},
 keywords = {2D graphics, graphs, information visualization, interaction, navigation, toolkits, trees, user interfaces},
}

@inproceedings{Bird:2009:LSV:1671011.1671018,
 author = {Bird, Jon and Marshall, Paul and Rogers, Yvonne},
 title = {Low-fi Skin Vision: A Case Study in Rapid Prototyping a Sensory Substitution System},
 booktitle = {Proceedings of the 23rd British HCI Group Annual Conference on People and Computers: Celebrating People and Technology},
 series = {BCS-HCI '09},
 year = {2009},
 location = {Cambridge, United Kingdom},
 pages = {55--64},
 numpages = {10},
 url = {http://dl.acm.org/citation.cfm?id=1671011.1671018},
 acmid = {1671018},
 publisher = {British Computer Society},
 address = {Swinton, UK, UK},
 keywords = {TVSS, embedded systems, low-fi rapid prototyping, tactile vision sensory substitution},
}

@article{Qadeer:2015:CEB:2749359.2735841,
 author = {Qadeer, Wajahat and Hameed, Rehan and Shacham, Ofer and Venkatesan, Preethi and Kozyrakis, Christos and Horowitz, Mark},
 title = {Convolution Engine: Balancing Efficiency and Flexibility in Specialized Computing},
 journal = {Commun. ACM},
 issue_date = {April 2015},
 volume = {58},
 number = {4},
 month = mar,
 year = {2015},
 issn = {0001-0782},
 pages = {85--93},
 numpages = {9},
 url = {http://doi.acm.org/10.1145/2735841},
 doi = {10.1145/2735841},
 acmid = {2735841},
 publisher = {ACM},
 address = {New York, NY, USA},
}

@inproceedings{Hammer:1976:FDB:800253.807724,
 author = {Hammer, Michael and McLeod, Dennis},
 title = {A Framework for Data Base Semantic Integrity},
 booktitle = {Proceedings of the 2Nd International Conference on Software Engineering},
 series = {ICSE '76},
 year = {1976},
 location = {San Francisco, California, USA},
 pages = {498--504},
 numpages = {7},
 url = {http://dl.acm.org/citation.cfm?id=800253.807724},
 acmid = {807724},
 publisher = {IEEE Computer Society Press},
 address = {Los Alamitos, CA, USA},
 keywords = {Data base design, Data base management, Data definition, Data semantics, Semantic integrity},
}

@article{Helmert:2014:MAM:2628069.2559951,
 author = {Helmert, Malte and Haslum, Patrik and Hoffmann, J\"{o}rg and Nissim, Raz},
 title = {Merge-and-Shrink Abstraction: A Method for Generating Lower Bounds in Factored State Spaces},
 journal = {J. ACM},
 issue_date = {May 2014},
 volume = {61},
 number = {3},
 month = jun,
 year = {2014},
 issn = {0004-5411},
 pages = {16:1--16:63},
 articleno = {16},
 numpages = {63},
 url = {http://doi.acm.org/10.1145/2559951},
 doi = {10.1145/2559951},
 acmid = {2559951},
 publisher = {ACM},
 address = {New York, NY, USA},
 keywords = {AI planning, Abstraction heuristics, heuristic search},
}

@inproceedings{Dodson:2013:MGC:2516604.2516626,
 author = {Dodson, Leslie L. and Sterling, S. Revi and Bennett, John K.},
 title = {Minding the Gaps: Cultural, Technical and Gender-based Barriers to Mobile Use in Oral-language Berber Communities in Morocco},
 booktitle = {Proceedings of the Sixth International Conference on Information and Communication Technologies and Development: Full Papers - Volume 1},
 series = {ICTD '13},
 year = {2013},
 isbn = {978-1-4503-1906-5},
 location = {Cape Town, South Africa},
 pages = {79--88},
 numpages = {10},
 url = {http://doi.acm.org/10.1145/2516604.2516626},
 doi = {10.1145/2516604.2516626},
 acmid = {2516626},
 publisher = {ACM},
 address = {New York, NY, USA},
 keywords = {Berber, HCI, HCID, ICTD, M4D, Morocco, gender, mobile phones, mobiles for development},
}

@inproceedings{Moise:2013:ISI:2461466.2461470,
 author = {Moise, Diana and Shestakov, Denis and Gudmundsson, Gylfi and Amsaleg, Laurent},
 title = {Indexing and Searching 100M Images with Map-reduce},
 booktitle = {Proceedings of the 3rd ACM Conference on International Conference on Multimedia Retrieval},
 series = {ICMR '13},
 year = {2013},
 isbn = {978-1-4503-2033-7},
 location = {Dallas, Texas, USA},
 pages = {17--24},
 numpages = {8},
 url = {http://doi.acm.org/10.1145/2461466.2461470},
 doi = {10.1145/2461466.2461470},
 acmid = {2461470},
 publisher = {ACM},
 address = {New York, NY, USA},
 keywords = {hadoop, high-dimensional indexing, map-reduce},
}

@inproceedings{Shieh:2008:ISI:1401890.1401966,
 author = {Shieh, Jin and Keogh, Eamonn},
 title = {iSAX: Indexing and Mining Terabyte Sized Time Series},
 booktitle = {Proceedings of the 14th ACM SIGKDD International Conference on Knowledge Discovery and Data Mining},
 series = {KDD '08},
 year = {2008},
 isbn = {978-1-60558-193-4},
 location = {Las Vegas, Nevada, USA},
 pages = {623--631},
 numpages = {9},
 url = {http://doi.acm.org/10.1145/1401890.1401966},
 doi = {10.1145/1401890.1401966},
 acmid = {1401966},
 publisher = {ACM},
 address = {New York, NY, USA},
 keywords = {data mining, indexing, representations, time series},
}

@inproceedings{2014:AFP:3041404.3041448,
 title = {An Abstraction-refinement Framework for Priority-driven Scheduling of Static Dataflow Graphs},
 booktitle = {Proceedings of the Twelfth ACM/IEEE Conference on Formal Methods and Models for Codesign},
 series = {MEMOCODE '14},
 year = {2014},
 isbn = {978-1-4799-5338-7},
 pages = {2--11},
 numpages = {10},
 url = {https://doi.org/10.1109/MEMCOD.2014.6961838},
 doi = {10.1109/MEMCOD.2014.6961838},
 acmid = {3041448},
 publisher = {IEEE Computer Society},
 address = {Washington, DC, USA},
key = {{$\!\!$}} ,
}

@inproceedings{Deelman:2003:GGM:1048935.1050197,
 author = {Deelman, Ewa and Plante, Raymond and Kesselman, Carl and Singh, Gurmeet and Su, Mei-Hui and Greene, Gretchen and Hanisch, Robert and Gaffney, Niall and Volpicelli, Antonio and Annis, James and Sekhri, Vijay and Budavari, Tamas and Nieto-Santisteban, Maria and O'Mullane, William and Bohlender, David and McGlynn, Tom and Rots, Arnold and Pevunova, Olga},
 title = {Grid-Based Galaxy Morphology Analysis for the National Virtual Observatory},
 booktitle = {Proceedings of the 2003 ACM/IEEE Conference on Supercomputing},
 series = {SC '03},
 year = {2003},
 isbn = {1-58113-695-1},
 location = {Phoenix, AZ, USA},
 pages = {47--},
 url = {http://doi.acm.org/10.1145/1048935.1050197},
 doi = {10.1145/1048935.1050197},
 acmid = {1050197},
 publisher = {ACM},
 address = {New York, NY, USA},
}

@article{Edmundson:1961:AAI:366532.366545,
 author = {Edmundson, H. P. and Wyllys, R. E.},
 title = {Automatic Abstracting and Indexing\&Mdash;Survey and Recommendations},
 journal = {Commun. ACM},
 issue_date = {May 1961},
 volume = {4},
 number = {5},
 month = may,
 year = {1961},
 issn = {0001-0782},
 pages = {226--234},
 numpages = {9},
 url = {http://doi.acm.org/10.1145/366532.366545},
 doi = {10.1145/366532.366545},
 acmid = {366545},
 publisher = {ACM},
 address = {New York, NY, USA},
}

@article{Clarke:2009:MCA:1592761.1592781,
 author = {Clarke, Edmund M. and Emerson, E. Allen and Sifakis, Joseph},
 title = {Model Checking: Algorithmic Verification and Debugging},
 journal = {Commun. ACM},
 issue_date = {November 2009},
 volume = {52},
 number = {11},
 month = nov,
 year = {2009},
 issn = {0001-0782},
 pages = {74--84},
 numpages = {11},
 url = {http://doi.acm.org/10.1145/1592761.1592781},
 doi = {10.1145/1592761.1592781},
 acmid = {1592781},
 publisher = {ACM},
 address = {New York, NY, USA},
}

@article{Westbrook:2010:MJM:1809028.1806642,
 author = {Westbrook, Edwin and Ricken, Mathias and Inoue, Jun and Yao, Yilong and Abdelatif, Tamer and Taha, Walid},
 title = {Mint: Java Multi-stage Programming Using Weak Separability},
 journal = {SIGPLAN Not.},
 issue_date = {June 2010},
 volume = {45},
 number = {6},
 month = jun,
 year = {2010},
 issn = {0362-1340},
 pages = {400--411},
 numpages = {12},
 url = {http://doi.acm.org/10.1145/1809028.1806642},
 doi = {10.1145/1809028.1806642},
 acmid = {1806642},
 publisher = {ACM},
 address = {New York, NY, USA},
 keywords = {java, multi-stage programming, multi-staged languages, type systems},
}

@inproceedings{Westbrook:2010:MJM:1806596.1806642,
 author = {Westbrook, Edwin and Ricken, Mathias and Inoue, Jun and Yao, Yilong and Abdelatif, Tamer and Taha, Walid},
 title = {Mint: Java Multi-stage Programming Using Weak Separability},
 booktitle = {Proceedings of the 31st ACM SIGPLAN Conference on Programming Language Design and Implementation},
 series = {PLDI '10},
 year = {2010},
 isbn = {978-1-4503-0019-3},
 location = {Toronto, Ontario, Canada},
 pages = {400--411},
 numpages = {12},
 url = {http://doi.acm.org/10.1145/1806596.1806642},
 doi = {10.1145/1806596.1806642},
 acmid = {1806642},
 publisher = {ACM},
 address = {New York, NY, USA},
 keywords = {java, multi-stage programming, multi-staged languages, type systems},
}

@inproceedings{Santos:2018:MDT:3211332.3211334,
 author = {Santos, Rodrigo C. M. and Lima, Guilherme F. and Sant\&\#39;Anna, Francisco and Ierusalimschy, Roberto and Haeusler, Edward H.},
 title = {A Memory-bounded, Deterministic and Terminating Semantics for the Synchronous Programming Language C{\'e}U},
 booktitle = {Proceedings of the 19th ACM SIGPLAN/SIGBED International Conference on Languages, Compilers, and Tools for Embedded Systems},
 series = {LCTES 2018},
 year = {2018},
 isbn = {978-1-4503-5803-3},
 location = {Philadelphia, PA, USA},
 pages = {1--18},
 numpages = {18},
 url = {http://doi.acm.org/10.1145/3211332.3211334},
 doi = {10.1145/3211332.3211334},
 acmid = {3211334},
 publisher = {ACM},
 address = {New York, NY, USA},
 keywords = {Determinism, Operational semantics, Synchronous languages, Termination},
}

@article{Santos:2018:MDT:3299710.3211334,
 author = {Santos, Rodrigo C. M. and Lima, Guilherme F. and Sant\&\#39;Anna, Francisco and Ierusalimschy, Roberto and Haeusler, Edward H.},
 title = {A Memory-bounded, Deterministic and Terminating Semantics for the Synchronous Programming Language C{\'e}U},
 journal = {SIGPLAN Not.},
 issue_date = {June 2018},
 volume = {53},
 number = {6},
 month = jun,
 year = {2018},
 issn = {0362-1340},
 pages = {1--18},
 numpages = {18},
 url = {http://doi.acm.org/10.1145/3299710.3211334},
 doi = {10.1145/3299710.3211334},
 acmid = {3211334},
 publisher = {ACM},
 address = {New York, NY, USA},
 keywords = {Determinism, Operational semantics, Synchronous languages, Termination},
}

@inproceedings{Bagnara:2000:ESA:351268.351280,
 author = {Bagnara, Roberto and Zaffanella, Enea and Hill, Patricia M.},
 title = {Enhanced Sharing Analysis Techniques: A Comprehensive Evaluation},
 booktitle = {Proceedings of the 2Nd ACM SIGPLAN International Conference on Principles and Practice of Declarative Programming},
 series = {PPDP '00},
 year = {2000},
 isbn = {1-58113-265-4},
 location = {Montreal, Quebec, Canada},
 pages = {103--114},
 numpages = {12},
 url = {http://doi.acm.org/10.1145/351268.351280},
 doi = {10.1145/351268.351280},
 acmid = {351280},
 publisher = {ACM},
 address = {New York, NY, USA},
 keywords = {abstract interpretation, mode analysis, sharing analysis},
}

@article{Gordon:2013:RRR:2499370.2462160,
 author = {Gordon, Colin S. and Ernst, Michael D. and Grossman, Dan},
 title = {Rely-guarantee References for Refinement Types over Aliased Mutable Data},
 journal = {SIGPLAN Not.},
 issue_date = {June 2013},
 volume = {48},
 number = {6},
 month = jun,
 year = {2013},
 issn = {0362-1340},
 pages = {73--84},
 numpages = {12},
 url = {http://doi.acm.org/10.1145/2499370.2462160},
 doi = {10.1145/2499370.2462160},
 acmid = {2462160},
 publisher = {ACM},
 address = {New York, NY, USA},
 keywords = {reference immutability, refinement types, rely-guarantee},
}

@inproceedings{Gordon:2013:RRR:2491956.2462160,
 author = {Gordon, Colin S. and Ernst, Michael D. and Grossman, Dan},
 title = {Rely-guarantee References for Refinement Types over Aliased Mutable Data},
 booktitle = {Proceedings of the 34th ACM SIGPLAN Conference on Programming Language Design and Implementation},
 series = {PLDI '13},
 year = {2013},
 isbn = {978-1-4503-2014-6},
 location = {Seattle, Washington, USA},
 pages = {73--84},
 numpages = {12},
 url = {http://doi.acm.org/10.1145/2491956.2462160},
 doi = {10.1145/2491956.2462160},
 acmid = {2462160},
 publisher = {ACM},
 address = {New York, NY, USA},
 keywords = {reference immutability, refinement types, rely-guarantee},
}

@inproceedings{Schlaipfer:2017:OBQ:3132747.3132773,
 author = {Schlaipfer, Matthias and Rajan, Kaushik and Lal, Akash and Samak, Malavika},
 title = {Optimizing Big-Data Queries Using Program Synthesis},
 booktitle = {Proceedings of the 26th Symposium on Operating Systems Principles},
 series = {SOSP '17},
 year = {2017},
 isbn = {978-1-4503-5085-3},
 location = {Shanghai, China},
 pages = {631--646},
 numpages = {16},
 url = {http://doi.acm.org/10.1145/3132747.3132773},
 doi = {10.1145/3132747.3132773},
 acmid = {3132773},
 publisher = {ACM},
 address = {New York, NY, USA},
 keywords = {Program Synthesis, Query Optimization, User-Defined Operators},
}

@inproceedings{Adams:2011:FTR:2048066.2048105,
 author = {Adams, Michael D. and Keep, Andrew W. and Midtgaard, Jan and Might, Matthew and Chauhan, Arun and Dybvig, R. Kent},
 title = {Flow-sensitive Type Recovery in Linear-log Time},
 booktitle = {Proceedings of the 2011 ACM International Conference on Object Oriented Programming Systems Languages and Applications},
 series = {OOPSLA '11},
 year = {2011},
 isbn = {978-1-4503-0940-0},
 location = {Portland, Oregon, USA},
 pages = {483--498},
 numpages = {16},
 url = {http://doi.acm.org/10.1145/2048066.2048105},
 doi = {10.1145/2048066.2048105},
 acmid = {2048105},
 publisher = {ACM},
 address = {New York, NY, USA},
 keywords = {control-flow analysis, flow sensitivity, path sensitivity, type recovery},
}

@article{Adams:2011:FTR:2076021.2048105,
 author = {Adams, Michael D. and Keep, Andrew W. and Midtgaard, Jan and Might, Matthew and Chauhan, Arun and Dybvig, R. Kent},
 title = {Flow-sensitive Type Recovery in Linear-log Time},
 journal = {SIGPLAN Not.},
 issue_date = {October 2011},
 volume = {46},
 number = {10},
 month = oct,
 year = {2011},
 issn = {0362-1340},
 pages = {483--498},
 numpages = {16},
 url = {http://doi.acm.org/10.1145/2076021.2048105},
 doi = {10.1145/2076021.2048105},
 acmid = {2048105},
 publisher = {ACM},
 address = {New York, NY, USA},
 keywords = {control-flow analysis, flow sensitivity, path sensitivity, type recovery},
}

@inproceedings{Garcia-Perez:2013:DFK:2505879.2505887,
 author = {Garc\'{\i}a-P{\'e}rez, \'{A}lvaro and Nogueira, Pablo and Moreno-Navarro, Juan Jos{\'e}},
 title = {Deriving the Full-reducing Krivine Machine from the Small-step Operational Semantics of Normal Order},
 booktitle = {Proceedings of the 15th Symposium on Principles and Practice of Declarative Programming},
 series = {PPDP '13},
 year = {2013},
 isbn = {978-1-4503-2154-9},
 location = {Madrid, Spain},
 pages = {85--96},
 numpages = {12},
 url = {http://doi.acm.org/10.1145/2505879.2505887},
 doi = {10.1145/2505879.2505887},
 acmid = {2505887},
 publisher = {ACM},
 address = {New York, NY, USA},
 keywords = {abstract machines, closures, explicit substitutions, foundations, full reduction, lambda calculus, operational semantics, program transformation, programming languages, reduction semantics, reduction strategies, reduction-based normalisation, reduction-free normalisation},
}

@article{Kulkarni:2011:ECL:1993316.1993562,
 author = {Kulkarni, Milind and Nguyen, Donald and Prountzos, Dimitrios and Sui, Xin and Pingali, Keshav},
 title = {Exploiting the Commutativity Lattice},
 journal = {SIGPLAN Not.},
 issue_date = {June 2011},
 volume = {46},
 number = {6},
 month = jun,
 year = {2011},
 issn = {0362-1340},
 pages = {542--555},
 numpages = {14},
 url = {http://doi.acm.org/10.1145/1993316.1993562},
 doi = {10.1145/1993316.1993562},
 acmid = {1993562},
 publisher = {ACM},
 address = {New York, NY, USA},
 keywords = {commutativity lattice, optimistic parallelism, transactions},
}

@inproceedings{Kulkarni:2011:ECL:1993498.1993562,
 author = {Kulkarni, Milind and Nguyen, Donald and Prountzos, Dimitrios and Sui, Xin and Pingali, Keshav},
 title = {Exploiting the Commutativity Lattice},
 booktitle = {Proceedings of the 32Nd ACM SIGPLAN Conference on Programming Language Design and Implementation},
 series = {PLDI '11},
 year = {2011},
 isbn = {978-1-4503-0663-8},
 location = {San Jose, California, USA},
 pages = {542--555},
 numpages = {14},
 url = {http://doi.acm.org/10.1145/1993498.1993562},
 doi = {10.1145/1993498.1993562},
 acmid = {1993562},
 publisher = {ACM},
 address = {New York, NY, USA},
 keywords = {commutativity lattice, optimistic parallelism, transactions},
}

@article{Naeem:2008:TAM:1449955.1449792,
 author = {Naeem, Nomair A. and Lhotak, Ondrej},
 title = {Typestate-like Analysis of Multiple Interacting Objects},
 journal = {SIGPLAN Not.},
 issue_date = {September 2008},
 volume = {43},
 number = {10},
 month = oct,
 year = {2008},
 issn = {0362-1340},
 pages = {347--366},
 numpages = {20},
 url = {http://doi.acm.org/10.1145/1449955.1449792},
 doi = {10.1145/1449955.1449792},
 acmid = {1449792},
 publisher = {ACM},
 address = {New York, NY, USA},
 keywords = {static analysis, tracematches, typestate},
}

@inproceedings{Naeem:2008:TAM:1449764.1449792,
 author = {Naeem, Nomair A. and Lhotak, Ondrej},
 title = {Typestate-like Analysis of Multiple Interacting Objects},
 booktitle = {Proceedings of the 23rd ACM SIGPLAN Conference on Object-oriented Programming Systems Languages and Applications},
 series = {OOPSLA '08},
 year = {2008},
 isbn = {978-1-60558-215-3},
 location = {Nashville, TN, USA},
 pages = {347--366},
 numpages = {20},
 url = {http://doi.acm.org/10.1145/1449764.1449792},
 doi = {10.1145/1449764.1449792},
 acmid = {1449792},
 publisher = {ACM},
 address = {New York, NY, USA},
 keywords = {static analysis, tracematches, typestate},
}

@article{Tobin-Hochstadt:2012:HSE:2398857.2384655,
 author = {Tobin-Hochstadt, Sam and Van Horn, David},
 title = {Higher-order Symbolic Execution via Contracts},
 journal = {SIGPLAN Not.},
 issue_date = {October 2012},
 volume = {47},
 number = {10},
 month = oct,
 year = {2012},
 issn = {0362-1340},
 pages = {537--554},
 numpages = {18},
 url = {http://doi.acm.org/10.1145/2398857.2384655},
 doi = {10.1145/2398857.2384655},
 acmid = {2384655},
 publisher = {ACM},
 address = {New York, NY, USA},
 keywords = {higher-order contracts, reduction semantics, symbolic execution},
}

@inproceedings{Tobin-Hochstadt:2012:HSE:2384616.2384655,
 author = {Tobin-Hochstadt, Sam and Van Horn, David},
 title = {Higher-order Symbolic Execution via Contracts},
 booktitle = {Proceedings of the ACM International Conference on Object Oriented Programming Systems Languages and Applications},
 series = {OOPSLA '12},
 year = {2012},
 isbn = {978-1-4503-1561-6},
 location = {Tucson, Arizona, USA},
 pages = {537--554},
 numpages = {18},
 url = {http://doi.acm.org/10.1145/2384616.2384655},
 doi = {10.1145/2384616.2384655},
 acmid = {2384655},
 publisher = {ACM},
 address = {New York, NY, USA},
 keywords = {higher-order contracts, reduction semantics, symbolic execution},
}

@article{DosReis:2006:SCC:1111320.1111064,
 author = {Dos Reis, Gabriel and Stroustrup, Bjarne},
 title = {Specifying C++ Concepts},
 journal = {SIGPLAN Not.},
 issue_date = {January 2006},
 volume = {41},
 number = {1},
 month = jan,
 year = {2006},
 issn = {0362-1340},
 pages = {295--308},
 numpages = {14},
 url = {http://doi.acm.org/10.1145/1111320.1111064},
 doi = {10.1145/1111320.1111064},
 acmid = {1111064},
 publisher = {ACM},
 address = {New York, NY, USA},
 keywords = {C++ concepts, C++ templates, generic programming, separate compilation, type systems},
}

@inproceedings{DosReis:2006:SCC:1111037.1111064,
 author = {Dos Reis, Gabriel and Stroustrup, Bjarne},
 title = {Specifying C++ Concepts},
 booktitle = {Conference Record of the 33rd ACM SIGPLAN-SIGACT Symposium on Principles of Programming Languages},
 series = {POPL '06},
 year = {2006},
 isbn = {1-59593-027-2},
 location = {Charleston, South Carolina, USA},
 pages = {295--308},
 numpages = {14},
 url = {http://doi.acm.org/10.1145/1111037.1111064},
 doi = {10.1145/1111037.1111064},
 acmid = {1111064},
 publisher = {ACM},
 address = {New York, NY, USA},
 keywords = {C++ concepts, C++ templates, generic programming, separate compilation, type systems},
}

@inproceedings{Peldszus:2015:ICJ:2807426.2807438,
 author = {Peldszus, Sven and Kulcs\'{a}r, G{\'e}za and Lochau, Malte and Schulze, Sandro},
 title = {Incremental Co-Evolution of Java Programs Based on Bidirectional Graph Transformation},
 booktitle = {Proceedings of the Principles and Practices of Programming on The Java Platform},
 series = {PPPJ '15},
 year = {2015},
 isbn = {978-1-4503-3712-0},
 location = {Melbourne, FL, USA},
 pages = {138--151},
 numpages = {14},
 url = {http://doi.acm.org/10.1145/2807426.2807438},
 doi = {10.1145/2807426.2807438},
 acmid = {2807438},
 publisher = {ACM},
 address = {New York, NY, USA},
 keywords = {bidirectional graph transformation, incremental synchronization, program evolution, program refactoring},
}

@article{Bustan:2003:SM:635499.635502,
 author = {Bustan, Doron and Grumberg, Orna},
 title = {Simulation-based Minimization},
 journal = {ACM Trans. Comput. Logic},
 issue_date = {April 2003},
 volume = {4},
 number = {2},
 month = apr,
 year = {2003},
 issn = {1529-3785},
 pages = {181--206},
 numpages = {26},
 url = {http://doi.acm.org/10.1145/635499.635502},
 doi = {10.1145/635499.635502},
 acmid = {635502},
 publisher = {ACM},
 address = {New York, NY, USA},
 keywords = {Minimization, Simulation},
}

@article{Welch:2010:SCF:1734206.1734211,
 author = {Welch, Peter H. and Pedersen, Jan B.},
 title = {Santa Claus: Formal Analysis of a Process-oriented Solution},
 journal = {ACM Trans. Program. Lang. Syst.},
 issue_date = {April 2010},
 volume = {32},
 number = {4},
 month = apr,
 year = {2010},
 issn = {0164-0925},
 pages = {14:1--14:37},
 articleno = {14},
 numpages = {37},
 url = {http://doi.acm.org/10.1145/1734206.1734211},
 doi = {10.1145/1734206.1734211},
 acmid = {1734211},
 publisher = {ACM},
 address = {New York, NY, USA},
 keywords = {CSP, Process orientation, concurrency, deadlock, event ordering, liveness, novice programmer, occam-pi, verification},
}

