@inproceedings{Sarirete:2007:TSM:1347787.1347811,
 author = {Sarirete, Akila},
 title = {Towards a Semantic Modeling of Learners in e-Learning from Communities of Practice Perspective},
 booktitle = {Proceedings of the 2007 Conference on Diversity in Computing},
 series = {TAPIA '07},
 year = {2007},
 isbn = {978-1-59593-866-4},
 location = {Orlando, Florida},
 pages = {36--36},
 numpages = {1},
 url = {http://doi.acm.org/10.1145/1347787.1347811},
 doi = {10.1145/1347787.1347811},
 acmid = {1347811},
 publisher = {ACM},
 address = {New York, NY, USA},
}

@inproceedings{Hundhausen:2014:SSI:2688204.2688215,
 author = {Hundhausen, Christopher D. and Carter, Adam S.},
 title = {Supporting Social Interactions and Awareness in Educational Programming Environments},
 booktitle = {Proceedings of the 5th Workshop on Evaluation and Usability of Programming Languages and Tools},
 series = {PLATEAU '14},
 year = {2014},
 isbn = {978-1-4503-2277-5},
 location = {Portland, Oregon, USA},
 pages = {55--56},
 numpages = {2},
 url = {http://doi.acm.org/10.1145/2688204.2688215},
 doi = {10.1145/2688204.2688215},
 acmid = {2688215},
 publisher = {ACM},
 address = {New York, NY, USA},
 keywords = {learning analytics, social learning theory, social programming environments},
}

@inproceedings{Hundhausen:2015:SPA:2676723.2677276,
 author = {Hundhausen, Christopher D. and Carter, Adam S. and Adesope, Olusola},
 title = {Supporting Programming Assignments with Activity Streams: An Empirical Study},
 booktitle = {Proceedings of the 46th ACM Technical Symposium on Computer Science Education},
 series = {SIGCSE '15},
 year = {2015},
 isbn = {978-1-4503-2966-8},
 location = {Kansas City, Missouri, USA},
 pages = {320--325},
 numpages = {6},
 url = {http://doi.acm.org/10.1145/2676723.2677276},
 doi = {10.1145/2676723.2677276},
 acmid = {2677276},
 publisher = {ACM},
 address = {New York, NY, USA},
 keywords = {activity streams, cs 2, programming assignments, social learning theory, social networking},
}

@inproceedings{Brooks:2015:LFE:2724660.2728667,
 author = {Brooks, Christopher and Stalburg, Caren and Dillahunt, Tawanna and Robert, Lionel},
 title = {Learn With Friends: The Effects of Student Face-to-Face Collaborations on Massive Open Online Course Activities},
 booktitle = {Proceedings of the Second (2015) ACM Conference on Learning @ Scale},
 series = {L@S '15},
 year = {2015},
 isbn = {978-1-4503-3411-2},
 location = {Vancouver, BC, Canada},
 pages = {241--244},
 numpages = {4},
 url = {http://doi.acm.org/10.1145/2724660.2728667},
 doi = {10.1145/2724660.2728667},
 acmid = {2728667},
 publisher = {ACM},
 address = {New York, NY, USA},
 keywords = {blended learning, collaboration, mooc, social learning, student success},
}

@inproceedings{Ko:2018:EFD:3290511.3290563,
 author = {Ko, Hsiu-Chia},
 title = {Exploring the Factors Driving Impulse Buying Tendency on Advertisements of Facebook: A Social Learning Theory Perspective},
 booktitle = {Proceedings of the 10th International Conference on Education Technology and Computers},
 series = {ICETC '18},
 year = {2018},
 isbn = {978-1-4503-6517-8},
 location = {Tokyo, Japan},
 pages = {245--249},
 numpages = {5},
 url = {http://doi.acm.org/10.1145/3290511.3290563},
 doi = {10.1145/3290511.3290563},
 acmid = {3290563},
 publisher = {ACM},
 address = {New York, NY, USA},
 keywords = {impulse buying tendency, observational learning, reinforcement learning, social learning theory, social media advertising},
}

@inproceedings{PavagadaSubbanarasimha:2019:DCO:3289600.3291600,
 author = {Pavagada Subbanarasimha, Raksha},
 title = {Designing the Cogno-Web Observatory: To Characterize the Dynamics of Online Social Cognition},
 booktitle = {Proceedings of the Twelfth ACM International Conference on Web Search and Data Mining},
 series = {WSDM '19},
 year = {2019},
 isbn = {978-1-4503-5940-5},
 location = {Melbourne VIC, Australia},
 pages = {814--815},
 numpages = {2},
 url = {http://doi.acm.org/10.1145/3289600.3291600},
 doi = {10.1145/3289600.3291600},
 acmid = {3291600},
 publisher = {ACM},
 address = {New York, NY, USA},
 keywords = {narratives, social discourse, social media, web observatory},
}

@inproceedings{Iyer:2017:RSG:3084381.3084415,
 author = {Iyer, L. S. and Dissanayake, I. and Bedeley, R. T.},
 title = {"RISE IT for Social Good": An Experimental Investigation of Context to Improve Programming Skills},
 booktitle = {Proceedings of the 2017 ACM SIGMIS Conference on Computers and People Research},
 series = {SIGMIS-CPR '17},
 year = {2017},
 isbn = {978-1-4503-5037-2},
 location = {Bangalore, India},
 pages = {49--52},
 numpages = {4},
 url = {http://doi.acm.org/10.1145/3084381.3084415},
 doi = {10.1145/3084381.3084415},
 acmid = {3084415},
 publisher = {ACM},
 address = {New York, NY, USA},
 keywords = {context, experiment, gender, programming skills, retention, self-efficacy},
}

@inproceedings{Dang:2014:EIS:2684200.2684280,
 author = {Dang, Hai H. and Nguyen, Vu and Do, Kha N. and Tran, Thu D.},
 title = {EduCo: An Integrated Social Environment for Teaching and Learning Software Engineering Courses},
 booktitle = {Proceedings of the 16th International Conference on Information Integration and Web-based Applications \&\#38; Services},
 series = {iiWAS '14},
 year = {2014},
 isbn = {978-1-4503-3001-5},
 location = {Hanoi, Viet Nam},
 pages = {17--26},
 numpages = {10},
 url = {http://doi.acm.org/10.1145/2684200.2684280},
 doi = {10.1145/2684200.2684280},
 acmid = {2684280},
 publisher = {ACM},
 address = {New York, NY, USA},
 keywords = {Collaborative development environment, Project management, Social network, Software design tool, Web},
}

@inproceedings{Schaffner:1996:ETA:1161135.1161247,
 author = {Schaffner, Andrew and Madigan, David},
 title = {Educational Tools for the Advancement of Undergraduate Statistics Education},
 booktitle = {Proceedings of the 1996 International Conference on Learning Sciences},
 series = {ICLS '96},
 year = {1996},
 isbn = {1-880094-23-1},
 location = {Evanston, Illinois},
 pages = {587--588},
 numpages = {2},
 url = {http://dl.acm.org/citation.cfm?id=1161135.1161247},
 acmid = {1161247},
 publisher = {International Society of the Learning Sciences},
}

@article{Harrington:1995:AON:202896.202898,
 author = {Harrington, Susan J.},
 title = {The Anomaly of Other-directedness: When Normally Ethical I.S. Personnel Are Unethical},
 journal = {SIGCPR Comput. Pers.},
 issue_date = {April 1995},
 volume = {16},
 number = {2},
 month = apr,
 year = {1995},
 issn = {0160-2497},
 pages = {3--11},
 numpages = {9},
 url = {http://doi.acm.org/10.1145/202896.202898},
 doi = {10.1145/202896.202898},
 acmid = {202898},
 publisher = {ACM},
 address = {New York, NY, USA},
}

@article{Galup:1999:TPI:568504.568506,
 author = {Galup, Stuart D.},
 title = {A Training Program for Information Technology Organizations Transitioning to Enterprise-wide Client/Server Computing},
 journal = {SIGCPR Comput. Pers.},
 issue_date = {April 1999},
 volume = {20},
 number = {2},
 month = apr,
 year = {1999},
 issn = {0160-2497},
 pages = {27--40},
 numpages = {14},
 url = {http://doi.acm.org/10.1145/568504.568506},
 doi = {10.1145/568504.568506},
 acmid = {568506},
 publisher = {ACM},
 address = {New York, NY, USA},
 keywords = {MIS management, client/server computing, enterprise computing, information systems personnel, network computing},
}

@inproceedings{Gutkin:2008:WSS:1795234.1795327,
 author = {Gutkin, Jeffrey and Schoknecht, Patricia},
 title = {Wagnerpedia: A Study of Social Cognition and Wikis, Linking Academic Courses and Community Partners},
 booktitle = {Proceedings of the Tenth Anniversary Conference on Participatory Design 2008},
 series = {PDC '08},
 year = {2008},
 isbn = {978-0-9818561-0-0},
 location = {Bloomington, Indiana},
 pages = {326--327},
 numpages = {2},
 url = {http://dl.acm.org/citation.cfm?id=1795234.1795327},
 acmid = {1795327},
 publisher = {Indiana University},
 address = {Indianapolis, IN, USA},
 keywords = {collaboration, community, partnership, sustainability publications, wiki},
}

@inproceedings{Parameswaran:2017:SPS:3084381.3084428,
 author = {Parameswaran, S.},
 title = {Social Presence in Social Media: Persuasion, Design and Discourse},
 booktitle = {Proceedings of the 2017 ACM SIGMIS Conference on Computers and People Research},
 series = {SIGMIS-CPR '17},
 year = {2017},
 isbn = {978-1-4503-5037-2},
 location = {Bangalore, India},
 pages = {205--206},
 numpages = {2},
 url = {http://doi.acm.org/10.1145/3084381.3084428},
 doi = {10.1145/3084381.3084428},
 acmid = {3084428},
 publisher = {ACM},
 address = {New York, NY, USA},
 keywords = {gamification, mete-analysis, online health communities, social network analysis, social presence, task performance, text mining},
}

@article{Choo:2012:RIT:2261417.2261428,
 author = {Choo, Kim-Kwang Raymond},
 title = {Review of Insider Threats in Cyber Security by Probst, Hunker, Gollman, Bishop},
 journal = {SIGACT News},
 issue_date = {June 2012},
 volume = {43},
 number = {2},
 month = jun,
 year = {2012},
 issn = {0163-5700},
 pages = {38--40},
 numpages = {3},
 url = {http://doi.acm.org/10.1145/2261417.2261428},
 doi = {10.1145/2261417.2261428},
 acmid = {2261428},
 publisher = {ACM},
 address = {New York, NY, USA},
}

@inproceedings{Lee:2013:GDU:2468356.2468381,
 author = {Lee, Michael J. and Ferwerda, Bruce and Choi, Junghong and Hahn, Jungpil and Moon, Jae Yun and Kim, Jinwoo},
 title = {GitHub Developers Use Rockstars to Overcome Overflow of News},
 booktitle = {CHI '13 Extended Abstracts on Human Factors in Computing Systems},
 series = {CHI EA '13},
 year = {2013},
 isbn = {978-1-4503-1952-2},
 location = {Paris, France},
 pages = {133--138},
 numpages = {6},
 url = {http://doi.acm.org/10.1145/2468356.2468381},
 doi = {10.1145/2468356.2468381},
 acmid = {2468381},
 publisher = {ACM},
 address = {New York, NY, USA},
 keywords = {GitHub, open source, social coding, social computing},
}

@inproceedings{Diaz:2015:BLM:2701973.2702024,
 author = {Diaz, Cristina and Del Pobil, Angel Pascual and Garcia, Azucena and Castilla, Diana and Miralles, Ignacio},
 title = {Body Language for Mood Induction Procedures},
 booktitle = {Proceedings of the Tenth Annual ACM/IEEE International Conference on Human-Robot Interaction Extended Abstracts},
 series = {HRI'15 Extended Abstracts},
 year = {2015},
 isbn = {978-1-4503-3318-4},
 location = {Portland, Oregon, USA},
 pages = {97--98},
 numpages = {2},
 url = {http://doi.acm.org/10.1145/2701973.2702024},
 doi = {10.1145/2701973.2702024},
 acmid = {2702024},
 publisher = {ACM},
 address = {New York, NY, USA},
 keywords = {human-robot interaction, mood induction procedure},
}

@inproceedings{Pemberton:2009:CAR:1599503.1599540,
 author = {Pemberton, Lyn and Winter, Marcus},
 title = {Collaborative Augmented Reality in Schools},
 booktitle = {Proceedings of the 9th International Conference on Computer Supported Collaborative Learning - Volume 2},
 series = {CSCL'09},
 year = {2009},
 isbn = {978-1-4092-8598-4},
 location = {Rhodes, Greece},
 pages = {109--111},
 numpages = {3},
 url = {http://dl.acm.org/citation.cfm?id=1599503.1599540},
 acmid = {1599540},
 publisher = {International Society of the Learning Sciences},
}

@inproceedings{Haslgrubler:2017:GGA:3131542.3140266,
 author = {Haslgr\"{u}bler, Michael and Murauer, Michaela and Ferscha, Alois},
 title = {Gazor: A Gaze Aware Industrial IoT-based Instructor},
 booktitle = {Proceedings of the Seventh International Conference on the Internet of Things},
 series = {IoT '17},
 year = {2017},
 isbn = {978-1-4503-5318-2},
 location = {Linz, Austria},
 pages = {30:1--30:2},
 articleno = {30},
 numpages = {2},
 url = {http://doi.acm.org/10.1145/3131542.3140266},
 doi = {10.1145/3131542.3140266},
 acmid = {3140266},
 publisher = {ACM},
 address = {New York, NY, USA},
 keywords = {gaze-based interaction, internet of things, pervasive computing, wearable computing},
}

@inproceedings{Chen:2008:AEP:1368044.1368067,
 author = {Chen, Yui-Liang and Lin, Gina},
 title = {An Accessibility Evaluation Platform: Borrowing from Web 2.0},
 booktitle = {Proceedings of the 2008 International Cross-disciplinary Conference on Web Accessibility (W4A)},
 series = {W4A '08},
 year = {2008},
 isbn = {978-1-60558-153-8},
 location = {Beijing, China},
 pages = {105--108},
 numpages = {4},
 url = {http://doi.acm.org/10.1145/1368044.1368067},
 doi = {10.1145/1368044.1368067},
 acmid = {1368067},
 publisher = {ACM},
 address = {New York, NY, USA},
 keywords = {accessibility, accessibility evaluation platform, accessible evaluation, web 2.0},
}

@inproceedings{Wijesooriya:2019:EVL:3306500.3306535,
 author = {Wijesooriya, Chinthake and Heales, Jon and Rohde, Fiona},
 title = {Evaluation of Virtual Learning Environment Characteristics in Learning Performance},
 booktitle = {Proceedings of the 10th International Conference on E-Education, E-Business, E-Management and E-Learning},
 series = {IC4E '19},
 year = {2019},
 isbn = {978-1-4503-6602-1},
 location = {Tokyo, Japan},
 pages = {259--263},
 numpages = {5},
 url = {http://doi.acm.org/10.1145/3306500.3306535},
 doi = {10.1145/3306500.3306535},
 acmid = {3306535},
 publisher = {ACM},
 address = {New York, NY, USA},
 keywords = {formal and informal learning systems, information systems, virtual learning environments},
}

@inproceedings{Tseng:2017:IFC:3027063.3053189,
 author = {Tseng, Yuan-Chi and Chiu, Yu-Chen},
 title = {The Influence of Fictitious Community Trend on Individual Physical Activity},
 booktitle = {Proceedings of the 2017 CHI Conference Extended Abstracts on Human Factors in Computing Systems},
 series = {CHI EA '17},
 year = {2017},
 isbn = {978-1-4503-4656-6},
 location = {Denver, Colorado, USA},
 pages = {2975--2981},
 numpages = {7},
 url = {http://doi.acm.org/10.1145/3027063.3053189},
 doi = {10.1145/3027063.3053189},
 acmid = {3053189},
 publisher = {ACM},
 address = {New York, NY, USA},
 keywords = {fictitious community, leaderboard, physical activity, social comparison, social learning},
}

@article{Orji:2013:LSG:2559051.2559081,
 author = {Orji, Rita and Vassileva, Julita and Mandryk, Regan L.},
 title = {LunchTime: A Slow-casual Game for Long-term Dietary Behavior Change},
 journal = {Personal Ubiquitous Comput.},
 issue_date = {August    2013},
 volume = {17},
 number = {6},
 month = aug,
 year = {2013},
 issn = {1617-4909},
 pages = {1211--1221},
 numpages = {11},
 url = {http://dx.doi.org/10.1007/s00779-012-0590-6},
 doi = {10.1007/s00779-012-0590-6},
 acmid = {2559081},
 publisher = {Springer-Verlag},
 address = {London, UK, UK},
 keywords = {Attitude change, Behavior change, Casual games, Design, Diet, Food, Goal-based, Health, Human factors, Nutrition, Persuasive game, Slow technology, Theory},
}

@inproceedings{Khan:2012:REP:2330601.2330655,
 author = {Khan, Tariq M. and Clear, Fintan and Sajadi, Samira Sadat},
 title = {The Relationship Between Educational Performance and Online Access Routines: Analysis of Students' Access to an Online Discussion Forum},
 booktitle = {Proceedings of the 2Nd International Conference on Learning Analytics and Knowledge},
 series = {LAK '12},
 year = {2012},
 isbn = {978-1-4503-1111-3},
 location = {Vancouver, British Columbia, Canada},
 pages = {226--229},
 numpages = {4},
 url = {http://doi.acm.org/10.1145/2330601.2330655},
 doi = {10.1145/2330601.2330655},
 acmid = {2330655},
 publisher = {ACM},
 address = {New York, NY, USA},
 keywords = {learning analytics, online discussion, participation patterns},
}

@article{Berger:1988:MIL:382236.382856,
 author = {Berger, Carl F. and Carlson, Elizabeth A.},
 title = {A Model for Incorporating Learning Theories into Preservice Computer Training},
 journal = {SIGCUE Outlook},
 issue_date = {Sept. 1988},
 volume = {20},
 number = {1},
 month = sep,
 year = {1988},
 issn = {0163-5735},
 pages = {32--46},
 numpages = {15},
 url = {http://doi.acm.org/10.1145/382236.382856},
 doi = {10.1145/382236.382856},
 acmid = {382856},
 publisher = {ACM},
 address = {New York, NY, USA},
}

@inproceedings{Khinda:2017:UGS:3084381.3084417,
 author = {Khinda, Ramanpreet and Parameswaran, Srikanth and Mitra, Gourab and Lin, Xiaolin and Verni, Christine and Kishore, Rajiv and Billittier, Anthony},
 title = {Use of Gamified Social Media with Home Telemonitoring for Patient Self-Management in Poorly Controlled Medicaid Diabetics: A Pilot Study of Health Outcomes, Social Influences, and Habit Formation},
 booktitle = {Proceedings of the 2017 ACM SIGMIS Conference on Computers and People Research},
 series = {SIGMIS-CPR '17},
 year = {2017},
 isbn = {978-1-4503-5037-2},
 location = {Bangalore, India},
 pages = {171--172},
 numpages = {2},
 url = {http://doi.acm.org/10.1145/3084381.3084417},
 doi = {10.1145/3084381.3084417},
 acmid = {3084417},
 publisher = {ACM},
 address = {New York, NY, USA},
 keywords = {app, diabetes, experiment, gamification, habit, medication adherence, self-care, social influence, social media, telemonitoring},
}

@inproceedings{Shillair:2015:YLS:2724660.2728697,
 author = {Shillair, Ruth and Wash, Rick},
 title = {Are You Listening?: Social Roles and Perceived Value of Statements in Online Learning Communities},
 booktitle = {Proceedings of the Second (2015) ACM Conference on Learning @ Scale},
 series = {L@S '15},
 year = {2015},
 isbn = {978-1-4503-3411-2},
 location = {Vancouver, BC, Canada},
 pages = {377--380},
 numpages = {4},
 url = {http://doi.acm.org/10.1145/2724660.2728697},
 doi = {10.1145/2724660.2728697},
 acmid = {2728697},
 publisher = {ACM},
 address = {New York, NY, USA},
 keywords = {attribution of value, moocs, online education, social status in online environments},
}

@inproceedings{Hundhausen:2000:SHF:633292.633391,
 author = {Hundhausen, Christopher and Douglas, Sarah},
 title = {Shifting from "High Fidelity" to "Low Fidelity" Algorithm Visualization Technology},
 booktitle = {CHI '00 Extended Abstracts on Human Factors in Computing Systems},
 series = {CHI EA '00},
 year = {2000},
 isbn = {1-58113-248-4},
 location = {The Hague, The Netherlands},
 pages = {179--180},
 numpages = {2},
 url = {http://doi.acm.org/10.1145/633292.633391},
 doi = {10.1145/633292.633391},
 acmid = {633391},
 publisher = {ACM},
 address = {New York, NY, USA},
 keywords = {algorithm visualization, computer science education},
}

@inproceedings{Kumpulainen:2008:STD:1599936.1599967,
 author = {Kumpulainen, Kristiina and Toom, Auli and Saalasti, Merja and Puroila, Mari},
 title = {Student Teachers' Discursive Voices of the Meaning of Digital Case Material for Their Professional Learning},
 booktitle = {Proceedings of the 8th International Conference on International Conference for the Learning Sciences - Volume 3},
 series = {ICLS'08},
 year = {2008},
 location = {Utrecht, The Netherlands},
 pages = {65--66},
 numpages = {2},
 url = {http://dl.acm.org/citation.cfm?id=1599936.1599967},
 acmid = {1599967},
 publisher = {International Society of the Learning Sciences},
}

@article{Xu:2013:WCT:2436256.2436272,
 author = {Xu, Zhengchuan and Hu, Qing and Zhang, Chenghong},
 title = {Why Computer Talents Become Computer Hackers},
 journal = {Commun. ACM},
 issue_date = {April 2013},
 volume = {56},
 number = {4},
 month = apr,
 year = {2013},
 issn = {0001-0782},
 pages = {64--74},
 numpages = {11},
 url = {http://doi.acm.org/10.1145/2436256.2436272},
 doi = {10.1145/2436256.2436272},
 acmid = {2436272},
 publisher = {ACM},
 address = {New York, NY, USA},
}

@inproceedings{Ghajargar:2015:MAD:2786567.2794327,
 author = {Ghajargar, Maliheh and Gargiulo, Eleonora and Giannantonio, Roberta},
 title = {Mobile Awareness: Design for Connectedness},
 booktitle = {Proceedings of the 17th International Conference on Human-Computer Interaction with Mobile Devices and Services Adjunct},
 series = {MobileHCI '15},
 year = {2015},
 isbn = {978-1-4503-3653-6},
 location = {Copenhagen, Denmark},
 pages = {1038--1041},
 numpages = {4},
 url = {http://doi.acm.org/10.1145/2786567.2794327},
 doi = {10.1145/2786567.2794327},
 acmid = {2794327},
 publisher = {ACM},
 address = {New York, NY, USA},
 keywords = {Connectedness, Ecological Thinking, Internet of Things, Persuasive Design, Self-Awareness, Sustainable Behavior},
}

@inproceedings{Gudes:2013:MAM:2535708.2535712,
 author = {Gudes, Ori and Usher, Wayne},
 title = {A Multi-dimensional Approach to Measure the Use of Social Media Tools in Accessing Health Information: A Case Study of Griffith University Students, Queensland, Australia},
 booktitle = {Proceedings of the Second ACM SIGSPATIAL International Workshop on the Use of GIS in Public Health},
 series = {HealthGIS '13},
 year = {2013},
 isbn = {978-1-4503-2529-5},
 location = {Orlando, Florida},
 pages = {31--39},
 numpages = {9},
 url = {http://doi.acm.org/10.1145/2535708.2535712},
 doi = {10.1145/2535708.2535712},
 acmid = {2535712},
 publisher = {ACM},
 address = {New York, NY, USA},
 keywords = {GeoHealth, accessing health information, e-health, qualitative analysis driven by spatial analysis, social media tools, spatial analysis},
}

@inproceedings{Yang:2016:EIB:2912160.2912225,
 author = {Yang, Tung-Mou and Wu, Yi-Jung},
 title = {Exploring the Information Behaviors of Government Officials in Open Data Initiatives},
 booktitle = {Proceedings of the 17th International Digital Government Research Conference on Digital Government Research},
 series = {dg.o '16},
 year = {2016},
 isbn = {978-1-4503-4339-8},
 location = {Shanghai, China},
 pages = {511--512},
 numpages = {2},
 url = {http://doi.acm.org/10.1145/2912160.2912225},
 doi = {10.1145/2912160.2912225},
 acmid = {2912225},
 publisher = {ACM},
 address = {New York, NY, USA},
 keywords = {Electronic Government, Information Behavior, Information Seeking, Open Data, Taiwan},
}

@inproceedings{Olivares:2017:SLA:3027385.3029472,
 author = {Olivares, Daniel M. and Hundhausen, Christopher D.},
 title = {Supporting Learning Analytics in Computing Education},
 booktitle = {Proceedings of the Seventh International Learning Analytics \&\#38; Knowledge Conference},
 series = {LAK '17},
 year = {2017},
 isbn = {978-1-4503-4870-6},
 location = {Vancouver, British Columbia, Canada},
 pages = {584--585},
 numpages = {2},
 url = {http://doi.acm.org/10.1145/3027385.3029472},
 doi = {10.1145/3027385.3029472},
 acmid = {3029472},
 publisher = {ACM},
 address = {New York, NY, USA},
 keywords = {OSBLE, computing education research, data collection, learning analytics, learning management system, social learning, visualizations},
}

@inproceedings{Muller:2012:LPT:2145204.2145245,
 author = {Muller, Michael},
 title = {Lurking As Personal Trait or Situational Disposition: Lurking and Contributing in Enterprise Social Media},
 booktitle = {Proceedings of the ACM 2012 Conference on Computer Supported Cooperative Work},
 series = {CSCW '12},
 year = {2012},
 isbn = {978-1-4503-1086-4},
 location = {Seattle, Washington, USA},
 pages = {253--256},
 numpages = {4},
 url = {http://doi.acm.org/10.1145/2145204.2145245},
 doi = {10.1145/2145204.2145245},
 acmid = {2145245},
 publisher = {ACM},
 address = {New York, NY, USA},
 keywords = {community-of-practice, enterprise, lurking},
}

@inproceedings{Desurvire:2008:MGA:1358628.1358827,
 author = {Desurvire, Heather and Wiberg, Charlotte},
 title = {Master of the Game: Assessing Approachability in Future Game Design},
 booktitle = {CHI '08 Extended Abstracts on Human Factors in Computing Systems},
 series = {CHI EA '08},
 year = {2008},
 isbn = {978-1-60558-012-8},
 location = {Florence, Italy},
 pages = {3177--3182},
 numpages = {6},
 url = {http://doi.acm.org/10.1145/1358628.1358827},
 doi = {10.1145/1358628.1358827},
 acmid = {1358827},
 publisher = {ACM},
 address = {New York, NY, USA},
 keywords = {game approachability, game design, method development, usability for video games},
}

@inproceedings{Lee:2018:IDN:3170427.3188488,
 author = {Lee, Jennifer and Jude, Alvin and Shirazipour, Meral and Forgeat, Julien},
 title = {"I Don'T Need to See That": Seeking, Avoiding, and Attempting to Control Video Content},
 booktitle = {Extended Abstracts of the 2018 CHI Conference on Human Factors in Computing Systems},
 series = {CHI EA '18},
 year = {2018},
 isbn = {978-1-4503-5621-3},
 location = {Montreal QC, Canada},
 pages = {LBW556:1--LBW556:6},
 articleno = {LBW556},
 numpages = {6},
 url = {http://doi.acm.org/10.1145/3170427.3188488},
 doi = {10.1145/3170427.3188488},
 acmid = {3188488},
 publisher = {ACM},
 address = {New York, NY, USA},
 keywords = {content filtering, interviews, parental control, video content, video interaction, video metadata},
}

@inproceedings{Arias-Aguilar:2017:ACH:3123818.3123837,
 author = {Arias-Aguilar, J. Anibal and Palacios-Villavicencio, M. Luz and Bretado-Gallegos, Roberto and Medina-Nieto, Mar\'{\i}a Auxilio and Ruiz, Antonio Benitez and Rodr\'{\i}guez-L\'{o}pez, Ver\'{o}nica and Estrada-Bautista, Jaqueline},
 title = {Analysis of Children: Humanoid Robot Interaction to Support Social Skills Development},
 booktitle = {Proceedings of the XVIII International Conference on Human Computer Interaction},
 series = {Interacci\&oacute;n '17},
 year = {2017},
 isbn = {978-1-4503-5229-1},
 location = {Cancun, Mexico},
 pages = {10:1--10:4},
 articleno = {10},
 numpages = {4},
 url = {http://doi.acm.org/10.1145/3123818.3123837},
 doi = {10.1145/3123818.3123837},
 acmid = {3123837},
 publisher = {ACM},
 address = {New York, NY, USA},
 keywords = {human centered computing, human-robot interaction, robot programming, social skills},
}

@inproceedings{Haslgrubler:2018:TEK:3197768.3201571,
 author = {Haslgr\"{u}bler, Michael and Ferscha, Alois and Heftberger, Josef},
 title = {Transferring Expert Knowledge Through Video Instructions},
 booktitle = {Proceedings of the 11th PErvasive Technologies Related to Assistive Environments Conference},
 series = {PETRA '18},
 year = {2018},
 isbn = {978-1-4503-6390-7},
 location = {Corfu, Greece},
 pages = {358--362},
 numpages = {5},
 url = {http://doi.acm.org/10.1145/3197768.3201571},
 doi = {10.1145/3197768.3201571},
 acmid = {3201571},
 publisher = {ACM},
 address = {New York, NY, USA},
 keywords = {Eye tracking, learning, wearable and pervasive computing},
}

@inproceedings{Gerritsen:2011:UAI:2052137.2052333,
 author = {Gerritsen, Charlotte},
 title = {Using Ambient Intelligence to Control Aggression in Crowds},
 booktitle = {Proceedings of the 2011 IEEE/WIC/ACM International Conferences on Web Intelligence and Intelligent Agent Technology - Volume 03},
 series = {WI-IAT '11},
 year = {2011},
 isbn = {978-0-7695-4513-4},
 pages = {53--56},
 numpages = {4},
 url = {https://doi.org/10.1109/WI-IAT.2011.25},
 doi = {10.1109/WI-IAT.2011.25},
 acmid = {2052333},
 publisher = {IEEE Computer Society},
 address = {Washington, DC, USA},
 keywords = {ambient intelligence, crowd simulation, aggression},
}

@inproceedings{Moody:2009:NVN:1542130.1542164,
 author = {Moody, Janette},
 title = {Nature Versus Nurture: An Examination of Factors That Contribute to IT Service Quality},
 booktitle = {Proceedings of the Special Interest Group on Management Information System's 47th Annual Conference on Computer Personnel Research},
 series = {SIGMIS CPR '09},
 year = {2009},
 isbn = {978-1-60558-427-0},
 location = {Limerick, Ireland},
 pages = {175--180},
 numpages = {6},
 url = {http://doi.acm.org/10.1145/1542130.1542164},
 doi = {10.1145/1542130.1542164},
 acmid = {1542164},
 publisher = {ACM},
 address = {New York, NY, USA},
 keywords = {is service, it professionals, organizational incentives., service orientation},
}

@inproceedings{Burke:2009:FMM:1518701.1518847,
 author = {Burke, Moira and Marlow, Cameron and Lento, Thomas},
 title = {Feed Me: Motivating Newcomer Contribution in Social Network Sites},
 booktitle = {Proceedings of the SIGCHI Conference on Human Factors in Computing Systems},
 series = {CHI '09},
 year = {2009},
 isbn = {978-1-60558-246-7},
 location = {Boston, MA, USA},
 pages = {945--954},
 numpages = {10},
 url = {http://doi.acm.org/10.1145/1518701.1518847},
 doi = {10.1145/1518701.1518847},
 acmid = {1518847},
 publisher = {ACM},
 address = {New York, NY, USA},
 keywords = {SNS, distribution, feedback, motivating contribution, online communities, production incentives, sharing, singling out, social learning, social network sites},
}

@inproceedings{Rousseau:1998:SMS:280765.280795,
 author = {Rousseau, Daniel and Hayes-Roth, Barbara},
 title = {A Social-psychological Model for Synthetic Actors},
 booktitle = {Proceedings of the Second International Conference on Autonomous Agents},
 series = {AGENTS '98},
 year = {1998},
 isbn = {0-89791-983-1},
 location = {Minneapolis, Minnesota, USA},
 pages = {165--172},
 numpages = {8},
 url = {http://doi.acm.org/10.1145/280765.280795},
 doi = {10.1145/280765.280795},
 acmid = {280795},
 publisher = {ACM},
 address = {New York, NY, USA},
 keywords = {believability, improvisation, synthetic actors},
}

@inproceedings{Edwards:2009:DCP:1621995.1622031,
 author = {Edwards, Richard L.},
 title = {Design Charrettes As Pedagogical Method in a Multimedia Design Course},
 booktitle = {Proceedings of the 27th ACM International Conference on Design of Communication},
 series = {SIGDOC '09},
 year = {2009},
 isbn = {978-1-60558-559-8},
 location = {Bloomington, Indiana, USA},
 pages = {181--186},
 numpages = {6},
 url = {http://doi.acm.org/10.1145/1621995.1622031},
 doi = {10.1145/1621995.1622031},
 acmid = {1622031},
 publisher = {ACM},
 address = {New York, NY, USA},
 keywords = {charrette, collaboration, creativity, design, design research, learning},
}

@inproceedings{Igartua:2014:CEH:2669711.2669915,
 author = {Igartua, Juan-Jos{\'e}},
 title = {Communication, Education and Health Promotion},
 booktitle = {Proceedings of the Second International Conference on Technological Ecosystems for Enhancing Multiculturality},
 series = {TEEM '14},
 year = {2014},
 isbn = {978-1-4503-2896-8},
 location = {Salamanca, Spain},
 pages = {309--310},
 numpages = {2},
 url = {http://doi.acm.org/10.1145/2669711.2669915},
 doi = {10.1145/2669711.2669915},
 acmid = {2669915},
 publisher = {ACM},
 address = {New York, NY, USA},
 keywords = {communication and education, e-health, entertainment-education, health communication, health promotion, narrative persuasion},
}

@article{Werner:2012:KYS:2167431.2167451,
 author = {Werner, Linda and Denner, Jill and O'Connor, Lisa},
 title = {Know Your Students to Increase Diversity: Results of a Study of Community College Women and Men in Computer Science Courses},
 journal = {J. Comput. Sci. Coll.},
 issue_date = {April 2012},
 volume = {27},
 number = {4},
 month = apr,
 year = {2012},
 issn = {1937-4771},
 pages = {100--111},
 numpages = {12},
 url = {http://dl.acm.org/citation.cfm?id=2167431.2167451},
 acmid = {2167451},
 publisher = {Consortium for Computing Sciences in Colleges},
 address = {USA},
}

@inproceedings{Blake:2006:MAC:1231047.1231087,
 author = {Blake, Errol A.},
 title = {The Management of Access Controls/Biometrics in Organizations},
 booktitle = {Proceedings of the 3rd Annual Conference on Information Security Curriculum Development},
 series = {InfoSecCD '06},
 year = {2006},
 isbn = {1-59593-437-5},
 location = {Kennesaw, Georgia},
 pages = {179--183},
 numpages = {5},
 url = {http://doi.acm.org/10.1145/1231047.1231087},
 doi = {10.1145/1231047.1231087},
 acmid = {1231087},
 publisher = {ACM},
 address = {New York, NY, USA},
 keywords = {IT spending, access control policy (ACP), authentication, cyber risk insurance, information technology (IT) information security (InfoSec), policy, return on investment (ROI), risk management, system specific policy (SSP), systems, trust},
}

@article{Kuhns:2002:ESL:601884.2134460,
 author = {Kuhns, Jennafer},
 title = {Evaluating Software From a Learning-Theory Perspective},
 journal = {eLearn},
 issue_date = {November 2002},
 volume = {2002},
 number = {11},
 month = nov,
 year = {2002},
 issn = {1535-394X},
 pages = {5--},
 url = {http://doi.acm.org/10.1145/601884.2134460},
 doi = {10.1145/601884.2134460},
 acmid = {2134460},
 publisher = {ACM},
 address = {New York, NY, USA},
}

@inproceedings{Johansen:2016:ELC:2971485.2971497,
 author = {Johansen, Simon Kristoffer and Kanstrup, Anne Marie},
 title = {Expanding the Locus of Control: Design of a Mobile Quantified Self-Tracking Application for Whiplash Patients},
 booktitle = {Proceedings of the 9th Nordic Conference on Human-Computer Interaction},
 series = {NordiCHI '16},
 year = {2016},
 isbn = {978-1-4503-4763-1},
 location = {Gothenburg, Sweden},
 pages = {59:1--59:10},
 articleno = {59},
 numpages = {10},
 url = {http://doi.acm.org/10.1145/2971485.2971497},
 doi = {10.1145/2971485.2971497},
 acmid = {2971497},
 publisher = {ACM},
 address = {New York, NY, USA},
 keywords = {Quantified self, ecological momentary assessments, health care, mobile technology, small data, social learning theory, whiplash},
}

@inproceedings{Villamarin-Salomon:2010:URS:1753326.1753382,
 author = {Villamar\'{\i}n-Salom\'{o}n, Ricardo Mark and Brustoloni, Jos{\'e} Carlos},
 title = {Using Reinforcement to Strengthen Users' Secure Behaviors},
 booktitle = {Proceedings of the SIGCHI Conference on Human Factors in Computing Systems},
 series = {CHI '10},
 year = {2010},
 isbn = {978-1-60558-929-9},
 location = {Atlanta, Georgia, USA},
 pages = {363--372},
 numpages = {10},
 url = {http://doi.acm.org/10.1145/1753326.1753382},
 doi = {10.1145/1753326.1753382},
 acmid = {1753382},
 publisher = {ACM},
 address = {New York, NY, USA},
 keywords = {audited dialogs, context-sensitive guidance, observational learning, operant conditioning, polymorphic dialogs, security-reinforcing application, social learning theory, vicarious learning, vicarious security reinforcement},
}

@inproceedings{Arroyave:2014:BCC:2669711.2669919,
 author = {Arroyave, Jes\'{u}s},
 title = {Behavior Change Communication Strategy for Yaws Elimination: A Strategic Approach},
 booktitle = {Proceedings of the Second International Conference on Technological Ecosystems for Enhancing Multiculturality},
 series = {TEEM '14},
 year = {2014},
 isbn = {978-1-4503-2896-8},
 location = {Salamanca, Spain},
 pages = {327--332},
 numpages = {6},
 url = {http://doi.acm.org/10.1145/2669711.2669919},
 doi = {10.1145/2669711.2669919},
 acmid = {2669919},
 publisher = {ACM},
 address = {New York, NY, USA},
 keywords = {behavior change communication, health communication, neglected diseases, yaws prevention},
}

@inproceedings{Moody:2001:EIS:371209.371230,
 author = {Moody, Janette},
 title = {Exploring the Inputs of IS Service},
 booktitle = {Proceedings of the 2001 ACM SIGCPR Conference on Computer Personnel Research},
 series = {SIGCPR '01},
 year = {2001},
 isbn = {1-58113-363-4},
 location = {San Diego, California, USA},
 pages = {162--165},
 numpages = {4},
 url = {http://doi.acm.org/10.1145/371209.371230},
 doi = {10.1145/371209.371230},
 acmid = {371230},
 publisher = {ACM},
 address = {New York, NY, USA},
 keywords = {information systems service, organizational variables, service instruments, service orientation of IS personnel},
}

@inproceedings{Ozgul:2013:CFI:2492517.2500319,
 author = {Ozgul, Fatih and Erdem, Zeki},
 title = {Which Crime Features Are Important for Criminal Network Members?},
 booktitle = {Proceedings of the 2013 IEEE/ACM International Conference on Advances in Social Networks Analysis and Mining},
 series = {ASONAM '13},
 year = {2013},
 isbn = {978-1-4503-2240-9},
 location = {Niagara, Ontario, Canada},
 pages = {1058--1060},
 numpages = {3},
 url = {http://doi.acm.org/10.1145/2492517.2500319},
 doi = {10.1145/2492517.2500319},
 acmid = {2500319},
 publisher = {ACM},
 address = {New York, NY, USA},
 keywords = {crime features, criminal networks, similarity},
}

@inproceedings{Carter:2016:LHM:2960310.2960322,
 author = {Carter, Adam S. and Hundhausen, Christopher D.},
 title = {With a Little Help From My Friends: An Empirical Study of the Interplay of Students' Social Activities, Programming Activities, and Course Success},
 booktitle = {Proceedings of the 2016 ACM Conference on International Computing Education Research},
 series = {ICER '16},
 year = {2016},
 isbn = {978-1-4503-4449-4},
 location = {Melbourne, VIC, Australia},
 pages = {201--209},
 numpages = {9},
 url = {http://doi.acm.org/10.1145/2960310.2960322},
 doi = {10.1145/2960310.2960322},
 acmid = {2960322},
 publisher = {ACM},
 address = {New York, NY, USA},
 keywords = {design, experimentation, human factors.},
}

@inproceedings{Nkwo:2018:PPC:3283458.3283490,
 author = {Nkwo, Makuochi and Orji, Rita and Ugah, John},
 title = {Persuasion for Promoting Clean and Sustainable Environment},
 booktitle = {Proceedings of the Second African Conference for Human Computer Interaction: Thriving Communities},
 series = {AfriCHI '18},
 year = {2018},
 isbn = {978-1-4503-6558-1},
 location = {Windhoek, Namibia},
 pages = {19:1--19:5},
 articleno = {19},
 numpages = {5},
 url = {http://doi.acm.org/10.1145/3283458.3283490},
 doi = {10.1145/3283458.3283490},
 acmid = {3283490},
 publisher = {ACM},
 address = {New York, NY, USA},
 keywords = {personalization, persuasive system design, persuasive technology techniques, recognition, social comparison, social influence strategies, social learning, waste disposal, waste management},
}

@inproceedings{Hubbard:2017:ELT:3027385.3027390,
 author = {Hubbard, Ryan and Sipolins, Aldis and Zhou, Lin},
 title = {Enhancing Learning Through Virtual Reality and Neurofeedback: A First Step},
 booktitle = {Proceedings of the Seventh International Learning Analytics \&\#38; Knowledge Conference},
 series = {LAK '17},
 year = {2017},
 isbn = {978-1-4503-4870-6},
 location = {Vancouver, British Columbia, Canada},
 pages = {398--403},
 numpages = {6},
 url = {http://doi.acm.org/10.1145/3027385.3027390},
 doi = {10.1145/3027385.3027390},
 acmid = {3027390},
 publisher = {ACM},
 address = {New York, NY, USA},
 keywords = {EEG, human-computer interaction, neurofeedback, virtual reality},
}

@inproceedings{Olivares:2015:ELA:2787622.2787746,
 author = {Olivares, Daniel},
 title = {Exploring Learning Analytics for Computing Education},
 booktitle = {Proceedings of the Eleventh Annual International Conference on International Computing Education Research},
 series = {ICER '15},
 year = {2015},
 isbn = {978-1-4503-3630-7},
 location = {Omaha, Nebraska, USA},
 pages = {271--272},
 numpages = {2},
 url = {http://doi.acm.org/10.1145/2787622.2787746},
 doi = {10.1145/2787622.2787746},
 acmid = {2787746},
 publisher = {ACM},
 address = {New York, NY, USA},
 keywords = {computing education, learning analytics, learning dashboard, social learning theory, social programming},
}

@inproceedings{Reddy:2017:EFI:3084381.3084429,
 author = {Reddy, Dinesh},
 title = {Exploring Factors Influencing Self-Efficacy in Information Security: An Empirical Analysis by Integrating Multiple Theoretical Perspectives in the Context of Using Protective Information Technologies},
 booktitle = {Proceedings of the 2017 ACM SIGMIS Conference on Computers and People Research},
 series = {SIGMIS-CPR '17},
 year = {2017},
 isbn = {978-1-4503-5037-2},
 location = {Bangalore, India},
 pages = {207--208},
 numpages = {2},
 url = {http://doi.acm.org/10.1145/3084381.3084429},
 doi = {10.1145/3084381.3084429},
 acmid = {3084429},
 publisher = {ACM},
 address = {New York, NY, USA},
 keywords = {awareness, education, security, self-efficacy, seta, training},
}

@article{Ram:2013:OMP:2534974.2537893,
 author = {Ram, Preetha},
 title = {From One-to-one to Many-to-many: Powering Peer Learning in Open Learning Environments},
 journal = {eLearn},
 issue_date = {10-01-2013},
 volume = {2013},
 number = {10},
 month = oct,
 year = {2013},
 issn = {1535-394X},
 articleno = {2},
 url = {http://doi.acm.org/10.1145/2534974.2537893},
 doi = {10.1145/2534974.2537893},
 acmid = {2537893},
 publisher = {ACM},
 address = {New York, NY, USA},
}

@inproceedings{McKellar:2017:EPF:3079452.3079497,
 author = {McKellar, Kerry and Sillence, Elizabeth and Smith, Michael A.},
 title = {Exploring the Preferences of Female Teenagers when Seeking Sexual Health Information Using Websites and Apps},
 booktitle = {Proceedings of the 2017 International Conference on Digital Health},
 series = {DH '17},
 year = {2017},
 isbn = {978-1-4503-5249-9},
 location = {London, United Kingdom},
 pages = {43--47},
 numpages = {5},
 url = {http://doi.acm.org/10.1145/3079452.3079497},
 doi = {10.1145/3079452.3079497},
 acmid = {3079497},
 publisher = {ACM},
 address = {New York, NY, USA},
 keywords = {mobile application, sexual health, teenagers},
}

@inproceedings{Fokker:2007:PBI:1763017.1763036,
 author = {Fokker, Jenneke and De Ridder, Huib and Westendorp, Piet and Pouwelse, Johan},
 title = {Psychological Backgrounds for Inducing Cooperation in Peer-to-peer Television},
 booktitle = {Proceedings of the 5th European Conference on Interactive TV and Video},
 series = {EuroITV '07},
 year = {2007},
 isbn = {978-3-540-72558-9},
 location = {Amsterdam, The Netherlands},
 pages = {136--145},
 numpages = {10},
 url = {http://dl.acm.org/citation.cfm?id=1763017.1763036},
 acmid = {1763036},
 publisher = {Springer-Verlag},
 address = {Berlin, Heidelberg},
 keywords = {(social) psychological theories, altruism, inducing cooperation, peer-to-peer technology},
}

@inproceedings{Chen:2004:PFB:1149126.1149140,
 author = {Chen, Fei-ching},
 title = {Passive Forum Behaviors (Lurking): A Community Perspective},
 booktitle = {Proceedings of the 6th International Conference on Learning Sciences},
 series = {ICLS '04},
 year = {2004},
 location = {Santa Monica, California},
 pages = {128--135},
 numpages = {8},
 url = {http://dl.acm.org/citation.cfm?id=1149126.1149140},
 acmid = {1149140},
 publisher = {International Society of the Learning Sciences},
}

@inproceedings{Rogers:2014:PFP:2669485.2669514,
 author = {Rogers, Katja and R\"{o}hlig, Amrei and Weing, Matthias and Gugenheimer, Jan and K\"{o}nings, Bastian and Klepsch, Melina and Schaub, Florian and Rukzio, Enrico and Seufert, Tina and Weber, Michael},
 title = {P.I.A.N.O.: Faster Piano Learning with Interactive Projection},
 booktitle = {Proceedings of the Ninth ACM International Conference on Interactive Tabletops and Surfaces},
 series = {ITS '14},
 year = {2014},
 isbn = {978-1-4503-2587-5},
 location = {Dresden, Germany},
 pages = {149--158},
 numpages = {10},
 url = {http://doi.acm.org/10.1145/2669485.2669514},
 doi = {10.1145/2669485.2669514},
 acmid = {2669514},
 publisher = {ACM},
 address = {New York, NY, USA},
 keywords = {camit, instrument learning, interactive projection, muscial expression, music, piano, piano roll notation},
}

@inproceedings{Su:2019:CLB:3309697.3331498,
 author = {Su, Lili and Zubeldia, Martin and Lynch, Nancy},
 title = {Collaboratively Learning the Best Option on Graphs, Using Bounded Local Memory},
 booktitle = {Abstracts of the 2019 SIGMETRICS/Performance Joint International Conference on Measurement and Modeling of Computer Systems},
 series = {SIGMETRICS '19},
 year = {2019},
 isbn = {978-1-4503-6678-6},
 location = {Phoenix, AZ, USA},
 pages = {1--2},
 numpages = {2},
 url = {http://doi.acm.org/10.1145/3309697.3331498},
 doi = {10.1145/3309697.3331498},
 acmid = {3331498},
 publisher = {ACM},
 address = {New York, NY, USA},
 keywords = {bio-inspired distributed algorithms, distributed systems, mean-field approximation},
}

@inproceedings{Wu:2017:EAF:3110025.3110155,
 author = {Wu, Chyi-In},
 title = {The Evolution of Adolescent's Friendship Networks with Body Mass Index},
 booktitle = {Proceedings of the 2017 IEEE/ACM International Conference on Advances in Social Networks Analysis and Mining 2017},
 series = {ASONAM '17},
 year = {2017},
 isbn = {978-1-4503-4993-2},
 location = {Sydney, Australia},
 pages = {886--891},
 numpages = {6},
 url = {http://doi.acm.org/10.1145/3110025.3110155},
 doi = {10.1145/3110025.3110155},
 acmid = {3110155},
 publisher = {ACM},
 address = {New York, NY, USA},
}

@inproceedings{Paredes:2012:MLP:2330601.2330617,
 author = {Paredes, Walter Christian and Chung, Kon Shing Kenneth},
 title = {Modelling Learning \&\#38; Performance: A Social Networks Perspective},
 booktitle = {Proceedings of the 2Nd International Conference on Learning Analytics and Knowledge},
 series = {LAK '12},
 year = {2012},
 isbn = {978-1-4503-1111-3},
 location = {Vancouver, British Columbia, Canada},
 pages = {34--42},
 numpages = {9},
 url = {http://doi.acm.org/10.1145/2330601.2330617},
 doi = {10.1145/2330601.2330617},
 acmid = {2330617},
 publisher = {ACM},
 address = {New York, NY, USA},
 keywords = {computer mediated communication, connectivism, learning, learning analytics, performance, situated learning, social learning, social networks},
}

@article{Carter:2017:BMP:3135995.3120259,
 author = {Carter, Adam S. and Hundhausen, Christopher D. and Adesope, Olusola},
 title = {Blending Measures of Programming and Social Behavior into Predictive Models of Student Achievement in Early Computing Courses},
 journal = {ACM Trans. Comput. Educ.},
 issue_date = {August 2017},
 volume = {17},
 number = {3},
 month = aug,
 year = {2017},
 issn = {1946-6226},
 pages = {12:1--12:20},
 articleno = {12},
 numpages = {20},
 url = {http://doi.acm.org/10.1145/3120259},
 doi = {10.1145/3120259},
 acmid = {3120259},
 publisher = {ACM},
 address = {New York, NY, USA},
 keywords = {Learning analytics, learning interventions, learning process data},
}

@inproceedings{DiFranzo:2019:SMT:3290605.3300533,
 author = {DiFranzo, Dominic and Choi, Yoon Hyung and Purington, Amanda and Taft, Jessie G. and Whitlock, Janis and Bazarova, Natalya N.},
 title = {Social Media TestDrive: Real-World Social Media Education for the Next Generation},
 booktitle = {Proceedings of the 2019 CHI Conference on Human Factors in Computing Systems},
 series = {CHI '19},
 year = {2019},
 isbn = {978-1-4503-5970-2},
 location = {Glasgow, Scotland Uk},
 pages = {303:1--303:11},
 articleno = {303},
 numpages = {11},
 url = {http://doi.acm.org/10.1145/3290605.3300533},
 doi = {10.1145/3290605.3300533},
 acmid = {3300533},
 publisher = {ACM},
 address = {New York, NY, USA},
 keywords = {digital citizen, education, social media, youth development},
}

@article{Papargyris:2005:LFP:1067699.1067706,
 author = {Papargyris, Anthony and Poulymenakou, Angeliki},
 title = {Learning to Fly in Persistent Digital Worlds: The Case of Massively Multiplayer Online Role Playing Games},
 journal = {SIGGROUP Bull.},
 issue_date = {January 2005},
 volume = {25},
 number = {1},
 month = jan,
 year = {2005},
 issn = {2372-7403},
 pages = {41--49},
 numpages = {9},
 url = {http://doi.acm.org/10.1145/1067699.1067706},
 doi = {10.1145/1067699.1067706},
 acmid = {1067706},
 publisher = {ACM},
 address = {New York, NY, USA},
 keywords = {communities of practice, legitimate peripheral participation, massively multiplayer online role-playing games, virtual communities},
}

@inproceedings{Hoadley:1999:ICM:1150240.1150270,
 author = {Hoadley, Christopher M. and Enyedy, Noel},
 title = {Between Information and Communication: Middle Spaces in Computer Media for Learning},
 booktitle = {Proceedings of the 1999 Conference on Computer Support for Collaborative Learning},
 series = {CSCL '99},
 year = {1999},
 location = {Palo Alto, California},
 articleno = {30},
 url = {http://dl.acm.org/citation.cfm?id=1150240.1150270},
 acmid = {1150270},
 publisher = {International Society of the Learning Sciences},
 keywords = {collaboration, interaction \& design tradeoffs},
}

@inproceedings{Ericson:2016:SRU:2839509.2844623,
 author = {Ericson, Barbara J. and Parker, Miranda C. and Engelman, Shelly},
 title = {Sisters Rise Up 4 CS: Helping Female Students Pass the Advanced Placement Computer Science A Exam},
 booktitle = {Proceedings of the 47th ACM Technical Symposium on Computing Science Education},
 series = {SIGCSE '16},
 year = {2016},
 isbn = {978-1-4503-3685-7},
 location = {Memphis, Tennessee, USA},
 pages = {309--314},
 numpages = {6},
 url = {http://doi.acm.org/10.1145/2839509.2844623},
 doi = {10.1145/2839509.2844623},
 acmid = {2844623},
 publisher = {ACM},
 address = {New York, NY, USA},
 keywords = {advanced placement computer science, financial incentives, gender issues, near-peer mentors, underrepresented minorities},
}

@inproceedings{Kamal:2010:OSN:1878151.1878167,
 author = {Kamal, Noreen and Fels, Sidney and Ho, Kendall},
 title = {Online Social Networks for Personal Informatics to Promote Positive Health Behavior},
 booktitle = {Proceedings of Second ACM SIGMM Workshop on Social Media},
 series = {WSM '10},
 year = {2010},
 isbn = {978-1-4503-0173-2},
 location = {Firenze, Italy},
 pages = {47--52},
 numpages = {6},
 url = {http://doi.acm.org/10.1145/1878151.1878167},
 doi = {10.1145/1878151.1878167},
 acmid = {1878167},
 publisher = {ACM},
 address = {New York, NY, USA},
 keywords = {health behavior change, life logging, personal health informatics, personal health management, personal informatics},
}

@inproceedings{Helps:2006:IDT:1168812.1168845,
 author = {Helps, C. Richard G.},
 title = {Instructional Design Theory Provides Insights into Evolving Information Technology Technical Curricula},
 booktitle = {Proceedings of the 7th Conference on Information Technology Education},
 series = {SIGITE '06},
 year = {2006},
 isbn = {1-59593-521-5},
 location = {Minneapolis, Minnesota, USA},
 pages = {129--134},
 numpages = {6},
 url = {http://doi.acm.org/10.1145/1168812.1168845},
 doi = {10.1145/1168812.1168845},
 acmid = {1168845},
 publisher = {ACM},
 address = {New York, NY, USA},
 keywords = {Moore's law, UML, curriculum design, instructional design theory, learning theory, technology evolution},
}

@inproceedings{Chow:2007:CDP:1324302.1324308,
 author = {Chow, Tsun and Chmura, Alan and Linberg, Kurt},
 title = {Curriculum Design for a PhD Specialization in IT Education},
 booktitle = {Proceedings of the 8th ACM SIGITE Conference on Information Technology Education},
 series = {SIGITE '07},
 year = {2007},
 isbn = {978-1-59593-920-3},
 location = {Destin, Florida, USA},
 pages = {21--26},
 numpages = {6},
 url = {http://doi.acm.org/10.1145/1324302.1324308},
 doi = {10.1145/1324302.1324308},
 acmid = {1324308},
 publisher = {ACM},
 address = {New York, NY, USA},
 keywords = {IT education, core competencies, course design, curriculum design, lessons learned},
}

@article{Cronan:2006:PCC:1132469.1132472,
 author = {Cronan, Timothy Paul and Foltz, C. Bryan and Jones, Thomas W.},
 title = {Piracy, Computer Crime, and IS Misuse at the University},
 journal = {Commun. ACM},
 issue_date = {June 2006},
 volume = {49},
 number = {6},
 month = jun,
 year = {2006},
 issn = {0001-0782},
 pages = {84--90},
 numpages = {7},
 url = {http://doi.acm.org/10.1145/1132469.1132472},
 doi = {10.1145/1132469.1132472},
 acmid = {1132472},
 publisher = {ACM},
 address = {New York, NY, USA},
}

@article{Carter:1999:GPW:384267.305824,
 author = {Carter, Janet and Jenkins, Tony},
 title = {Gender and Programming: What's Going on?},
 journal = {SIGCSE Bull.},
 issue_date = {Sept. 1999},
 volume = {31},
 number = {3},
 month = jun,
 year = {1999},
 issn = {0097-8418},
 pages = {1--4},
 numpages = {4},
 url = {http://doi.acm.org/10.1145/384267.305824},
 doi = {10.1145/384267.305824},
 acmid = {305824},
 publisher = {ACM},
 address = {New York, NY, USA},
 keywords = {gender, programming},
}

@inproceedings{Carter:1999:GPW:305786.305824,
 author = {Carter, Janet and Jenkins, Tony},
 title = {Gender and Programming: What's Going on?},
 booktitle = {Proceedings of the 4th Annual SIGCSE/SIGCUE ITiCSE Conference on Innovation and Technology in Computer Science Education},
 series = {ITiCSE '99},
 year = {1999},
 isbn = {1-58113-087-2},
 location = {Cracow, Poland},
 pages = {1--4},
 numpages = {4},
 url = {http://doi.acm.org/10.1145/305786.305824},
 doi = {10.1145/305786.305824},
 acmid = {305824},
 publisher = {ACM},
 address = {New York, NY, USA},
 keywords = {gender, programming},
}

@inproceedings{Seering:2017:SPA:2998181.2998277,
 author = {Seering, Joseph and Kraut, Robert and Dabbish, Laura},
 title = {Shaping Pro and Anti-Social Behavior on Twitch Through Moderation and Example-Setting},
 booktitle = {Proceedings of the 2017 ACM Conference on Computer Supported Cooperative Work and Social Computing},
 series = {CSCW '17},
 year = {2017},
 isbn = {978-1-4503-4335-0},
 location = {Portland, Oregon, USA},
 pages = {111--125},
 numpages = {15},
 url = {http://doi.acm.org/10.1145/2998181.2998277},
 doi = {10.1145/2998181.2998277},
 acmid = {2998277},
 publisher = {ACM},
 address = {New York, NY, USA},
 keywords = {authority and imitation, chatroom behavior, moderation strategies},
}

@inproceedings{Barenbrock:2018:VAW:3170427.3188634,
 author = {Barenbrock, Anna and Herrlich, Marc and Gerling, Kathrin Maria and Smeddinck, Jan David and Malaka, Rainer},
 title = {Varying Avatar Weight to Increase Player Motivation: Challenges of a Gaming Setup},
 booktitle = {Extended Abstracts of the 2018 CHI Conference on Human Factors in Computing Systems},
 series = {CHI EA '18},
 year = {2018},
 isbn = {978-1-4503-5621-3},
 location = {Montreal QC, Canada},
 pages = {LBW066:1--LBW066:6},
 articleno = {LBW066},
 numpages = {6},
 url = {http://doi.acm.org/10.1145/3170427.3188634},
 doi = {10.1145/3170427.3188634},
 acmid = {3188634},
 publisher = {ACM},
 address = {New York, NY, USA},
 keywords = {avatar appearance, body weight, exergames, game design, physical exercises, player motivation},
}

@article{Bower:2007:ISA:1269900.1268827,
 author = {Bower, Matt},
 title = {Independent, Synchronous and Asynchronous an Analysis of Approaches to Online Concept Formation},
 journal = {SIGCSE Bull.},
 issue_date = {September 2007},
 volume = {39},
 number = {3},
 month = jun,
 year = {2007},
 issn = {0097-8418},
 pages = {141--145},
 numpages = {5},
 url = {http://doi.acm.org/10.1145/1269900.1268827},
 doi = {10.1145/1269900.1268827},
 acmid = {1268827},
 publisher = {ACM},
 address = {New York, NY, USA},
 keywords = {concept formation, groupwork, online learning, pedagogy, technology enhanced learning, virtual classroom, wiki},
}

@inproceedings{Bower:2007:ISA:1268784.1268827,
 author = {Bower, Matt},
 title = {Independent, Synchronous and Asynchronous an Analysis of Approaches to Online Concept Formation},
 booktitle = {Proceedings of the 12th Annual SIGCSE Conference on Innovation and Technology in Computer Science Education},
 series = {ITiCSE '07},
 year = {2007},
 isbn = {978-1-59593-610-3},
 location = {Dundee, Scotland},
 pages = {141--145},
 numpages = {5},
 url = {http://doi.acm.org/10.1145/1268784.1268827},
 doi = {10.1145/1268784.1268827},
 acmid = {1268827},
 publisher = {ACM},
 address = {New York, NY, USA},
 keywords = {concept formation, groupwork, online learning, pedagogy, technology enhanced learning, virtual classroom, wiki},
}

@inproceedings{Brannen:2009:BNB:1499224.1499257,
 author = {Brannen, Mary Yoko and Garcia, Dominie and Thomas, David C.},
 title = {Biculturals As Natural Bridges for Intercultural Communication and Collaboration},
 booktitle = {Proceedings of the 2009 International Workshop on Intercultural Collaboration},
 series = {IWIC '09},
 year = {2009},
 isbn = {978-1-60558-502-4},
 location = {Palo Alto, California, USA},
 pages = {207--210},
 numpages = {4},
 url = {http://doi.acm.org/10.1145/1499224.1499257},
 doi = {10.1145/1499224.1499257},
 acmid = {1499257},
 publisher = {ACM},
 address = {New York, NY, USA},
 keywords = {biculturalism, cultural intelligence., intercultural collaboration and communication, international management, metacognition, organization studies},
}

@inproceedings{Barreto:2013:IMD:2499149.2499162,
 author = {Barreto, Mary and Sz\'{o}stek, Agnieszka and Karapanos, Evangelos},
 title = {An Initial Model for Designing Socially Translucent Systems for Behavior Change},
 booktitle = {Proceedings of the Biannual Conference of the Italian Chapter of SIGCHI},
 series = {CHItaly '13},
 year = {2013},
 isbn = {978-1-4503-2061-0},
 location = {Trento, Italy},
 pages = {8:1--8:4},
 articleno = {8},
 numpages = {4},
 url = {http://doi.acm.org/10.1145/2499149.2499162},
 doi = {10.1145/2499149.2499162},
 acmid = {2499162},
 publisher = {ACM},
 address = {New York, NY, USA},
 keywords = {behavior change, conceptual model, social translucence},
}

@inproceedings{Ertelt:2006:MDE:1150034.1150057,
 author = {Ertelt, Anna and Renkl, Alexander and Spada, Hans},
 title = {Making a Difference: Exploiting the Full Potential of Instructionally Designed On-screen Videos},
 booktitle = {Proceedings of the 7th International Conference on Learning Sciences},
 series = {ICLS '06},
 year = {2006},
 isbn = {0-8058-6174-2},
 location = {Bloomington, Indiana},
 pages = {154--160},
 numpages = {7},
 url = {http://dl.acm.org/citation.cfm?id=1150034.1150057},
 acmid = {1150057},
 publisher = {International Society of the Learning Sciences},
}

@inproceedings{Nkwo:2018:MPP:3283458.3283515,
 author = {Nkwo, Makuochi and Orji, Rita and Ugah, John},
 title = {Mobile Persuasion: Promoting Clean and Sustainable Environment},
 booktitle = {Proceedings of the Second African Conference for Human Computer Interaction: Thriving Communities},
 series = {AfriCHI '18},
 year = {2018},
 isbn = {978-1-4503-6558-1},
 location = {Windhoek, Namibia},
 pages = {45:1--45:4},
 articleno = {45},
 numpages = {4},
 url = {http://doi.acm.org/10.1145/3283458.3283515},
 doi = {10.1145/3283458.3283515},
 acmid = {3283515},
 publisher = {ACM},
 address = {New York, NY, USA},
 keywords = {persuasive system design techniques, persuasive technology},
}

@inproceedings{Langley:2008:SCM:1409240.1409303,
 author = {Langley, David and Pals, Nico},
 title = {The Social Contagion of Mobile Television},
 booktitle = {Proceedings of the 10th International Conference on Human Computer Interaction with Mobile Devices and Services},
 series = {MobileHCI '08},
 year = {2008},
 isbn = {978-1-59593-952-4},
 location = {Amsterdam, The Netherlands},
 pages = {419--422},
 numpages = {4},
 url = {http://doi.acm.org/10.1145/1409240.1409303},
 doi = {10.1145/1409240.1409303},
 acmid = {1409303},
 publisher = {ACM},
 address = {New York, NY, USA},
 keywords = {DVB-H, imitation, new product adoption},
}

@article{McHugh:2005:ISR:1064830.1064833,
 author = {McHugh, James A. M. and Deek, Fadi P.},
 title = {An Incentive System for Reducing Malware Attacks},
 journal = {Commun. ACM},
 issue_date = {June 2005},
 volume = {48},
 number = {6},
 month = jun,
 year = {2005},
 issn = {0001-0782},
 pages = {94--99},
 numpages = {6},
 url = {http://doi.acm.org/10.1145/1064830.1064833},
 doi = {10.1145/1064830.1064833},
 acmid = {1064833},
 publisher = {ACM},
 address = {New York, NY, USA},
}

@inproceedings{Breuer:2011:FPE:2159365.2159399,
 author = {Breuer, Johannes},
 title = {(In)Formative Play: The Effects of Digital Games on Creativity and Problem-solving Skills},
 booktitle = {Proceedings of the 6th International Conference on Foundations of Digital Games},
 series = {FDG '11},
 year = {2011},
 isbn = {978-1-4503-0804-5},
 location = {Bordeaux, France},
 pages = {241--243},
 numpages = {3},
 url = {http://doi.acm.org/10.1145/2159365.2159399},
 doi = {10.1145/2159365.2159399},
 acmid = {2159399},
 publisher = {ACM},
 address = {New York, NY, USA},
 keywords = {cognitive schemata, creativity, digital games, problem-solving},
}

@inproceedings{Zhang:2016:AHF:2968219.2968439,
 author = {Zhang, Chao and van Wissen, Arlette and Lakens, Dani\"{e}l and Vanschoren, Joaquin and de Ruyter, Boris and IJsselsteijn, Wijnand A.},
 title = {Anticipating Habit Formation: A Psychological Computing Approach to Behavior Change Support},
 booktitle = {Proceedings of the 2016 ACM International Joint Conference on Pervasive and Ubiquitous Computing: Adjunct},
 series = {UbiComp '16},
 year = {2016},
 isbn = {978-1-4503-4462-3},
 location = {Heidelberg, Germany},
 pages = {1247--1254},
 numpages = {8},
 url = {http://doi.acm.org/10.1145/2968219.2968439},
 doi = {10.1145/2968219.2968439},
 acmid = {2968439},
 publisher = {ACM},
 address = {New York, NY, USA},
 keywords = {behavior change, decision support, habit, mobile health intervention, psychological computing},
}

@inproceedings{Lee:2018:DGD:3234825.3234826,
 author = {Lee, P. Y. and Lau, K. W.},
 title = {A Digital Games Design for Children Health Promotion and Education in Hong Kong},
 booktitle = {Proceedings of the 2018 The 3rd International Conference on Information and Education Innovations},
 series = {ICIEI 2018},
 year = {2018},
 isbn = {978-1-4503-6440-9},
 location = {London, United Kingdom},
 pages = {1--5},
 numpages = {5},
 url = {http://doi.acm.org/10.1145/3234825.3234826},
 doi = {10.1145/3234825.3234826},
 acmid = {3234826},
 publisher = {ACM},
 address = {New York, NY, USA},
 keywords = {Communication Design, Digital Games Design, Health Promotion and Education, Serious Games},
}

@article{Glowacki:2018:MPS:3190768.3178556,
 author = {Glowacki, Becca Rose},
 title = {Mixed Play Spaces: Augmenting Digital Storytelling with Tactile Objects},
 journal = {Interactions},
 issue_date = {March-April 2018},
 volume = {25},
 number = {2},
 month = feb,
 year = {2018},
 issn = {1072-5520},
 pages = {58--63},
 numpages = {6},
 url = {http://doi.acm.org/10.1145/3178556},
 doi = {10.1145/3178556},
 acmid = {3178556},
 publisher = {ACM},
 address = {New York, NY, USA},
}

@proceedings{Nakayama:2018:3290511,
 title = {ICETC '18: Proceedings of the 10th International Conference on Education Technology and Computers},
 year = {2018},
 isbn = {978-1-4503-6517-8},
 location = {Tokyo, Japan},
 publisher = {ACM},
 address = {New York, NY, USA},
}

@inproceedings{Mueller:2007:BFI:1324892.1324922,
 author = {Mueller, Florian 'Floyd' and Agamanolis, Stefan and Vetere, Frank and Gibbs, Martin},
 title = {Brute Force As Input for Networked Gaming},
 booktitle = {Proceedings of the 19th Australasian Conference on Computer-Human Interaction: Entertaining User Interfaces},
 series = {OZCHI '07},
 year = {2007},
 isbn = {978-1-59593-872-5},
 location = {Adelaide, Australia},
 pages = {167--170},
 numpages = {4},
 url = {http://doi.acm.org/10.1145/1324892.1324922},
 doi = {10.1145/1324892.1324922},
 acmid = {1324922},
 publisher = {ACM},
 address = {New York, NY, USA},
 keywords = {active, blunt force, brute force, design space, exertion interface, exhausting, framework, interaction, physical, social, sports, tangible, team spirit, videoconferencing},
}

@inproceedings{Garcia-Mendez:2018:ANL:3192714.3192837,
 author = {Garc\'{\i}a-M{\'e}ndez, Silvia and Fern\'{a}ndez-Gavilanes, Milagros and Costa-Montenegro, Enrique and Juncal-Mart\'{\i}nez, Jonathan and Gonz\'{a}lez-Casta\~{n}o, Francisco Javier},
 title = {Automatic Natural Language Generation Applied to Alternative and Augmentative Communication for Online Video Content Services Using SimpleNLG for Spanish},
 booktitle = {Proceedings of the Internet of Accessible Things},
 series = {W4A '18},
 year = {2018},
 isbn = {978-1-4503-5651-0},
 location = {Lyon, France},
 pages = {19:1--19:4},
 articleno = {19},
 numpages = {4},
 url = {http://doi.acm.org/10.1145/3192714.3192837},
 doi = {10.1145/3192714.3192837},
 acmid = {3192837},
 publisher = {ACM},
 address = {New York, NY, USA},
 keywords = {Alternative and Augmentative Communication, Natural Language Generation, Online Video Content Services, SimpleNLG, Spanish},
}

@inproceedings{Schaffner:1996:BLW:1161135.1161206,
 author = {Schaffner, Andrew and Graf, Edith A. and Madigan, David and Minstrell, Jim and Hunt, Earl and Nason, Martha},
 title = {Benchmark Lessons and the World Wide Web: Tools for Teaching Statistics},
 booktitle = {Proceedings of the 1996 International Conference on Learning Sciences},
 series = {ICLS '96},
 year = {1996},
 isbn = {1-880094-23-1},
 location = {Evanston, Illinois},
 pages = {480--485},
 numpages = {6},
 url = {http://dl.acm.org/citation.cfm?id=1161135.1161206},
 acmid = {1161206},
 publisher = {International Society of the Learning Sciences},
}

@inproceedings{Zegura:2013:CBC:2517899.2517936,
 author = {Zegura, Ellen W. and Grinter, Rebecca E.},
 title = {Community Building for Capacity Building: Case Study of Liberia's iLab},
 booktitle = {Proceedings of the Sixth International Conference on Information and Communications Technologies and Development: Notes - Volume 2},
 series = {ICTD '13},
 year = {2013},
 isbn = {978-1-4503-1907-2},
 location = {Cape Town, South Africa},
 pages = {171--174},
 numpages = {4},
 url = {http://doi.acm.org/10.1145/2517899.2517936},
 doi = {10.1145/2517899.2517936},
 acmid = {2517936},
 publisher = {ACM},
 address = {New York, NY, USA},
 keywords = {ICTD, community of practice, computing education},
}

@inproceedings{Ulgado:2013:VMV:2485760.2485870,
 author = {Ulgado, Rachel Rose and Nguyen, Katherine and Custodio, Van Erick and Waterhouse, Aaron and Weiner, Rachel and Hayes, Gillian},
 title = {VidCoach: A Mobile Video Modeling System for Youth with Special Needs},
 booktitle = {Proceedings of the 12th International Conference on Interaction Design and Children},
 series = {IDC '13},
 year = {2013},
 isbn = {978-1-4503-1918-8},
 location = {New York, New York, USA},
 pages = {581--584},
 numpages = {4},
 url = {http://doi.acm.org/10.1145/2485760.2485870},
 doi = {10.1145/2485760.2485870},
 acmid = {2485870},
 publisher = {ACM},
 address = {New York, NY, USA},
 keywords = {assistive technology, autism spectrum disorder, children, education, teens, video modeling},
}

@inproceedings{Carter:2016:TWD:2912160.2912210,
 author = {Carter, Lemuria and McBride, Maranda},
 title = {Texting While Driving Among Teens: Exploring User Perceptions to Identify Policy Recommendations},
 booktitle = {Proceedings of the 17th International Digital Government Research Conference on Digital Government Research},
 series = {dg.o '16},
 year = {2016},
 isbn = {978-1-4503-4339-8},
 location = {Shanghai, China},
 pages = {375--378},
 numpages = {4},
 url = {http://doi.acm.org/10.1145/2912160.2912210},
 doi = {10.1145/2912160.2912210},
 acmid = {2912210},
 publisher = {ACM},
 address = {New York, NY, USA},
 keywords = {e-government, general deterrence theory, protection motivation theory, texting while driving, transportation safety},
}

@inproceedings{Tanaka:2018:LSA:3242969.3242970,
 author = {Tanaka, Hiroki and Negoro, Hideki and Iwasaka, Hidemi and Nakamura, Satoshi},
 title = {Listening Skills Assessment Through Computer Agents},
 booktitle = {Proceedings of the 20th ACM International Conference on Multimodal Interaction},
 series = {ICMI '18},
 year = {2018},
 isbn = {978-1-4503-5692-3},
 location = {Boulder, CO, USA},
 pages = {492--496},
 numpages = {5},
 url = {http://doi.acm.org/10.1145/3242969.3242970},
 doi = {10.1145/3242969.3242970},
 acmid = {3242970},
 publisher = {ACM},
 address = {New York, NY, USA},
 keywords = {computer agents, listening, prediction, social skills training},
}

@inproceedings{Colusso:2016:DCI:2858036.2858206,
 author = {Colusso, Lucas and Hsieh, Gary and Munson, Sean A.},
 title = {Designing Closeness to Increase Gamers' Performance},
 booktitle = {Proceedings of the 2016 CHI Conference on Human Factors in Computing Systems},
 series = {CHI '16},
 year = {2016},
 isbn = {978-1-4503-3362-7},
 location = {San Jose, California, USA},
 pages = {3020--3024},
 numpages = {5},
 url = {http://doi.acm.org/10.1145/2858036.2858206},
 doi = {10.1145/2858036.2858206},
 acmid = {2858206},
 publisher = {ACM},
 address = {New York, NY, USA},
 keywords = {games and play, social comparison},
}

@inproceedings{Wu:2018:DRM:3178158.3178178,
 author = {Wu, Chun-Ping and Tu, Jie and Wu, Shu-ling},
 title = {Design a Reflective Mechanism to Engage Students in Student-constructed Test Activity},
 booktitle = {Proceedings of the 6th International Conference on Information and Education Technology},
 series = {ICIET '18},
 year = {2018},
 isbn = {978-1-4503-5359-5},
 location = {Osaka, Japan},
 pages = {106--110},
 numpages = {5},
 url = {http://doi.acm.org/10.1145/3178158.3178178},
 doi = {10.1145/3178158.3178178},
 acmid = {3178178},
 publisher = {ACM},
 address = {New York, NY, USA},
 keywords = {board game, game-based learning, student-constructed test},
}

@inproceedings{Kim:2010:EPS:1841853.1841884,
 author = {Kim, Kwanghyun},
 title = {Emergent Psychological States in Global Virtual Teams: A Mediating Role of Task-related Information and Perspectives Elaboration},
 booktitle = {Proceedings of the 3rd International Conference on Intercultural Collaboration},
 series = {ICIC '10},
 year = {2010},
 isbn = {978-1-4503-0108-4},
 location = {Copenhagen, Denmark},
 pages = {191--194},
 numpages = {4},
 url = {http://doi.acm.org/10.1145/1841853.1841884},
 doi = {10.1145/1841853.1841884},
 acmid = {1841884},
 publisher = {ACM},
 address = {New York, NY, USA},
 keywords = {emergent psychological states, global virtual team},
}

@inproceedings{Farrell:2011:CEP:2071536.2071552,
 author = {Farrell, Vivienne and Farrell, Graham and Von Baggo, Karola and Mouzakis, Kon},
 title = {Courtroom Evidence Presentation Technology: Overcoming Traditional Barriers},
 booktitle = {Proceedings of the 23rd Australian Computer-Human Interaction Conference},
 series = {OzCHI '11},
 year = {2011},
 isbn = {978-1-4503-1090-1},
 location = {Canberra, Australia},
 pages = {108--111},
 numpages = {4},
 url = {http://doi.acm.org/10.1145/2071536.2071552},
 doi = {10.1145/2071536.2071552},
 acmid = {2071552},
 publisher = {ACM},
 address = {New York, NY, USA},
 keywords = {barriers, courtroom technology, evidence, jury, presentation},
}

@article{Entin:1983:THI:952978.801012,
 author = {Entin, Eileen B.},
 title = {Teaching Human-computer Interaction in Introductory Courses},
 journal = {SIGCSE Bull.},
 issue_date = {February 1983},
 volume = {15},
 number = {1},
 month = feb,
 year = {1983},
 issn = {0097-8418},
 pages = {51--56},
 numpages = {6},
 url = {http://doi.acm.org/10.1145/952978.801012},
 doi = {10.1145/952978.801012},
 acmid = {801012},
 publisher = {ACM},
 address = {New York, NY, USA},
}

@inproceedings{Entin:1983:THI:800038.801012,
 author = {Entin, Eileen B.},
 title = {Teaching Human-computer Interaction in Introductory Courses},
 booktitle = {Proceedings of the Fourteenth SIGCSE Technical Symposium on Computer Science Education},
 series = {SIGCSE '83},
 year = {1983},
 isbn = {0-89791-091-5},
 location = {Orlando, Florida, USA},
 pages = {51--56},
 numpages = {6},
 url = {http://doi.acm.org/10.1145/800038.801012},
 doi = {10.1145/800038.801012},
 acmid = {801012},
 publisher = {ACM},
 address = {New York, NY, USA},
}

@inproceedings{Yang:2017:UTT:3080631.3080635,
 author = {Yang, Chi-Lan and Liu, Ching and Wang, Hao-Chuan},
 title = {Understanding Task Transfer in Workplace: Interaction Among Human, Artifact, and Context},
 booktitle = {Proceedings of the Fifth International Symposium of Chinese CHI},
 series = {Chinese CHI 2017},
 year = {2017},
 isbn = {978-1-4503-5308-3},
 location = {Guangzhou, China},
 pages = {16--21},
 numpages = {6},
 url = {http://doi.acm.org/10.1145/3080631.3080635},
 doi = {10.1145/3080631.3080635},
 acmid = {3080635},
 publisher = {ACM},
 address = {New York, NY, USA},
 keywords = {Task transfer, distributed cognition, workplace},
}

@inproceedings{Chen:2015:DSM:2857070.2857165,
 author = {Chen, Xinran and Sin, Sei-Ching Joanna and Theng, Yin-Leng and Lee, Chei Sian},
 title = {Deterring the Spread of Misinformation on Social Network Sites: A Social Cognitive Theory-guided Intervention},
 booktitle = {Proceedings of the 78th ASIS\&T Annual Meeting: Information Science with Impact: Research in and for the Community},
 series = {ASIST '15},
 year = {2015},
 isbn = {0-87715-547-X},
 location = {St. Louis, Missouri},
 pages = {95:1--95:4},
 articleno = {95},
 numpages = {4},
 url = {http://dl.acm.org/citation.cfm?id=2857070.2857165},
 acmid = {2857165},
 publisher = {American Society for Information Science},
 address = {Silver Springs, MD, USA},
 keywords = {information behavior, social media},
}

@inproceedings{Ross:1992:MCA:144001.144076,
 author = {Ross, Jeanne W.},
 title = {MIS As Change Agent: An Extension of Innovation Diffusion Theory},
 booktitle = {Proceedings of the 1992 ACM SIGCPR Conference on Computer Personnel Research},
 series = {SIGCPR '92},
 year = {1992},
 isbn = {0-89791-500-3},
 location = {Cincinnati, Ohio, USA},
 pages = {241--249},
 numpages = {9},
 url = {http://doi.acm.org/10.1145/144001.144076},
 doi = {10.1145/144001.144076},
 acmid = {144076},
 publisher = {ACM},
 address = {New York, NY, USA},
}

@inproceedings{Wang:2009:LBS:1593254.1593313,
 author = {Wang, Kai-Yu and Chih, Wen-Hai and Jhong, Dan-Yao},
 title = {Let's Blog!: A Social Cognitive Perspective of Intention to Use Blog},
 booktitle = {Proceedings of the 11th International Conference on Electronic Commerce},
 series = {ICEC '09},
 year = {2009},
 isbn = {978-1-60558-586-4},
 location = {Taipei, Taiwan},
 pages = {358--361},
 numpages = {4},
 url = {http://doi.acm.org/10.1145/1593254.1593313},
 doi = {10.1145/1593254.1593313},
 acmid = {1593313},
 publisher = {ACM},
 address = {New York, NY, USA},
 keywords = {outcome expectation, self-efficacy, social cognitive theory, weblog (blog)},
}

@inproceedings{Downey:2008:ISN:1373307.1373309,
 author = {Downey, Jack and Ali Babar, Muhammad},
 title = {On Identifying the Skills Needed for Software Architects},
 booktitle = {Proceedings of the First International Workshop on Leadership and Management in Software Architecture},
 series = {LMSA '08},
 year = {2008},
 isbn = {978-1-60558-027-2},
 location = {Leipzig, Germany},
 pages = {1--6},
 numpages = {6},
 url = {http://doi.acm.org/10.1145/1373307.1373309},
 doi = {10.1145/1373307.1373309},
 acmid = {1373309},
 publisher = {ACM},
 address = {New York, NY, USA},
 keywords = {interviews, skills, social cognitive theory., software development personnel},
}

@article{Watson:2000:IIM:336460.336483,
 author = {Watson, Richard T. and Zinkhan, George M. and Pitt, Leyland F.},
 title = {Integrated Internet Marketing},
 journal = {Commun. ACM},
 issue_date = {June 2000},
 volume = {43},
 number = {6},
 month = jun,
 year = {2000},
 issn = {0001-0782},
 pages = {97--102},
 numpages = {6},
 url = {http://doi.acm.org/10.1145/336460.336483},
 doi = {10.1145/336460.336483},
 acmid = {336483},
 publisher = {ACM},
 address = {New York, NY, USA},
}

@article{Yardi:2009:SLT:1665997.1666000,
 author = {Yardi, Sarita},
 title = {Social Learning and Technical Capital on the Social Web},
 journal = {XRDS},
 issue_date = {December 2009},
 volume = {16},
 number = {2},
 month = dec,
 year = {2009},
 issn = {1528-4972},
 pages = {9--11},
 numpages = {3},
 url = {http://doi.acm.org/10.1145/1665997.1666000},
 doi = {10.1145/1665997.1666000},
 acmid = {1666000},
 publisher = {ACM},
 address = {New York, NY, USA},
}

@article{Steelman:2017:BBB:3124144.3124146,
 author = {Steelman, Kelly and Wallace, Charles},
 title = {Breaking Barriers, Building Understanding: A Multigenerational Approach to Digital Literacy Instruction for Older Adults},
 journal = {SIGACCESS Access. Comput.},
 issue_date = {June 2017},
 number = {118},
 month = jul,
 year = {2017},
 issn = {1558-2337},
 pages = {9--15},
 numpages = {7},
 url = {http://doi.acm.org/10.1145/3124144.3124146},
 doi = {10.1145/3124144.3124146},
 acmid = {3124146},
 publisher = {ACM},
 address = {New York, NY, USA},
}

@inproceedings{Seo:2015:DRP:2745197.2755514,
 author = {Seo, Kyoungwon and Han, Garam and Lee, Hyunju and Ryu, Hokyoung and Kim, Jieun},
 title = {Design Requirements for PT-tv (Play Therapy with TV): An Observational Study on Play Therapy and TV Viewing},
 booktitle = {Proceedings of the ACM International Conference on Interactive Experiences for TV and Online Video},
 series = {TVX '15},
 year = {2015},
 isbn = {978-1-4503-3526-3},
 location = {Brussels, Belgium},
 pages = {137--142},
 numpages = {6},
 url = {http://doi.acm.org/10.1145/2745197.2755514},
 doi = {10.1145/2745197.2755514},
 acmid = {2755514},
 publisher = {ACM},
 address = {New York, NY, USA},
 keywords = {design requirement, developmental play therapy, infant and toddler, language development, pt-tv, tv viewing},
}

@inproceedings{Riveret:2013:VRE:2514601.2514631,
 author = {Riveret, R{\'e}gis and Contissa, Giuseppe and Busquets, D\'{\i}dac and Rotolo, Antonino and Pitt, Jeremy and Sartor, Giovanni},
 title = {Vicarious Reinforcement and Ex Ante Law Enforcement: A Study in Norm-governed Learning Agents},
 booktitle = {Proceedings of the Fourteenth International Conference on Artificial Intelligence and Law},
 series = {ICAIL '13},
 year = {2013},
 isbn = {978-1-4503-2080-1},
 location = {Rome, Italy},
 pages = {222--226},
 numpages = {5},
 url = {http://doi.acm.org/10.1145/2514601.2514631},
 doi = {10.1145/2514601.2514631},
 acmid = {2514631},
 publisher = {ACM},
 address = {New York, NY, USA},
 keywords = {law enforcement, reinforcement learning, social simulation},
}

@inproceedings{Jung:2015:PRS:2702613.2732912,
 author = {Jung, Eunjin (EJ) and Ho, Evelyn Y. and Chung, Hyewon and Sinclair, Mark},
 title = {Perceived Risk and Self-Efficacy Regarding Internet Security in a Marginalized Community},
 booktitle = {Proceedings of the 33rd Annual ACM Conference Extended Abstracts on Human Factors in Computing Systems},
 series = {CHI EA '15},
 year = {2015},
 isbn = {978-1-4503-3146-3},
 location = {Seoul, Republic of Korea},
 pages = {1085--1090},
 numpages = {6},
 url = {http://doi.acm.org/10.1145/2702613.2732912},
 doi = {10.1145/2702613.2732912},
 acmid = {2732912},
 publisher = {ACM},
 address = {New York, NY, USA},
 keywords = {browser add-on, marginalized community, marginalized population, mixed methods, qualitative methods, quantitative methods, underserved community, urban computing, usable security},
}

@inproceedings{Okita:2006:OBD:1150034.1150108,
 author = {Okita, Sandra Y. and Schwartz, Daniel L.},
 title = {When Observation Beats Doing: Learning by Teaching},
 booktitle = {Proceedings of the 7th International Conference on Learning Sciences},
 series = {ICLS '06},
 year = {2006},
 isbn = {0-8058-6174-2},
 location = {Bloomington, Indiana},
 pages = {509--515},
 numpages = {7},
 url = {http://dl.acm.org/citation.cfm?id=1150034.1150108},
 acmid = {1150108},
 publisher = {International Society of the Learning Sciences},
}

@inproceedings{Bartsch:2012:GDA:2245276.2232015,
 author = {Bartsch, Steffen and Sasse, M. Angela},
 title = {Guiding Decisions on Authorization Policies: A Participatory Approach to Decision Support},
 booktitle = {Proceedings of the 27th Annual ACM Symposium on Applied Computing},
 series = {SAC '12},
 year = {2012},
 isbn = {978-1-4503-0857-1},
 location = {Trento, Italy},
 pages = {1502--1507},
 numpages = {6},
 url = {http://doi.acm.org/10.1145/2245276.2232015},
 doi = {10.1145/2245276.2232015},
 acmid = {2232015},
 publisher = {ACM},
 address = {New York, NY, USA},
 keywords = {access control, decision support, security usability},
}

@inproceedings{Ram:2011:OSL:1988688.1988691,
 author = {Ram, Ashwin and Ai, Hua and Ram, Preetha and Sahay, Saurav},
 title = {Open Social Learning Communities},
 booktitle = {Proceedings of the International Conference on Web Intelligence, Mining and Semantics},
 series = {WIMS '11},
 year = {2011},
 isbn = {978-1-4503-0148-0},
 location = {Sogndal, Norway},
 pages = {2:1--2:6},
 articleno = {2},
 numpages = {6},
 url = {http://doi.acm.org/10.1145/1988688.1988691},
 doi = {10.1145/1988688.1988691},
 acmid = {1988691},
 publisher = {ACM},
 address = {New York, NY, USA},
 keywords = {social learning},
}

@inproceedings{Adinolf:2018:TBE:3270316.3271545,
 author = {Adinolf, Sonam and Turkay, Selen},
 title = {Toxic Behaviors in Esports Games: Player Perceptions and Coping Strategies},
 booktitle = {Proceedings of the 2018 Annual Symposium on Computer-Human Interaction in Play Companion Extended Abstracts},
 series = {CHI PLAY '18 Extended Abstracts},
 year = {2018},
 isbn = {978-1-4503-5968-9},
 location = {Melbourne, VIC, Australia},
 pages = {365--372},
 numpages = {8},
 url = {http://doi.acm.org/10.1145/3270316.3271545},
 doi = {10.1145/3270316.3271545},
 acmid = {3271545},
 publisher = {ACM},
 address = {New York, NY, USA},
 keywords = {esports games, interview study, negative behaviours, toxicity},
}

@inproceedings{Stefanone:2008:SRT:1379092.1379114,
 author = {Stefanone, Michael A. and Lackaff, Derek and Rosen, Devan},
 title = {We'Re All Stars Now: Reality Television, Web 2.0, and Mediated Identities},
 booktitle = {Proceedings of the Nineteenth ACM Conference on Hypertext and Hypermedia},
 series = {HT '08},
 year = {2008},
 isbn = {978-1-59593-985-2},
 location = {Pittsburgh, PA, USA},
 pages = {107--112},
 numpages = {6},
 url = {http://doi.acm.org/10.1145/1379092.1379114},
 doi = {10.1145/1379092.1379114},
 acmid = {1379114},
 publisher = {ACM},
 address = {New York, NY, USA},
 keywords = {facebook, photo sharing, reality television, social cognitive theory, social network sites},
}

@article{Oduor:2014:PSD:2674102.2674130,
 author = {Oduor, Michael and Alah\"{a}iv\"{a}l\"{a}, Tuomas and Oinas-Kukkonen, Harri},
 title = {Persuasive Software Design Patterns for Social Influence},
 journal = {Personal Ubiquitous Comput.},
 issue_date = {October   2014},
 volume = {18},
 number = {7},
 month = oct,
 year = {2014},
 issn = {1617-4909},
 pages = {1689--1704},
 numpages = {16},
 url = {http://dx.doi.org/10.1007/s00779-014-0778-z},
 doi = {10.1007/s00779-014-0778-z},
 acmid = {2674130},
 publisher = {Springer-Verlag},
 address = {London, UK, UK},
 keywords = {Behavior change support systems, Persuasive systems design, Persuasive technology, Social influence, Software patterns},
}

@inproceedings{Saari:2004:PTP:1052220.1052252,
 author = {Saari, Timo and Ravaja, Niklas and Laarni, Jari and Turpeinen, Marko and Kallinen, Kari},
 title = {Psychologically Targeted Persuasive Advertising and Product Information in e-Commerce},
 booktitle = {Proceedings of the 6th International Conference on Electronic Commerce},
 series = {ICEC '04},
 year = {2004},
 isbn = {1-58113-930-6},
 location = {Delft, The Netherlands},
 pages = {245--254},
 numpages = {10},
 url = {http://doi.acm.org/10.1145/1052220.1052252},
 doi = {10.1145/1052220.1052252},
 acmid = {1052252},
 publisher = {ACM},
 address = {New York, NY, USA},
 keywords = {advertising, e-commerce, personalization emotion, persuasion},
}

@inproceedings{Gazan:2011:RAV:1978942.1979365,
 author = {Gazan, Rich},
 title = {Redesign As an Act of Violence: Disrupted Interaction Patterns and the Fragmenting of a Social Q\&\#38;A Community},
 booktitle = {Proceedings of the SIGCHI Conference on Human Factors in Computing Systems},
 series = {CHI '11},
 year = {2011},
 isbn = {978-1-4503-0228-9},
 location = {Vancouver, BC, Canada},
 pages = {2847--2856},
 numpages = {10},
 url = {http://doi.acm.org/10.1145/1978942.1979365},
 doi = {10.1145/1978942.1979365},
 acmid = {1979365},
 publisher = {ACM},
 address = {New York, NY, USA},
 keywords = {online communities, question answering, social q\&\#38;a},
}

@inproceedings{Galvez:2015:FAI:2751957.2751966,
 author = {Galvez, Santos M. and Shackman, Joshua D. and Guzman, Indira R. and Ho, Shuyuan M.},
 title = {Factors Affecting Individual Information Security Practices},
 booktitle = {Proceedings of the 2015 ACM SIGMIS Conference on Computers and People Research},
 series = {SIGMIS-CPR '15},
 year = {2015},
 isbn = {978-1-4503-3557-7},
 location = {Newport Beach, California, USA},
 pages = {135--144},
 numpages = {10},
 url = {http://doi.acm.org/10.1145/2751957.2751966},
 doi = {10.1145/2751957.2751966},
 acmid = {2751966},
 publisher = {ACM},
 address = {New York, NY, USA},
 keywords = {control theory, information security behavior, information security practices, iso27002, mandatoriness, security standards, self-efficacy, social cognitive theory},
}

@inproceedings{Tetzlaff:2017:DSM:3097286.3097306,
 author = {Tetzlaff, Emily and Jago, Emily and Pegoraro, Ann and Eger, Tammy},
 title = {\#DistractinglySexy: How Social Media Was Used As a Counter Narrative on Gender in STEM},
 booktitle = {Proceedings of the 8th International Conference on Social Media \& Society},
 series = {\#SMSociety17},
 year = {2017},
 isbn = {978-1-4503-4847-8},
 location = {Toronto, ON, Canada},
 pages = {20:1--20:10},
 articleno = {20},
 numpages = {10},
 url = {http://doi.acm.org/10.1145/3097286.3097306},
 doi = {10.1145/3097286.3097306},
 acmid = {3097306},
 publisher = {ACM},
 address = {New York, NY, USA},
 keywords = {Content Analysis, Gender, STEM, Social Media, Twitter},
}

@inproceedings{Zhang:2018:SAU:3178876.3186019,
 author = {Zhang, Yue and Ramesh, Arti and Golbeck, Jennifer and Sridhar, Dhanya and Getoor, Lise},
 title = {A Structured Approach to Understanding Recovery and Relapse in AA},
 booktitle = {Proceedings of the 2018 World Wide Web Conference},
 series = {WWW '18},
 year = {2018},
 isbn = {978-1-4503-5639-8},
 location = {Lyon, France},
 pages = {1205--1214},
 numpages = {10},
 url = {https://doi.org/10.1145/3178876.3186019},
 doi = {10.1145/3178876.3186019},
 acmid = {3186019},
 publisher = {International World Wide Web Conferences Steering Committee},
 address = {Republic and Canton of Geneva, Switzerland},
 keywords = {alcoholics anonymous, probabilistic graphical models, recovery from alcoholism, social media analysis},
}

@inproceedings{Oyibo:2018:PPE:3209219.3209240,
 author = {Oyibo, Kiemute and Adaji, Ifeoma and Orji, Rita and Olabenjo, Babatunde and Azizi, Mahsa and Vassileva, Julita},
 title = {Perceived Persuasive Effect of Behavior Model Design in Fitness Apps},
 booktitle = {Proceedings of the 26th Conference on User Modeling, Adaptation and Personalization},
 series = {UMAP '18},
 year = {2018},
 isbn = {978-1-4503-5589-6},
 location = {Singapore, Singapore},
 pages = {219--228},
 numpages = {10},
 url = {http://doi.acm.org/10.1145/3209219.3209240},
 doi = {10.1145/3209219.3209240},
 acmid = {3209240},
 publisher = {ACM},
 address = {New York, NY, USA},
 keywords = {SCT, behavior model, outcome expectation, personalization, persuasive technology, persuasiveness, self-efficacy, self-regulation},
}

@inproceedings{Mylonopoulou:2018:DHB:3240167.3240196,
 author = {Mylonopoulou, Vasiliki},
 title = {Design for Health Behavior Change Supportive Technology: Healthcare Professionals' Perspective},
 booktitle = {Proceedings of the 10th Nordic Conference on Human-Computer Interaction},
 series = {NordiCHI '18},
 year = {2018},
 isbn = {978-1-4503-6437-9},
 location = {Oslo, Norway},
 pages = {82--92},
 numpages = {11},
 url = {http://doi.acm.org/10.1145/3240167.3240196},
 doi = {10.1145/3240167.3240196},
 acmid = {3240196},
 publisher = {ACM},
 address = {New York, NY, USA},
 keywords = {behavior change, design, health, healthcare professionals, persuasive technology, social comparison},
}

@inproceedings{Jin:2019:NLW:3299815.3314430,
 author = {Jin, Wei and Xu, Xin},
 title = {Near-peer Led Workshops on Game Development for Broadening Participation and Diversity in Computing},
 booktitle = {Proceedings of the 2019 ACM Southeast Conference},
 series = {ACM SE '19},
 year = {2019},
 isbn = {978-1-4503-6251-1},
 location = {Kennesaw, GA, USA},
 pages = {39--45},
 numpages = {7},
 url = {http://doi.acm.org/10.1145/3299815.3314430},
 doi = {10.1145/3299815.3314430},
 acmid = {3314430},
 publisher = {ACM},
 address = {New York, NY, USA},
 keywords = {Broadening participation in computing (BPC), IT workshop, diversity, light-weight workshop, near-peer mentoring},
}

@inproceedings{Firpo:2009:GSC:1541948.1542000,
 author = {Firpo, Daniel and Kasemvilas, Sumonta and Ractham, Peter and Zhang, Xuesong},
 title = {Generating a Sense of Community in a Graduate Educational Setting Through Persuasive Technology},
 booktitle = {Proceedings of the 4th International Conference on Persuasive Technology},
 series = {Persuasive '09},
 year = {2009},
 isbn = {978-1-60558-376-1},
 location = {Claremont, California, USA},
 pages = {41:1--41:10},
 articleno = {41},
 numpages = {10},
 url = {http://doi.acm.org/10.1145/1541948.1542000},
 doi = {10.1145/1541948.1542000},
 acmid = {1542000},
 publisher = {ACM},
 address = {New York, NY, USA},
 keywords = {blogs, persuasive technologies, podcasts, sense of community, web 2.0},
}

@inproceedings{Chiravuri:2003:IED:761849.761857,
 author = {Chiravuri, Ananth and Ambrose, Paul},
 title = {Investigating the Effects of Downsizing on Software Professionals' Self-efficacy and Its Consequences on Software Development Quality},
 booktitle = {Proceedings of the 2003 SIGMIS Conference on Computer Personnel Research: Freedom in Philadelphia--leveraging Differences and Diversity in the IT Workforce},
 series = {SIGMIS CPR '03},
 year = {2003},
 isbn = {1-58113-666-8},
 location = {Philadelphia, Pennsylvania},
 pages = {52--57},
 numpages = {6},
 url = {http://doi.acm.org/10.1145/761849.761857},
 doi = {10.1145/761849.761857},
 acmid = {761857},
 publisher = {ACM},
 address = {New York, NY, USA},
 keywords = {IT workforce, downsizing, informal networks, outcome expectations, self-efficacy, software developers, software development quality, software professionals, software quality},
}

@article{Bower:2008:ICS:1597849.1384323,
 author = {Bower, Matt},
 title = {The "Instructed-teacher": A Computer Science Online Learning Pedagogical Pattern},
 journal = {SIGCSE Bull.},
 issue_date = {September 2008},
 volume = {40},
 number = {3},
 month = jun,
 year = {2008},
 issn = {0097-8418},
 pages = {189--193},
 numpages = {5},
 url = {http://doi.acm.org/10.1145/1597849.1384323},
 doi = {10.1145/1597849.1384323},
 acmid = {1384323},
 publisher = {ACM},
 address = {New York, NY, USA},
 keywords = {online learning, pedagogical patterns, virtual classroom, web-conferencing},
}

@inproceedings{Bower:2008:ICS:1384271.1384323,
 author = {Bower, Matt},
 title = {The "Instructed-teacher": A Computer Science Online Learning Pedagogical Pattern},
 booktitle = {Proceedings of the 13th Annual Conference on Innovation and Technology in Computer Science Education},
 series = {ITiCSE '08},
 year = {2008},
 isbn = {978-1-60558-078-4},
 location = {Madrid, Spain},
 pages = {189--193},
 numpages = {5},
 url = {http://doi.acm.org/10.1145/1384271.1384323},
 doi = {10.1145/1384271.1384323},
 acmid = {1384323},
 publisher = {ACM},
 address = {New York, NY, USA},
 keywords = {online learning, pedagogical patterns, virtual classroom, web-conferencing},
}

@inproceedings{Galanis:2015:DIL:2808580.2808649,
 author = {Galanis, Nikolas and Mayol, Enric and Alier, Marc and Garcia-Pe\~{n}alvo, Francisco Jos{\'e}},
 title = {Designing an Informal Learning Support Framework},
 booktitle = {Proceedings of the 3rd International Conference on Technological Ecosystems for Enhancing Multiculturality},
 series = {TEEM '15},
 year = {2015},
 isbn = {978-1-4503-3442-6},
 location = {Porto, Portugal},
 pages = {461--466},
 numpages = {6},
 url = {http://doi.acm.org/10.1145/2808580.2808649},
 doi = {10.1145/2808580.2808649},
 acmid = {2808649},
 publisher = {ACM},
 address = {New York, NY, USA},
 keywords = {e-learning, eLearning, evaluation, informal learning, lifelong learning, non-formal learning, social learning, validation},
}

@inproceedings{Morgan:2015:CDA:2815546.2815566,
 author = {Morgan, Robert Michael},
 title = {CAMMO (Creating Accessible Material in Microsoft Office): Developing an Atmosphere of Accessibility Through Training},
 booktitle = {Proceedings of the 2015 ACM Annual Conference on SIGUCCS},
 series = {SIGUCCS '15},
 year = {2015},
 isbn = {978-1-4503-3610-9},
 location = {St. Petersburg, Florida, USA},
 pages = {11--15},
 numpages = {5},
 url = {http://doi.acm.org/10.1145/2815546.2815566},
 doi = {10.1145/2815546.2815566},
 acmid = {2815566},
 publisher = {ACM},
 address = {New York, NY, USA},
 keywords = {Microsoft Office 2013, accessibility, training, universal design},
}

@inproceedings{Chen:2015:DBC:2750511.2750522,
 author = {Chen, Angela Chia-Chen and Amresh, Ashish},
 title = {Developing a Bilingual, Computer-Tailored, HPV Vaccination Promotion Intervention Targeting Latino Parents},
 booktitle = {Proceedings of the 5th International Conference on Digital Health 2015},
 series = {DH '15},
 year = {2015},
 isbn = {978-1-4503-3492-1},
 location = {Florence, Italy},
 pages = {59--64},
 numpages = {6},
 url = {http://doi.acm.org/10.1145/2750511.2750522},
 doi = {10.1145/2750511.2750522},
 acmid = {2750522},
 publisher = {ACM},
 address = {New York, NY, USA},
 keywords = {HPV vaccination, mobile application, tailored intervention},
}

@inproceedings{Khoshsoroor:2016:PRA:3012258.3012265,
 author = {Khoshsoroor, Somayeh and Dapeng, Liang and Chitsaz, Ehsan},
 title = {Propositions on Resource Allocation in Teams},
 booktitle = {Proceedings of the 2016 8th International Conference on Information Management and Engineering},
 series = {ICIME 2016},
 year = {2016},
 isbn = {978-1-4503-4761-7},
 location = {Istanbul, Turkey},
 pages = {57--61},
 numpages = {5},
 url = {http://doi.acm.org/10.1145/3012258.3012265},
 doi = {10.1145/3012258.3012265},
 acmid = {3012265},
 publisher = {ACM},
 address = {New York, NY, USA},
 keywords = {Competition shadow, Escalation of commitment, competitive anxiety, innovation},
}

@inproceedings{Kou:2017:PBO:3102071.3102078,
 author = {Kou, Yubo and Johansson, Magnus and Verhagen, Harko},
 title = {Prosocial Behavior in an Online Game Community: An Ethnographic Study},
 booktitle = {Proceedings of the 12th International Conference on the Foundations of Digital Games},
 series = {FDG '17},
 year = {2017},
 isbn = {978-1-4503-5319-9},
 location = {Hyannis, Massachusetts},
 pages = {15:1--15:6},
 articleno = {15},
 numpages = {6},
 url = {http://doi.acm.org/10.1145/3102071.3102078},
 doi = {10.1145/3102071.3102078},
 acmid = {3102078},
 publisher = {ACM},
 address = {New York, NY, USA},
 keywords = {league of legends, online community, prosocial behavior},
}

@article{Maiden:2013:CTR:2524713.2500495,
 author = {Maiden, Neil and D'Souza, Sonali and Jones, Sara and M\"{u}ller, Lars and Pannese, Lucia and Pitts, Kristine and Prilla, Michael and Pudney, Kevin and Rose, Malcolm and Turner, Ian and Zachos, Konstantinos},
 title = {Computing Technologies for Reflective, Creative Care of People with Dementia},
 journal = {Commun. ACM},
 issue_date = {November 2013},
 volume = {56},
 number = {11},
 month = nov,
 year = {2013},
 issn = {0001-0782},
 pages = {60--67},
 numpages = {8},
 url = {http://doi.acm.org/10.1145/2500495},
 doi = {10.1145/2500495},
 acmid = {2500495},
 publisher = {ACM},
 address = {New York, NY, USA},
}

@inproceedings{Grinberg:2016:CEB:2858036.2858501,
 author = {Grinberg, Nir and Dow, P. Alex and Adamic, Lada A. and Naaman, Mor},
 title = {Changes in Engagement Before and After Posting to Facebook},
 booktitle = {Proceedings of the 2016 CHI Conference on Human Factors in Computing Systems},
 series = {CHI '16},
 year = {2016},
 isbn = {978-1-4503-3362-7},
 location = {San Jose, California, USA},
 pages = {564--574},
 numpages = {11},
 url = {http://doi.acm.org/10.1145/2858036.2858501},
 doi = {10.1145/2858036.2858501},
 acmid = {2858501},
 publisher = {ACM},
 address = {New York, NY, USA},
 keywords = {computer-mediated communication, engagement, information sharing, social media, social participation, user behavior},
}

@inproceedings{Rummel:2006:LCC:1150034.1150126,
 author = {Rummel, Nikol and Spada, Hans and Hauser, Sabine},
 title = {Learning to Collaborate in a Computer-mediated Setting: Observing a Model Beats Learning from Being Scripted},
 booktitle = {Proceedings of the 7th International Conference on Learning Sciences},
 series = {ICLS '06},
 year = {2006},
 isbn = {0-8058-6174-2},
 location = {Bloomington, Indiana},
 pages = {634--640},
 numpages = {7},
 url = {http://dl.acm.org/citation.cfm?id=1150034.1150126},
 acmid = {1150126},
 publisher = {International Society of the Learning Sciences},
}

@inproceedings{Amresh:2015:ICE:2750511.2750533,
 author = {Amresh, Ashish and Sinha, Madhumita and Birr, Rebecca and Salla, Rahul},
 title = {Interactive Cause and Effect Comic-book Storytelling for Improving Nutrition Outcomes in Children},
 booktitle = {Proceedings of the 5th International Conference on Digital Health 2015},
 series = {DH '15},
 year = {2015},
 isbn = {978-1-4503-3492-1},
 location = {Florence, Italy},
 pages = {9--14},
 numpages = {6},
 url = {http://doi.acm.org/10.1145/2750511.2750533},
 doi = {10.1145/2750511.2750533},
 acmid = {2750533},
 publisher = {ACM},
 address = {New York, NY, USA},
 keywords = {games for health, obesity interventions, serious games},
}

@article{Bower:2007:GAS:1227504.1227345,
 author = {Bower, Matt},
 title = {Groupwork Activities in Synchronous Online Classroom Spaces},
 journal = {SIGCSE Bull.},
 issue_date = {March 2007},
 volume = {39},
 number = {1},
 month = mar,
 year = {2007},
 issn = {0097-8418},
 pages = {91--95},
 numpages = {5},
 url = {http://doi.acm.org/10.1145/1227504.1227345},
 doi = {10.1145/1227504.1227345},
 acmid = {1227345},
 publisher = {ACM},
 address = {New York, NY, USA},
 keywords = {groupwork, online learning, pedagogy, virtual classroom},
}

@inproceedings{Bower:2007:GAS:1227310.1227345,
 author = {Bower, Matt},
 title = {Groupwork Activities in Synchronous Online Classroom Spaces},
 booktitle = {Proceedings of the 38th SIGCSE Technical Symposium on Computer Science Education},
 series = {SIGCSE '07},
 year = {2007},
 isbn = {1-59593-361-1},
 location = {Covington, Kentucky, USA},
 pages = {91--95},
 numpages = {5},
 url = {http://doi.acm.org/10.1145/1227310.1227345},
 doi = {10.1145/1227310.1227345},
 acmid = {1227345},
 publisher = {ACM},
 address = {New York, NY, USA},
 keywords = {groupwork, online learning, pedagogy, virtual classroom},
}

@inproceedings{Mehmood:2019:IEL:3312662.3312701,
 author = {Mehmood, Muhammad Shahid and Jian, Zhang and Waheed, Abdul and Younas, Amjad and Khan, Sher Zaman},
 title = {Impact of Entrepreneurial Leadership on Employee's Innovative Behavior: Mediating Role of Psychological Empowerment},
 booktitle = {Proceedings of the 2019 3rd International Conference on Management Engineering, Software Engineering and Service Sciences},
 series = {ICMSS 2019},
 year = {2019},
 isbn = {978-1-4503-6189-7},
 location = {Wuhan, China},
 pages = {223--229},
 numpages = {7},
 url = {http://doi.acm.org/10.1145/3312662.3312701},
 doi = {10.1145/3312662.3312701},
 acmid = {3312701},
 publisher = {ACM},
 address = {New York, NY, USA},
 keywords = {Entrepreneurial leadership, Innovation, innovative behavior, psychological empowerment},
}

@inproceedings{Halfaker:2013:MPP:2441776.2441872,
 author = {Halfaker, Aaron and Keyes, Os and Taraborelli, Dario},
 title = {Making Peripheral Participation Legitimate: Reader Engagement Experiments in Wikipedia},
 booktitle = {Proceedings of the 2013 Conference on Computer Supported Cooperative Work},
 series = {CSCW '13},
 year = {2013},
 isbn = {978-1-4503-1331-5},
 location = {San Antonio, Texas, USA},
 pages = {849--860},
 numpages = {12},
 url = {http://doi.acm.org/10.1145/2441776.2441872},
 doi = {10.1145/2441776.2441872},
 acmid = {2441872},
 publisher = {ACM},
 address = {New York, NY, USA},
 keywords = {experiment, legitimate peripheral participation, open production, participation, quatitative, social learning, wikipedia},
}

@inproceedings{Eilu:2017:AUE:3047273.3047342,
 author = {Eilu, Emmanuel and Baguma, Rehema},
 title = {Anticipated User Experience (AUX) Framework for Improving Acceptance of Using Mobile Phones for Voting},
 booktitle = {Proceedings of the 10th International Conference on Theory and Practice of Electronic Governance},
 series = {ICEGOV '17},
 year = {2017},
 isbn = {978-1-4503-4825-6},
 location = {New Delhi AA, India},
 pages = {87--96},
 numpages = {10},
 url = {http://doi.acm.org/10.1145/3047273.3047342},
 doi = {10.1145/3047273.3047342},
 acmid = {3047342},
 publisher = {ACM},
 address = {New York, NY, USA},
 keywords = {Developing Countries, Mobile Phone Voting, User Experience},
}

@inproceedings{Harrington:1995:AON:212490.212502,
 author = {Harrington, Susan J.},
 title = {The Anomaly of Other-directedness: When Normally Ethical is Personnel Are Unethical},
 booktitle = {Proceedings of the 1995 ACM SIGCPR Conference on Supporting Teams, Groups, and Learning Inside and Outside the IS Function Reinventing IS},
 series = {SIGCPR '95},
 year = {1995},
 isbn = {0-89791-712-X},
 location = {Nashville, Tennessee, USA},
 pages = {35--43},
 numpages = {9},
 url = {http://doi.acm.org/10.1145/212490.212502},
 doi = {10.1145/212490.212502},
 acmid = {212502},
 publisher = {ACM},
 address = {New York, NY, USA},
}

@inproceedings{Janssen:2016:IDB:3042250.3042308,
 author = {Janssen, Marco A.},
 title = {Impact of Diverse Behavioral Theories on Environmental Management: Explorations with Daisyworld},
 booktitle = {Proceedings of the 2016 Winter Simulation Conference},
 series = {WSC '16},
 year = {2016},
 location = {Arlington, Virginia},
 pages = {1690--1701},
 numpages = {12},
 url = {http://dl.acm.org/citation.cfm?id=3042250.3042308},
 acmid = {3042308},
 publisher = {IEEE Press},
 address = {Piscataway, NJ, USA},
}

@inproceedings{Janssen:2016:IDB:3042094.3042308,
 author = {Janssen, Marco A.},
 title = {Impact of Diverse Behavioral Theories on Environmental Management: Explorations with Daisyworld},
 booktitle = {Proceedings of the 2016 Winter Simulation Conference},
 series = {WSC '16},
 year = {2016},
 isbn = {978-1-5090-4484-9},
 location = {Arlington, Virginia},
 pages = {1690--1701},
 numpages = {12},
 url = {http://dl.acm.org/citation.cfm?id=3042094.3042308},
 acmid = {3042308},
 publisher = {IEEE Press},
 address = {Piscataway, NJ, USA},
}

@inproceedings{D'Ambrosio:2011:TSS:2181101.2181125,
 author = {D'Ambrosio, P. and Francese, R. and Marino, A. and Passero, I. and Tortora, G.},
 title = {Towards a Shared Software Factory: An Industrial Experience},
 booktitle = {Proceedings of the 12th International Conference on Product Focused Software Development and Process Improvement},
 series = {Profes '11},
 year = {2011},
 isbn = {978-1-4503-0783-3},
 location = {Torre Canne, Brindisi, Italy},
 pages = {106--111},
 numpages = {6},
 url = {http://doi.acm.org/10.1145/2181101.2181125},
 doi = {10.1145/2181101.2181125},
 acmid = {2181125},
 publisher = {ACM},
 address = {New York, NY, USA},
 keywords = {knowledge management, project management, software factory, virtual organization},
}

@inproceedings{Gurinskaya:2017:PTC:3143699.3143747,
 author = {Gurinskaya, Anna},
 title = {'Preventive Turn' and Collaboration in Governance of Crime: Russian Criminologists' Attitudes},
 booktitle = {Proceedings of the International Conference IMS-2017},
 series = {IMS2017},
 year = {2017},
 isbn = {978-1-4503-5437-0},
 location = {Saint Petersburg, Russian Federation},
 pages = {286--291},
 numpages = {6},
 url = {http://doi.acm.org/10.1145/3143699.3143747},
 doi = {10.1145/3143699.3143747},
 acmid = {3143747},
 publisher = {ACM},
 address = {New York, NY, USA},
 keywords = {Crime prevention, collaboration in governance of crime, criminologists' attitudes, criminology in Russia, governance of crime, ideology, ideology of crime control, preventive turn},
}

@inproceedings{Yan:2017:MLB:3175516.3175517,
 author = {Yan, Yimo and Zhang, Shuhe and Feng, Zhihao and Wang, Tianlin and Sun, Weizheng and Bao, Honglin},
 title = {A Multiagent Learning Based Hierarchical Distribute Control Framework with Low Communication Costs in Large Scale AUG Networks},
 booktitle = {Proceedings of the 2017 International Conference on Automation, Control and Robots},
 series = {ICACR 2017},
 year = {2017},
 isbn = {978-1-4503-6350-1},
 location = {Wuhan, China},
 pages = {1--8},
 numpages = {8},
 url = {http://doi.acm.org/10.1145/3175516.3175517},
 doi = {10.1145/3175516.3175517},
 acmid = {3175517},
 publisher = {ACM},
 address = {New York, NY, USA},
 keywords = {communication costs, hierarchical distributed control, multiagent learning},
}

@inproceedings{Cornelius:2017:AOC:3106078.3106081,
 author = {Cornelius, Caitlin V. M. and Lynch, Christopher J. and Gore, Ross},
 title = {Aging out of Crime: Exploring the Relationship Between Age and Crime with Agent Based Modeling},
 booktitle = {Proceedings of the Agent-Directed Simulation Symposium},
 series = {ADS '17},
 year = {2017},
 location = {Virginia Beach, Virginia},
 pages = {3:1--3:12},
 articleno = {3},
 numpages = {12},
 url = {http://dl.acm.org/citation.cfm?id=3106078.3106081},
 acmid = {3106081},
 publisher = {Society for Computer Simulation International},
 address = {San Diego, CA, USA},
 keywords = {agent-based modeling, criminology, resource allocation},
}

@inproceedings{Zhu:2016:LEP:2883851.2883934,
 author = {Zhu, Mengxiao and Bergner, Yoav and Zhang, Yan and Baker, Ryan and Wang, Yuan and Paquette, Luc},
 title = {Longitudinal Engagement, Performance, and Social Connectivity: A MOOC Case Study Using Exponential Random Graph Models},
 booktitle = {Proceedings of the Sixth International Conference on Learning Analytics \& Knowledge},
 series = {LAK '16},
 year = {2016},
 isbn = {978-1-4503-4190-5},
 location = {Edinburgh, United Kingdom},
 pages = {223--230},
 numpages = {8},
 url = {http://doi.acm.org/10.1145/2883851.2883934},
 doi = {10.1145/2883851.2883934},
 acmid = {2883934},
 publisher = {ACM},
 address = {New York, NY, USA},
 keywords = {ERGM, MOOC, exponential random graph model, forum participation, learning, network analysis},
}

@inproceedings{Kapoor:2019:UCU:3304221.3319764,
 author = {Kapoor, Amanpreet and Gardner-McCune, Christina},
 title = {Understanding CS Undergraduate Students' Professional Identity Through the Lens of Their Professional Development},
 booktitle = {Proceedings of the 2019 ACM Conference on Innovation and Technology in Computer Science Education},
 series = {ITiCSE '19},
 year = {2019},
 isbn = {978-1-4503-6301-3},
 location = {Aberdeen, Scotland Uk},
 pages = {9--15},
 numpages = {7},
 url = {http://doi.acm.org/10.1145/3304221.3319764},
 doi = {10.1145/3304221.3319764},
 acmid = {3319764},
 publisher = {ACM},
 address = {New York, NY, USA},
 keywords = {career choices, identity, professional development, professional identity},
}

@inproceedings{Gates:2004:PD:1065907.1066044,
 author = {Gates, Carrie and Whalen, Tara},
 title = {Profiling the Defenders},
 booktitle = {Proceedings of the 2004 Workshop on New Security Paradigms},
 series = {NSPW '04},
 year = {2004},
 isbn = {1-59593-076-0},
 location = {Nova Scotia, Canada},
 pages = {107--114},
 numpages = {8},
 url = {http://doi.acm.org/10.1145/1065907.1066044},
 doi = {10.1145/1065907.1066044},
 acmid = {1066044},
 publisher = {ACM},
 address = {New York, NY, USA},
 keywords = {MBTI, psychological assessment, security},
}

@inproceedings{Brailsford:2006:IHB:1218112.1218201,
 author = {Brailsford, Sally C. and Sykes, Jennifer and Harper, Paul R.},
 title = {Incorporating Human Behavior in Healthcare Simulation Models},
 booktitle = {Proceedings of the 38th Conference on Winter Simulation},
 series = {WSC '06},
 year = {2006},
 isbn = {1-4244-0501-7},
 location = {Monterey, California},
 pages = {466--472},
 numpages = {7},
 url = {http://dl.acm.org/citation.cfm?id=1218112.1218201},
 acmid = {1218201},
 publisher = {Winter Simulation Conference},
}

@inproceedings{Nkwo:2019:PPP:3314183.3323858,
 author = {Nkwo, Makuochi and Orji, Rita},
 title = {Personalized Persuasion to Promote Positive Work Attitudes in Public Workplaces},
 booktitle = {Adjunct Publication of the 27th Conference on User Modeling, Adaptation and Personalization},
 series = {UMAP'19 Adjunct},
 year = {2019},
 isbn = {978-1-4503-6711-0},
 location = {Larnaca, Cyprus},
 pages = {185--190},
 numpages = {6},
 url = {http://doi.acm.org/10.1145/3314183.3323858},
 doi = {10.1145/3314183.3323858},
 acmid = {3323858},
 publisher = {ACM},
 address = {New York, NY, USA},
 keywords = {employee work attitude, personalization, persuasive technology, public workplace, social influence, tailoring, user modeling},
}

@inproceedings{Hatada:2019:DSP:3311823.3311862,
 author = {Hatada, Yuji and Yoshida, Shigeo and Narumi, Takuji and Hirose, Michitaka},
 title = {Double Shellf: What Psychological Effects Can Be Caused Through Interaction with a Doppelganger?},
 booktitle = {Proceedings of the 10th Augmented Human International Conference 2019},
 series = {AH2019},
 year = {2019},
 isbn = {978-1-4503-6547-5},
 location = {Reims, France},
 pages = {34:1--34:8},
 articleno = {34},
 numpages = {8},
 url = {http://doi.acm.org/10.1145/3311823.3311862},
 doi = {10.1145/3311823.3311862},
 acmid = {3311862},
 publisher = {ACM},
 address = {New York, NY, USA},
 keywords = {Avatar, Doppelganger, Social Psychology, Virtual Reality},
}

@inproceedings{Santana:1994:CSD:186281.186319,
 author = {Santana, Martin and Robey, Daniel},
 title = {Controlling Systems Development: Effects on Job Satisfaction of Systems Professionals},
 booktitle = {Proceedings of the 1994 Computer Personnel Research Conference on Reinventing IS : Managing Information Technology in Changing Organizations: Managing Information Technology in Changing Organizations},
 series = {SIGCPR '94},
 year = {1994},
 isbn = {0-89791-652-2},
 location = {Alexandria, Virginia, USA},
 pages = {184--191},
 numpages = {8},
 url = {http://doi.acm.org/10.1145/186281.186319},
 doi = {10.1145/186281.186319},
 acmid = {186319},
 publisher = {ACM},
 address = {New York, NY, USA},
}

@inproceedings{Fumhe:2015:VGP:2815782.2815790,
 author = {Fumhe, Nyari and Naidoo, Rennie},
 title = {Violent Gaming and Player Aggression: Exploring the Effects of Socio-psychological and Technology Influences},
 booktitle = {Proceedings of the 2015 Annual Research Conference on South African Institute of Computer Scientists and Information Technologists},
 series = {SAICSIT '15},
 year = {2015},
 isbn = {978-1-4503-3683-3},
 location = {Stellenbosch, South Africa},
 pages = {17:1--17:7},
 articleno = {17},
 numpages = {7},
 url = {http://doi.acm.org/10.1145/2815782.2815790},
 doi = {10.1145/2815782.2815790},
 acmid = {2815790},
 publisher = {ACM},
 address = {New York, NY, USA},
 keywords = {Aggression, Excessive Gaming, General Aggression Model, Interactive Richness, Pathological Gaming, Violent Video Games},
}

@inproceedings{Kilamo:2014:KTC:2591062.2591156,
 author = {Kilamo, Terhi and Nieminen, Antti and Lautam\"{a}ki, Janne and Aho, Timo and Koskinen, Johannes and Palviainen, Jarmo and Mikkonen, Tommi},
 title = {Knowledge Transfer in Collaborative Teams: Experiences from a Two-week Code Camp},
 booktitle = {Companion Proceedings of the 36th International Conference on Software Engineering},
 series = {ICSE Companion 2014},
 year = {2014},
 isbn = {978-1-4503-2768-8},
 location = {Hyderabad, India},
 pages = {264--271},
 numpages = {8},
 url = {http://doi.acm.org/10.1145/2591062.2591156},
 doi = {10.1145/2591062.2591156},
 acmid = {2591156},
 publisher = {ACM},
 address = {New York, NY, USA},
 keywords = {Case study, Collaboration, Software engineerin education},
}

@article{Pears:2005:CCL:1113847.1113893,
 author = {Pears, Arnold and Seidman, Stephen and Eney, Crystal and Kinnunen, P\"{a}ivi and Malmi, Lauri},
 title = {Constructing a Core Literature for Computing Education Research},
 journal = {SIGCSE Bull.},
 issue_date = {December 2005},
 volume = {37},
 number = {4},
 month = dec,
 year = {2005},
 issn = {0097-8418},
 pages = {152--161},
 numpages = {10},
 url = {http://doi.acm.org/10.1145/1113847.1113893},
 doi = {10.1145/1113847.1113893},
 acmid = {1113893},
 publisher = {ACM},
 address = {New York, NY, USA},
 keywords = {classification criteria, computing education research, core literature, evaluation methodology},
}

@inproceedings{Wang:2018:ASA:3267851.3267913,
 author = {Wang, Ning and Schwartz, David and Lewine, Gabrielle and Shapiro, Ari and Feng, Andrew and Zhuang, Cindy},
 title = {Addressing Sexist Attitudes on a College Campus Through Virtual Role-Play with Digital Doppelgangers},
 booktitle = {Proceedings of the 18th International Conference on Intelligent Virtual Agents},
 series = {IVA '18},
 year = {2018},
 isbn = {978-1-4503-6013-5},
 location = {Sydney, NSW, Australia},
 pages = {219--226},
 numpages = {8},
 url = {http://doi.acm.org/10.1145/3267851.3267913},
 doi = {10.1145/3267851.3267913},
 acmid = {3267913},
 publisher = {ACM},
 address = {New York, NY, USA},
 keywords = {cognitive dissonance, digital doppelganger, simulation game, virtual role-play},
}

@inproceedings{Hansen:2007:ISI:1599600.1599648,
 author = {Hansen, Miriam and Spada, Hans},
 title = {Instructional Support for Individual and Collaborative Demands in Two Net-based Communication Settings},
 booktitle = {Proceedings of the 8th Iternational Conference on Computer Supported Collaborative Learning},
 series = {CSCL'07},
 year = {2007},
 isbn = {978-0-6151-5436-7},
 location = {New Brunswick, New Jersey, USA},
 pages = {257--266},
 numpages = {10},
 url = {http://dl.acm.org/citation.cfm?id=1599600.1599648},
 acmid = {1599648},
 publisher = {International Society of the Learning Sciences},
}

@inproceedings{Adams:2009:TFE:1541948.1542006,
 author = {Adams, Marc A. and Marshall, Simon J. and Dillon, Lindsay and Caparosa, Susan and Ramirez, Ernesto and Phillips, Justin and Norman, Greg J.},
 title = {A Theory-based Framework for Evaluating Exergames As Persuasive Technology},
 booktitle = {Proceedings of the 4th International Conference on Persuasive Technology},
 series = {Persuasive '09},
 year = {2009},
 isbn = {978-1-60558-376-1},
 location = {Claremont, California, USA},
 pages = {45:1--45:8},
 articleno = {45},
 numpages = {8},
 url = {http://doi.acm.org/10.1145/1541948.1542006},
 doi = {10.1145/1541948.1542006},
 acmid = {1542006},
 publisher = {ACM},
 address = {New York, NY, USA},
 keywords = {behavior analysis, exercise, exertainment, operant theory, physical activity, public health, video games},
}

@inproceedings{Bouchet:2017:CPR:3099023.3099036,
 author = {Bouchet, Fran\c{c}ois and Labarthe, Hugues and Yacef, Kalina and Bachelet, R{\'e}mi},
 title = {Comparing Peer Recommendation Strategies in a MOOC},
 booktitle = {Adjunct Publication of the 25th Conference on User Modeling, Adaptation and Personalization},
 series = {UMAP '17},
 year = {2017},
 isbn = {978-1-4503-5067-9},
 location = {Bratislava, Slovakia},
 pages = {129--134},
 numpages = {6},
 url = {http://doi.acm.org/10.1145/3099023.3099036},
 doi = {10.1145/3099023.3099036},
 acmid = {3099036},
 publisher = {ACM},
 address = {New York, NY, USA},
 keywords = {attrition, clustering, mooc, peer recommendation, recommendation strategies},
}

@inproceedings{Atkinson:2016:BBD:2982142.2982183,
 author = {Atkinson, Keith and Barnes, Jaclyn and Albee, Judith and Anttila, Peter and Haataja, Judith and Nanavati, Kanak and Steelman, Kelly and Wallace, Charles},
 title = {Breaking Barriers to Digital Literacy: An Intergenerational Social-Cognitive Approach},
 booktitle = {Proceedings of the 18th International ACM SIGACCESS Conference on Computers and Accessibility},
 series = {ASSETS '16},
 year = {2016},
 isbn = {978-1-4503-4124-0},
 location = {Reno, Nevada, USA},
 pages = {239--244},
 numpages = {6},
 url = {http://doi.acm.org/10.1145/2982142.2982183},
 doi = {10.1145/2982142.2982183},
 acmid = {2982183},
 publisher = {ACM},
 address = {New York, NY, USA},
 keywords = {ac- cessibility, collaborative learning, digital literacy, senior citizens},
}

@inproceedings{Ino:2005:PWG:1060745.1060841,
 author = {Ino, Hidehiko and Kudo, Mineichi and Nakamura, Atsuyoshi},
 title = {Partitioning of Web Graphs by Community Topology},
 booktitle = {Proceedings of the 14th International Conference on World Wide Web},
 series = {WWW '05},
 year = {2005},
 isbn = {1-59593-046-9},
 location = {Chiba, Japan},
 pages = {661--669},
 numpages = {9},
 url = {http://doi.acm.org/10.1145/1060745.1060841},
 doi = {10.1145/1060745.1060841},
 acmid = {1060841},
 publisher = {ACM},
 address = {New York, NY, USA},
 keywords = {Web community, graph partitioning, maximum flow algorithm},
}

@inproceedings{Kandias:2013:PIT:2517840.2517865,
 author = {Kandias, Miltiadis and Stavrou, Vasilis and Bozovic, Nick and Gritzalis, Dimitris},
 title = {Proactive Insider Threat Detection Through Social Media: The YouTube Case},
 booktitle = {Proceedings of the 12th ACM Workshop on Workshop on Privacy in the Electronic Society},
 series = {WPES '13},
 year = {2013},
 isbn = {978-1-4503-2485-4},
 location = {Berlin, Germany},
 pages = {261--266},
 numpages = {6},
 url = {http://doi.acm.org/10.1145/2517840.2517865},
 doi = {10.1145/2517840.2517865},
 acmid = {2517865},
 publisher = {ACM},
 address = {New York, NY, USA},
 keywords = {behavior prediction, insider threat, privacy, security officer, social media, youtube},
}

@inproceedings{Kilamo:2012:TCS:2337223.2337376,
 author = {Kilamo, Terhi and Hammouda, Imed and Chatti, Mohamed Amine},
 title = {Teaching Collaborative Software Development: A Case Study},
 booktitle = {Proceedings of the 34th International Conference on Software Engineering},
 series = {ICSE '12},
 year = {2012},
 isbn = {978-1-4673-1067-3},
 location = {Zurich, Switzerland},
 pages = {1165--1174},
 numpages = {10},
 url = {http://dl.acm.org/citation.cfm?id=2337223.2337376},
 acmid = {2337376},
 publisher = {IEEE Press},
 address = {Piscataway, NJ, USA},
}

@inproceedings{Wegerif:2005:TDU:1149293.1149386,
 author = {Wegerif, Rupert},
 title = {Towards a Dialogic Understanding of the Relationship Between CSCL and Teaching Thinking Skills},
 booktitle = {Proceedings of th 2005 Conference on Computer Support for Collaborative Learning: Learning 2005: The Next 10 Years!},
 series = {CSCL '05},
 year = {2005},
 isbn = {0-8058-5782-6},
 location = {Taipei, Taiwan},
 pages = {707--716},
 numpages = {10},
 url = {http://dl.acm.org/citation.cfm?id=1149293.1149386},
 acmid = {1149386},
 publisher = {International Society of the Learning Sciences},
 keywords = {CSCL, affordances, creativity, dialogic, learning to learn, thinking skills},
}

@inproceedings{Chang:2014:IBY:2617848.2617850,
 author = {Chang, Chen-Chi and Cheng-Chieh, Wu and Chen, Sheng-Chi},
 title = {The Influence of Bring Your Own Device on the Psychological Climate at Workplace},
 booktitle = {Proceedings of the Sixteenth International Conference on Electronic Commerce},
 series = {ICEC '14},
 year = {2014},
 isbn = {978-1-4503-2618-6},
 location = {Philadelphia, PA, USA},
 pages = {9:9--9:16},
 articleno = {9},
 numpages = {8},
 url = {http://doi.acm.org/10.1145/2617848.2617850},
 doi = {10.1145/2617848.2617850},
 acmid = {2617850},
 publisher = {ACM},
 address = {New York, NY, USA},
 keywords = {BYOD, Life-Work Conflict, Psychological Climate, Psychological Meaningfulness, Psychological Safety, Work-Life Conflict},
}

@article{Baker:2009:LTR:1578012.1578013,
 author = {Baker, Ken A.},
 title = {Learning Theory and the Re-education of Older Software Engineers},
 journal = {SIGITERes. IT},
 issue_date = {July 2009},
 volume = {6},
 number = {2},
 month = jul,
 year = {2009},
 issn = {1944-0278},
 pages = {2--10},
 numpages = {9},
 url = {http://doi.acm.org/10.1145/1578012.1578013},
 doi = {10.1145/1578012.1578013},
 acmid = {1578013},
 publisher = {ACM},
 address = {New York, NY, USA},
 keywords = {behaviorist, cognitive, cognitive load theory, learning theory, memory and motivation, paradigm shift, social learning},
}

@inproceedings{Kilner:2005:AOP:1149293.1149328,
 author = {Kilner, Peter G. and Hoadley, Christopher M.},
 title = {Anonymity Options and Professional Participation in an Online Community of Practice},
 booktitle = {Proceedings of th 2005 Conference on Computer Support for Collaborative Learning: Learning 2005: The Next 10 Years!},
 series = {CSCL '05},
 year = {2005},
 isbn = {0-8058-5782-6},
 location = {Taipei, Taiwan},
 pages = {272--280},
 numpages = {9},
 url = {http://dl.acm.org/citation.cfm?id=1149293.1149328},
 acmid = {1149328},
 publisher = {International Society of the Learning Sciences},
 keywords = {anonymity, asynchronous discussion, community of practice, facilitation, flaming, moderation, norms, online discussion, participation},
}

@inproceedings{Koren:2008:PIF:1367497.1367562,
 author = {Koren, Jonathan and Zhang, Yi and Liu, Xue},
 title = {Personalized Interactive Faceted Search},
 booktitle = {Proceedings of the 17th International Conference on World Wide Web},
 series = {WWW '08},
 year = {2008},
 isbn = {978-1-60558-085-2},
 location = {Beijing, China},
 pages = {477--486},
 numpages = {10},
 url = {http://doi.acm.org/10.1145/1367497.1367562},
 doi = {10.1145/1367497.1367562},
 acmid = {1367562},
 publisher = {ACM},
 address = {New York, NY, USA},
 keywords = {collaborative recommendation, evaluation, faceted search, interactive search, personalization, user modeling},
}

@inproceedings{Bower:2006:LSE:1151869.1151877,
 author = {Bower, Matt},
 title = {A Learning System Engineering Approach to Developing Online Courses},
 booktitle = {Proceedings of the 8th Australasian Conference on Computing Education - Volume 52},
 series = {ACE '06},
 year = {2006},
 isbn = {1-920682-34-1},
 location = {Hobart, Australia},
 pages = {45--54},
 numpages = {10},
 url = {http://dl.acm.org/citation.cfm?id=1151869.1151877},
 acmid = {1151877},
 publisher = {Australian Computer Society, Inc.},
 address = {Darlinghurst, Australia, Australia},
 keywords = {curriculum engineering, learning design, online learning, online technology},
}

@inproceedings{Janz:1998:BWT:279179.279188,
 author = {Janz, Brian D.},
 title = {The Best and Worst of Teams: Self-directed Work Teams As an Information Systems Development Workforce Strategy},
 booktitle = {Proceedings of the 1998 ACM SIGCPR Conference on Computer Personnel Research},
 series = {SIGCPR '98},
 year = {1998},
 isbn = {0-89791-959-9},
 location = {Boston, Massachusetts, USA},
 pages = {59--67},
 numpages = {9},
 url = {http://doi.acm.org/10.1145/279179.279188},
 doi = {10.1145/279179.279188},
 acmid = {279188},
 publisher = {ACM},
 address = {New York, NY, USA},
 keywords = {case studies, cooperative learning, information systems development, self-directed, teams},
}

@inproceedings{West:2010:DCW:1854360.1854404,
 author = {West, Richard},
 title = {Distributed Creativity Within a Community of Student Instructional Designers},
 booktitle = {Proceedings of the 9th International Conference of the Learning Sciences - Volume 1},
 series = {ICLS '10},
 year = {2010},
 location = {Chicago, Illinois},
 pages = {341--348},
 numpages = {8},
 url = {http://dl.acm.org/citation.cfm?id=1854360.1854404},
 acmid = {1854404},
 publisher = {International Society of the Learning Sciences},
}

@inproceedings{Dupuis:2016:CKO:2978178.2978185,
 author = {Dupuis, Marc and Khadeer, Samreen},
 title = {Curiosity Killed the Organization: A Psychological Comparison Between Malicious and Non-Malicious Insiders and the Insider Threat},
 booktitle = {Proceedings of the 5th Annual Conference on Research in Information Technology},
 series = {RIIT '16},
 year = {2016},
 isbn = {978-1-4503-4453-1},
 location = {Boston, Massachusetts, USA},
 pages = {35--40},
 numpages = {6},
 url = {http://doi.acm.org/10.1145/2978178.2978185},
 doi = {10.1145/2978178.2978185},
 acmid = {2978185},
 publisher = {ACM},
 address = {New York, NY, USA},
 keywords = {compliance, cyber security, governance, human factors, insider threat, intentional acts, malicious insiders, non-malicious insiders, organizational security, personality, psychological factors, risk management, trait affect, unintentional acts},
}

@inproceedings{Yu:2007:KCP:1235000.1235034,
 author = {Yu, Jie and Jiang, Zhenhui and Chan, Hock Chuan},
 title = {Knowledge Contribution in Problem Solving Virtual Communities: The Mediating Role of Individual Motivations},
 booktitle = {Proceedings of the 2007 ACM SIGMIS CPR Conference on Computer Personnel Research: The Global Information Technology Workforce},
 series = {SIGMIS CPR '07},
 year = {2007},
 isbn = {978-1-59593-641-7},
 location = {St. Louis, Missouri, USA},
 pages = {144--152},
 numpages = {9},
 url = {http://doi.acm.org/10.1145/1235000.1235034},
 doi = {10.1145/1235000.1235034},
 acmid = {1235034},
 publisher = {ACM},
 address = {New York, NY, USA},
 keywords = {expectancy-value theory, functional motivation theory, individual motivation, knowledge contribution, mechanisms, virtual community},
}

@inproceedings{Clarke-Midura:2018:NPM:3159450.3159525,
 author = {Clarke-Midura, Jody and Poole, Frederick and Pantic, Katarina and Hamilton, Megan and Sun, Chongning and Allan, Vicki},
 title = {How Near Peer Mentoring Affects Middle School Mentees},
 booktitle = {Proceedings of the 49th ACM Technical Symposium on Computer Science Education},
 series = {SIGCSE '18},
 year = {2018},
 isbn = {978-1-4503-5103-4},
 location = {Baltimore, Maryland, USA},
 pages = {664--669},
 numpages = {6},
 url = {http://doi.acm.org/10.1145/3159450.3159525},
 doi = {10.1145/3159450.3159525},
 acmid = {3159525},
 publisher = {ACM},
 address = {New York, NY, USA},
 keywords = {app inventor, middle school youth, near-peer mentors},
}

@article{Burton-Jones:2005:IDU:1066149.1066155,
 author = {Burton-Jones, Andrew and Hubona, Geoffrey S.},
 title = {Individual Differences and Usage Behavior: Revisiting a Technology Acceptance Model Assumption},
 journal = {SIGMIS Database},
 issue_date = {Spring 2005},
 volume = {36},
 number = {2},
 month = jun,
 year = {2005},
 issn = {0095-0033},
 pages = {58--77},
 numpages = {20},
 url = {http://doi.acm.org/10.1145/1066149.1066155},
 doi = {10.1145/1066149.1066155},
 acmid = {1066155},
 publisher = {ACM},
 address = {New York, NY, USA},
 keywords = {IT usage behavior, individual differences, technology acceptance model, user acceptance of IT},
}

@article{Silva:2014:PAA:2677016.2629436,
 author = {Silva, Thushari and Jian, Ma and Chen, Yang},
 title = {Process Analytics Approach for R\&\#38;D Project Selection},
 journal = {ACM Trans. Manage. Inf. Syst.},
 issue_date = {March 2015},
 volume = {5},
 number = {4},
 month = oct,
 year = {2014},
 issn = {2158-656X},
 pages = {21:1--21:34},
 articleno = {21},
 numpages = {34},
 url = {http://doi.acm.org/10.1145/2629436},
 doi = {10.1145/2629436},
 acmid = {2629436},
 publisher = {ACM},
 address = {New York, NY, USA},
 keywords = {Process analytics, big data, research analytics, reviewer assignment},
}

@article{Kher:2014:CWW:2621906.2621910,
 author = {Kher, Hemant V. and Serva, Mark A.},
 title = {Changing the Way We Study Change: Advocating Longitudinal Research in MIS},
 journal = {SIGMIS Database},
 issue_date = {May 2014},
 volume = {45},
 number = {2},
 month = may,
 year = {2014},
 issn = {0095-0033},
 pages = {45--60},
 numpages = {16},
 url = {http://doi.acm.org/10.1145/2621906.2621910},
 doi = {10.1145/2621906.2621910},
 acmid = {2621910},
 publisher = {ACM},
 address = {New York, NY, USA},
 keywords = {latent growth models, longitudinal methods, random coefficients models},
}

@inproceedings{Courtois:2012:SCH:2325616.2325621,
 author = {Courtois, C{\'e}dric and Van Lier, Julie},
 title = {Socio-spatial Context and the Habit-goal Interface in Audiovisual Media Consumption: An Inter-paradigmatic Approach},
 booktitle = {Proceedings of the 10th European Conference on Interactive TV and Video},
 series = {EuroITV '12},
 year = {2012},
 isbn = {978-1-4503-1107-6},
 location = {Berlin, Germany},
 pages = {9--18},
 numpages = {10},
 url = {http://doi.acm.org/10.1145/2325616.2325621},
 doi = {10.1145/2325616.2325621},
 acmid = {2325621},
 publisher = {ACM},
 address = {New York, NY, USA},
 keywords = {audiovisual media consumption, domestication theory, inter-paradigmatic research, socio-spatial context},
}

@inproceedings{Katzeff:2006:VSM:1182475.1182508,
 author = {Katzeff, Cecilia and Ware, Vanessa},
 title = {Video Storytelling As Mediation of Organizational Learning},
 booktitle = {Proceedings of the 4th Nordic Conference on Human-computer Interaction: Changing Roles},
 series = {NordiCHI '06},
 year = {2006},
 isbn = {1-59593-325-5},
 location = {Oslo, Norway},
 pages = {311--320},
 numpages = {10},
 url = {http://doi.acm.org/10.1145/1182475.1182508},
 doi = {10.1145/1182475.1182508},
 acmid = {1182508},
 publisher = {ACM},
 address = {New York, NY, USA},
 keywords = {communities of practice, music festival, storytelling, video, volunteer work, workplace learning},
}

@inproceedings{Dunwell:2014:GLA:2556288.2557281,
 author = {Dunwell, Ian and de Freitas, Sara and Petridis, Panagiotis and Hendrix, Maurice and Arnab, Sylvester and Lameras, Petros and Stewart, Craig},
 title = {A Game-based Learning Approach to Road Safety: The Code of Everand},
 booktitle = {Proceedings of the SIGCHI Conference on Human Factors in Computing Systems},
 series = {CHI '14},
 year = {2014},
 isbn = {978-1-4503-2473-1},
 location = {Toronto, Ontario, Canada},
 pages = {3389--3398},
 numpages = {10},
 url = {http://doi.acm.org/10.1145/2556288.2557281},
 doi = {10.1145/2556288.2557281},
 acmid = {2557281},
 publisher = {ACM},
 address = {New York, NY, USA},
 keywords = {attitudinal change, e-learning, game-based interfaces, gamification, road safety, serious games},
}

@inproceedings{Dunwell:2014:GLA:2611222.2557281,
 author = {Dunwell, Ian and de Freitas, Sara and Petridis, Panagiotis and Hendrix, Maurice and Arnab, Sylvester and Lameras, Petros and Stewart, Craig},
 title = {A Game-based Learning Approach to Road Safety: The Code of Everand},
 booktitle = {Proceedings of the 32Nd Annual ACM Conference on Human Factors in Computing Systems},
 series = {CHI '14},
 year = {2014},
 isbn = {978-1-4503-2473-1},
 location = {Toronto, Ontario, Canada},
 pages = {3389--3398},
 numpages = {10},
 url = {http://doi.acm.org/10.1145/2556288.2557281},
 doi = {10.1145/2556288.2557281},
 acmid = {2557281},
 publisher = {ACM},
 address = {New York, NY, USA},
 keywords = {attitudinal change, e-learning, game-based interfaces, gamification, road safety, serious games},
}

@proceedings{Yesilada:2008:1368044,
 title = {W4A '08: Proceedings of the 2008 International Cross-disciplinary Conference on Web Accessibility (W4A)},
 year = {2008},
 isbn = {978-1-60558-153-8},
 location = {Beijing, China},
 publisher = {ACM},
 address = {New York, NY, USA},
}

@inproceedings{Economou:2001:UCV:584993.585052,
 author = {Economou, Daphne and Mitchell, William and Pettifer, Steve and Cook, Jon and Marsh, James},
 title = {User Centred Virtual Actor Technology},
 booktitle = {Proceedings of the 2001 Conference on Virtual Reality, Archeology, and Cultural Heritage},
 series = {VAST '01},
 year = {2001},
 isbn = {1-58113-447-9},
 location = {Glyfada, Greece},
 pages = {323--332},
 numpages = {10},
 url = {http://doi.acm.org/10.1145/584993.585052},
 doi = {10.1145/584993.585052},
 acmid = {585052},
 publisher = {ACM},
 address = {New York, NY, USA},
 keywords = {collaborative virtual environments, design guidelines, evaluation, interaction analysis, pedagogy, technology requirements},
}

@inproceedings{Singh:2012:NIL:2389176.2389186,
 author = {Singh, Vandana},
 title = {Newcomer Integration and Learning in Technical Support Communities for Open Source Software},
 booktitle = {Proceedings of the 17th ACM International Conference on Supporting Group Work},
 series = {GROUP '12},
 year = {2012},
 isbn = {978-1-4503-1486-2},
 location = {Sanibel Island, Florida, USA},
 pages = {65--74},
 numpages = {10},
 url = {http://doi.acm.org/10.1145/2389176.2389186},
 doi = {10.1145/2389176.2389186},
 acmid = {2389186},
 publisher = {ACM},
 address = {New York, NY, USA},
 keywords = {cyber learning, distance education, learning, newcomer integrations, online communities, open source software, virtual communities},
}

@inproceedings{Shayo:1998:RCM:279179.279216,
 author = {Shayo, Conrad and Olfman, Lorne},
 title = {The Role of Conceptual Models in Formal Software Training},
 booktitle = {Proceedings of the 1998 ACM SIGCPR Conference on Computer Personnel Research},
 series = {SIGCPR '98},
 year = {1998},
 isbn = {0-89791-959-9},
 location = {Boston, Massachusetts, USA},
 pages = {242--253},
 numpages = {12},
 url = {http://doi.acm.org/10.1145/279179.279216},
 doi = {10.1145/279179.279216},
 acmid = {279216},
 publisher = {ACM},
 address = {New York, NY, USA},
 keywords = {conceptual models, mental models, user training},
}

@inproceedings{Mayer:2017:RBF:3098954.3098986,
 author = {Mayer, Peter and Kunz, Alexandra and Volkamer, Melanie},
 title = {Reliable Behavioural Factors in the Information Security Context},
 booktitle = {Proceedings of the 12th International Conference on Availability, Reliability and Security},
 series = {ARES '17},
 year = {2017},
 isbn = {978-1-4503-5257-4},
 location = {Reggio Calabria, Italy},
 pages = {9:1--9:10},
 articleno = {9},
 numpages = {10},
 url = {http://doi.acm.org/10.1145/3098954.3098986},
 doi = {10.1145/3098954.3098986},
 acmid = {3098986},
 publisher = {ACM},
 address = {New York, NY, USA},
 keywords = {Behavioural Factors, Behavioural Theories, Information Security},
}

@inproceedings{Burke:2011:PCS:2103354.2103356,
 author = {Burke, Moira and Settles, Burr},
 title = {Plugged in to the Community: Social Motivators in Online Goal-setting Groups},
 booktitle = {Proceedings of the 5th International Conference on Communities and Technologies},
 series = {C\&\#38;T '11},
 year = {2011},
 isbn = {978-1-4503-0824-3},
 location = {Brisbane, Australia},
 pages = {1--10},
 numpages = {10},
 url = {http://doi.acm.org/10.1145/2103354.2103356},
 doi = {10.1145/2103354.2103356},
 acmid = {2103356},
 publisher = {ACM},
 address = {New York, NY, USA},
 keywords = {collaboration, feedback, goal-setting, social facilitation},
}

@inproceedings{Lai:2014:EES:2557500.2557539,
 author = {Lai, Jennifer and Lu, Jie and Pan, Shimei and Soroker, Danny and Topkara, Mercan and Weisz, Justin and Boston, Jeff and Crawford, Jason},
 title = {Expediting Expertise: Supporting Informal Social Learning in the Enterprise},
 booktitle = {Proceedings of the 19th International Conference on Intelligent User Interfaces},
 series = {IUI '14},
 year = {2014},
 isbn = {978-1-4503-2184-6},
 location = {Haifa, Israel},
 pages = {133--142},
 numpages = {10},
 url = {http://doi.acm.org/10.1145/2557500.2557539},
 doi = {10.1145/2557500.2557539},
 acmid = {2557539},
 publisher = {ACM},
 address = {New York, NY, USA},
 keywords = {assessment, expertise, informal, learning, personalized, recommendation., social},
}

@inproceedings{Bellini:2018:RPM:3173574.3173809,
 author = {Bellini, Rosanna and Olivier, Patrick and Comber, Rob},
 title = {``That Really Pushes My Buttons'': Designing Bullying and Harassment Training for the Workplace},
 booktitle = {Proceedings of the 2018 CHI Conference on Human Factors in Computing Systems},
 series = {CHI '18},
 year = {2018},
 isbn = {978-1-4503-5620-6},
 location = {Montreal QC, Canada},
 pages = {235:1--235:14},
 articleno = {235},
 numpages = {14},
 url = {http://doi.acm.org/10.1145/3173574.3173809},
 doi = {10.1145/3173574.3173809},
 acmid = {3173809},
 publisher = {ACM},
 address = {New York, NY, USA},
 keywords = {data-in-place, training, workplace bullying, workplace harassment},
}

@inproceedings{Lee:2015:CEO:2787622.2787709,
 author = {Lee, Michael J. and Ko, Andrew J.},
 title = {Comparing the Effectiveness of Online Learning Approaches on CS1 Learning Outcomes},
 booktitle = {Proceedings of the Eleventh Annual International Conference on International Computing Education Research},
 series = {ICER '15},
 year = {2015},
 isbn = {978-1-4503-3630-7},
 location = {Omaha, Nebraska, USA},
 pages = {237--246},
 numpages = {10},
 url = {http://doi.acm.org/10.1145/2787622.2787709},
 doi = {10.1145/2787622.2787709},
 acmid = {2787709},
 publisher = {ACM},
 address = {New York, NY, USA},
 keywords = {codecademy, computing education, debugging, educational game, gidget, learning outcomes, programming},
}

@inproceedings{Mamykina:2016:LCO:2858036.2858560,
 author = {Mamykina, Lena and Smyth, Thomas N. and Dimond, Jill P. and Gajos, Krzysztof Z.},
 title = {Learning From the Crowd: Observational Learning in Crowdsourcing Communities},
 booktitle = {Proceedings of the 2016 CHI Conference on Human Factors in Computing Systems},
 series = {CHI '16},
 year = {2016},
 isbn = {978-1-4503-3362-7},
 location = {San Jose, California, USA},
 pages = {2635--2644},
 numpages = {10},
 url = {http://doi.acm.org/10.1145/2858036.2858560},
 doi = {10.1145/2858036.2858560},
 acmid = {2858560},
 publisher = {ACM},
 address = {New York, NY, USA},
 keywords = {crowdsourcing, nutritional assessment, observational learning},
}

@inproceedings{Olfman:1997:RTP:268820.268887,
 author = {Olfman, Lorne and Shayo, Conrad},
 title = {The Role of Training in Preparing End Users to Learn New but Similar Software Packages},
 booktitle = {Proceedings of the 1997 ACM SIGCPR Conference on Computer Personnel Research},
 series = {SIGCPR '97},
 year = {1997},
 isbn = {0-89791-904-1},
 location = {San Francisco, California, USA},
 pages = {210--223},
 numpages = {14},
 url = {http://doi.acm.org/10.1145/268820.268887},
 doi = {10.1145/268820.268887},
 acmid = {268887},
 publisher = {ACM},
 address = {New York, NY, USA},
}

@inproceedings{Balapumi:2016:FIU:2843043.2843067,
 author = {Balapumi, Rohini and von Konsky, Brian R. and Aitken, Ashley and McMeekin, David A.},
 title = {Factors Influencing University Students' Self-regulation of Learning: An Exploratory Study},
 booktitle = {Proceedings of the Australasian Computer Science Week Multiconference},
 series = {ACSW '16},
 year = {2016},
 isbn = {978-1-4503-4042-7},
 location = {Canberra, Australia},
 pages = {5:1--5:9},
 articleno = {5},
 numpages = {9},
 url = {http://doi.acm.org/10.1145/2843043.2843067},
 doi = {10.1145/2843043.2843067},
 acmid = {2843067},
 publisher = {ACM},
 address = {New York, NY, USA},
 keywords = {australia, higher education, self-regulated learning (SRL)},
}

@inproceedings{Sharmin:2015:VTS:2750858.2807537,
 author = {Sharmin, Moushumi and Raij, Andrew and Epstien, David and Nahum-Shani, Inbal and Beck, J. Gayle and Vhaduri, Sudip and Preston, Kenzie and Kumar, Santosh},
 title = {Visualization of Time-series Sensor Data to Inform the Design of Just-in-time Adaptive Stress Interventions},
 booktitle = {Proceedings of the 2015 ACM International Joint Conference on Pervasive and Ubiquitous Computing},
 series = {UbiComp '15},
 year = {2015},
 isbn = {978-1-4503-3574-4},
 location = {Osaka, Japan},
 pages = {505--516},
 numpages = {12},
 url = {http://doi.acm.org/10.1145/2750858.2807537},
 doi = {10.1145/2750858.2807537},
 acmid = {2807537},
 publisher = {ACM},
 address = {New York, NY, USA},
 keywords = {just-in-time adaptive interventions (JITAIs), stress, stress management, visualization},
}

@inproceedings{Wilder:2018:ONS:3237383.3237507,
 author = {Wilder, Bryan and Ou, Han Ching and de la Haye, Kayla and Tambe, Milind},
 title = {Optimizing Network Structure for Preventative Health},
 booktitle = {Proceedings of the 17th International Conference on Autonomous Agents and MultiAgent Systems},
 series = {AAMAS '18},
 year = {2018},
 location = {Stockholm, Sweden},
 pages = {841--849},
 numpages = {9},
 url = {http://dl.acm.org/citation.cfm?id=3237383.3237507},
 acmid = {3237507},
 publisher = {International Foundation for Autonomous Agents and Multiagent Systems},
 address = {Richland, SC},
 keywords = {network design, preventative health, social networks},
}

@inproceedings{Ammari:2015:NEF:2702123.2702324,
 author = {Ammari, Tawfiq and Schoenebeck, Sarita},
 title = {Networked Empowerment on Facebook Groups for Parents of Children with Special Needs},
 booktitle = {Proceedings of the 33rd Annual ACM Conference on Human Factors in Computing Systems},
 series = {CHI '15},
 year = {2015},
 isbn = {978-1-4503-3145-6},
 location = {Seoul, Republic of Korea},
 pages = {2805--2814},
 numpages = {10},
 url = {http://doi.acm.org/10.1145/2702123.2702324},
 doi = {10.1145/2702123.2702324},
 acmid = {2702324},
 publisher = {ACM},
 address = {New York, NY, USA},
 keywords = {children, disabilities, empowerment, parents, social media, special needs},
}

@inproceedings{Wohn:2012:HEP:2207676.2208697,
 author = {Wohn, Donghee and Velasquez, Alcides and Bjornrud, Tor and Lampe, Cliff},
 title = {Habit As an Explanation of Participation in an Online Peer-production Community},
 booktitle = {Proceedings of the SIGCHI Conference on Human Factors in Computing Systems},
 series = {CHI '12},
 year = {2012},
 isbn = {978-1-4503-1015-4},
 location = {Austin, Texas, USA},
 pages = {2905--2914},
 numpages = {10},
 url = {http://doi.acm.org/10.1145/2207676.2208697},
 doi = {10.1145/2207676.2208697},
 acmid = {2208697},
 publisher = {ACM},
 address = {New York, NY, USA},
 keywords = {computer supported collaborative work, habit, motivations, online community},
}

@inproceedings{Borsa:2019:OLR:3306127.3331811,
 author = {Borsa, Diana and Heess, Nicolas and Piot, Bilal and Liu, Siqi and Hasenclever, Leonard and Munos, Remi and Pietquin, Olivier},
 title = {Observational Learning by Reinforcement Learning},
 booktitle = {Proceedings of the 18th International Conference on Autonomous Agents and MultiAgent Systems},
 series = {AAMAS '19},
 year = {2019},
 isbn = {978-1-4503-6309-9},
 location = {Montreal QC, Canada},
 pages = {1117--1124},
 numpages = {8},
 url = {http://dl.acm.org/citation.cfm?id=3306127.3331811},
 acmid = {3331811},
 publisher = {International Foundation for Autonomous Agents and Multiagent Systems},
 address = {Richland, SC},
 keywords = {imitation, information seeking, learning from other agents, observational learning, reinforcement learning},
}

@article{Maitland:2011:TNF:1971706.1971710,
 author = {Maitland, Julie},
 title = {Towards Negotiation As a Framework for Health Promoting Technology},
 journal = {SIGHIT Rec.},
 issue_date = {March 2011},
 volume = {1},
 number = {1},
 month = mar,
 year = {2011},
 issn = {2158-8813},
 pages = {10--19},
 numpages = {10},
 url = {http://doi.acm.org/10.1145/1971706.1971710},
 doi = {10.1145/1971706.1971710},
 acmid = {1971710},
 publisher = {ACM},
 address = {New York, NY, USA},
 keywords = {health promotion, health-related behavioural change, persuasion},
}

@inproceedings{East:2006:MTT:1151588.1151596,
 author = {East, J. Philip},
 title = {On Models of and for Teaching: Toward Theory-based Computing Education},
 booktitle = {Proceedings of the Second International Workshop on Computing Education Research},
 series = {ICER '06},
 year = {2006},
 isbn = {1-59593-494-4},
 location = {Canterbury, United Kingdom},
 pages = {41--50},
 numpages = {10},
 url = {http://doi.acm.org/10.1145/1151588.1151596},
 doi = {10.1145/1151588.1151596},
 acmid = {1151596},
 publisher = {ACM},
 address = {New York, NY, USA},
 keywords = {learning theory, pedagogical theory, theory of instruction, theory-based research, theory-based teaching},
}

@inproceedings{Ko:2015:FFP:2750858.2804283,
 author = {Ko, Minsam and Choi, Seungwoo and Yang, Subin and Lee, Joonwon and Lee, Uichin},
 title = {FamiLync: Facilitating Participatory Parental Mediation of Adolescents' Smartphone Use},
 booktitle = {Proceedings of the 2015 ACM International Joint Conference on Pervasive and Ubiquitous Computing},
 series = {UbiComp '15},
 year = {2015},
 isbn = {978-1-4503-3574-4},
 location = {Osaka, Japan},
 pages = {867--878},
 numpages = {12},
 url = {http://doi.acm.org/10.1145/2750858.2804283},
 doi = {10.1145/2750858.2804283},
 acmid = {2804283},
 publisher = {ACM},
 address = {New York, NY, USA},
 keywords = {adolescents' smartphone overuse, parental mediation, participatory learning},
}

@inproceedings{Dillahunt:2009:GEU:1620545.1620583,
 author = {Dillahunt, Tawanna and Mankoff, Jennifer and Paulos, Eric and Fussell, Susan},
 title = {It's Not All About "Green": Energy Use in Low-income Communities},
 booktitle = {Proceedings of the 11th International Conference on Ubiquitous Computing},
 series = {UbiComp '09},
 year = {2009},
 isbn = {978-1-60558-431-7},
 location = {Orlando, Florida, USA},
 pages = {255--264},
 numpages = {10},
 url = {http://doi.acm.org/10.1145/1620545.1620583},
 doi = {10.1145/1620545.1620583},
 acmid = {1620583},
 publisher = {ACM},
 address = {New York, NY, USA},
 keywords = {domestic computing, low-income, sustainability},
}

@inproceedings{Comber:2013:FPS:2470654.2481340,
 author = {Comber, Rob and Hoonhout, Jettie and van Halteren, Aart and Moynihan, Paula and Olivier, Patrick},
 title = {Food Practices As Situated Action: Exploring and Designing for Everyday Food Practices with Households},
 booktitle = {Proceedings of the SIGCHI Conference on Human Factors in Computing Systems},
 series = {CHI '13},
 year = {2013},
 isbn = {978-1-4503-1899-0},
 location = {Paris, France},
 pages = {2457--2466},
 numpages = {10},
 url = {http://doi.acm.org/10.1145/2470654.2481340},
 doi = {10.1145/2470654.2481340},
 acmid = {2481340},
 publisher = {ACM},
 address = {New York, NY, USA},
 keywords = {everyday practice, food, health, situated action},
}

@article{Wall:2018:OMI:3210530.3210536,
 author = {Wall, Jeffrey D. and Singh, Rahul},
 title = {The Organization Man and the Innovator: Theoretical Archetypes to Inform Behavioral Information Security Research},
 journal = {SIGMIS Database},
 issue_date = {April 2018},
 volume = {49},
 number = {SI},
 month = apr,
 year = {2018},
 issn = {0095-0033},
 pages = {67--80},
 numpages = {14},
 url = {http://doi.acm.org/10.1145/3210530.3210536},
 doi = {10.1145/3210530.3210536},
 acmid = {3210536},
 publisher = {ACM},
 address = {New York, NY, USA},
 keywords = {archetype, bricoleur, engineer, information security, innovator, organization man, risk},
}

@inproceedings{Shillair:2016:TOS:2987592.2987605,
 author = {Shillair, Ruth},
 title = {Talking About Online Safety: A Qualitative Study Exploring the Cybersecurity Learning Process of Online Labor Market Workers},
 booktitle = {Proceedings of the 34th ACM International Conference on the Design of Communication},
 series = {SIGDOC '16},
 year = {2016},
 isbn = {978-1-4503-4495-1},
 location = {Silver Spring, MD, USA},
 pages = {21:1--21:9},
 articleno = {21},
 numpages = {9},
 url = {http://doi.acm.org/10.1145/2987592.2987605},
 doi = {10.1145/2987592.2987605},
 acmid = {2987605},
 publisher = {ACM},
 address = {New York, NY, USA},
 keywords = {Security, learning about online security, learning theories for online security},
}

@article{Trower:1991:IPT:126524.126531,
 author = {Trower, Jonathan K. and Straub,Jr., Detmar W.},
 title = {Improving the Performance of Technologists and Users on Interdisciplinary Teams: An Analysis of Information Systems Project Teams},
 journal = {SIGCPR Comput. Pers.},
 issue_date = {Nov. 1991},
 volume = {13},
 number = {3},
 month = nov,
 year = {1991},
 issn = {0160-2497},
 pages = {60--72},
 numpages = {13},
 url = {http://doi.acm.org/10.1145/126524.126531},
 doi = {10.1145/126524.126531},
 acmid = {126531},
 publisher = {ACM},
 address = {New York, NY, USA},
}

@article{Santana:1995:PCD:216504.216508,
 author = {Santana, Martin and Robey, Daniel},
 title = {Perceptions of Control During Systems Development: Effects on Job Satisfaction of Systems Professionals},
 journal = {SIGCPR Comput. Pers.},
 issue_date = {Jan. 1995},
 volume = {16},
 number = {1},
 month = jan,
 year = {1995},
 issn = {0160-2497},
 pages = {20--34},
 numpages = {15},
 url = {http://doi.acm.org/10.1145/216504.216508},
 doi = {10.1145/216504.216508},
 acmid = {216508},
 publisher = {ACM},
 address = {New York, NY, USA},
}

@inproceedings{Ferratt:1992:MWE:144001.144087,
 author = {Ferratt, Thomas W. and Agarwal, Ritu and Short, Larry E.},
 title = {Measuring Work-unit Environment and Demonstrated Skill at Supervising: Instrument Development, Validation, and Scoring with Information Systems Supervisors},
 booktitle = {Proceedings of the 1992 ACM SIGCPR Conference on Computer Personnel Research},
 series = {SIGCPR '92},
 year = {1992},
 isbn = {0-89791-500-3},
 location = {Cincinnati, Ohio, USA},
 pages = {287--308},
 numpages = {22},
 url = {http://doi.acm.org/10.1145/144001.144087},
 doi = {10.1145/144001.144087},
 acmid = {144087},
 publisher = {ACM},
 address = {New York, NY, USA},
}

@article{Flores:2018:IQA:3229521.3182182,
 author = {Flores, Javier and Sun, Jun},
 title = {Information Quality Awareness and Information Quality Practice},
 journal = {J. Data and Information Quality},
 issue_date = {May 2018},
 volume = {10},
 number = {1},
 month = may,
 year = {2018},
 issn = {1936-1955},
 pages = {2:1--2:18},
 articleno = {2},
 numpages = {18},
 url = {http://doi.acm.org/10.1145/3182182},
 doi = {10.1145/3182182},
 acmid = {3182182},
 publisher = {ACM},
 address = {New York, NY, USA},
 keywords = {Data quality, awareness, behavior concerning information quality, information quality, motivation concerning information quality, practice, technology policy},
}

@inproceedings{Ammari:2015:USF:2702123.2702205,
 author = {Ammari, Tawfiq and Schoenebeck, Sarita},
 title = {Understanding and Supporting Fathers and Fatherhood on Social Media Sites},
 booktitle = {Proceedings of the 33rd Annual ACM Conference on Human Factors in Computing Systems},
 series = {CHI '15},
 year = {2015},
 isbn = {978-1-4503-3145-6},
 location = {Seoul, Republic of Korea},
 pages = {1905--1914},
 numpages = {10},
 url = {http://doi.acm.org/10.1145/2702123.2702205},
 doi = {10.1145/2702123.2702205},
 acmid = {2702205},
 publisher = {ACM},
 address = {New York, NY, USA},
 keywords = {fathers, internet, parents, social media},
}

@inproceedings{Sun:2015:IAM:2857070.2857116,
 author = {Sun, Si and Belkin, Nicholas J.},
 title = {Information Attribute Motivators of Personal Health Information Management Activities},
 booktitle = {Proceedings of the 78th ASIS\&T Annual Meeting: Information Science with Impact: Research in and for the Community},
 series = {ASIST '15},
 year = {2015},
 isbn = {0-87715-547-X},
 location = {St. Louis, Missouri},
 pages = {46:1--46:10},
 articleno = {46},
 numpages = {10},
 url = {http://dl.acm.org/citation.cfm?id=2857070.2857116},
 acmid = {2857116},
 publisher = {American Society for Information Science},
 address = {Silver Springs, MD, USA},
 keywords = {attributes of information, diabetes, motivator, personal health information management, social context},
}

@inproceedings{Yun:2013:TMD:2470654.2466233,
 author = {Yun, Tae-Jung and Arriaga, Rosa I.},
 title = {A Text Message a Day Keeps the Pulmonologist Away},
 booktitle = {Proceedings of the SIGCHI Conference on Human Factors in Computing Systems},
 series = {CHI '13},
 year = {2013},
 isbn = {978-1-4503-1899-0},
 location = {Paris, France},
 pages = {1769--1778},
 numpages = {10},
 url = {http://doi.acm.org/10.1145/2470654.2466233},
 doi = {10.1145/2470654.2466233},
 acmid = {2466233},
 publisher = {ACM},
 address = {New York, NY, USA},
 keywords = {asthma, rct, replichi, sms, text message},
}

@article{deAguilera:2003:VGE:950566.950583,
 author = {de Aguilera, Miguel and Mendiz, Alfonso},
 title = {Video Games and Education: (Education in the Face of a ``Parallel School'')},
 journal = {Comput. Entertain.},
 issue_date = {October 2003},
 volume = {1},
 number = {1},
 month = oct,
 year = {2003},
 issn = {1544-3574},
 pages = {1:1--1:10},
 articleno = {1},
 numpages = {10},
 url = {http://doi.acm.org/10.1145/950566.950583},
 doi = {10.1145/950566.950583},
 acmid = {950583},
 publisher = {ACM},
 address = {New York, NY, USA},
 keywords = {bibliography, critical review, education, education reform, media effects, video games},
}

@inproceedings{Jansen:2017:PBT:3025453.3026003,
 author = {Jansen, Arne and Van Mechelen, Maarten and Slegers, Karin},
 title = {Personas and Behavioral Theories: A Case Study Using Self-Determination Theory to Construct Overweight Personas},
 booktitle = {Proceedings of the 2017 CHI Conference on Human Factors in Computing Systems},
 series = {CHI '17},
 year = {2017},
 isbn = {978-1-4503-4655-9},
 location = {Denver, Colorado, USA},
 pages = {2127--2136},
 numpages = {10},
 url = {http://doi.acm.org/10.1145/3025453.3026003},
 doi = {10.1145/3025453.3026003},
 acmid = {3026003},
 publisher = {ACM},
 address = {New York, NY, USA},
 keywords = {behavioral theories, design methods, obesity, personas, self-determination theory},
}

@inproceedings{Macvean:2013:UEU:2470654.2466163,
 author = {Macvean, Andrew and Robertson, Judy},
 title = {Understanding Exergame Users' Physical Activity, Motivation and Behavior over Time},
 booktitle = {Proceedings of the SIGCHI Conference on Human Factors in Computing Systems},
 series = {CHI '13},
 year = {2013},
 isbn = {978-1-4503-1899-0},
 location = {Paris, France},
 pages = {1251--1260},
 numpages = {10},
 url = {http://doi.acm.org/10.1145/2470654.2466163},
 doi = {10.1145/2470654.2466163},
 acmid = {2466163},
 publisher = {ACM},
 address = {New York, NY, USA},
 keywords = {behavior change, classroom intervention, exergames, motivation, self-efficacy},
}

@article{Balozian:2017:RSP:3130515.3130518,
 author = {Balozian, Puzant and Leidner, Dorothy},
 title = {Review of IS Security Policy Compliance: Toward the Building Blocks of an IS Security Theory},
 journal = {SIGMIS Database},
 issue_date = {August 2017},
 volume = {48},
 number = {3},
 month = aug,
 year = {2017},
 issn = {0095-0033},
 pages = {11--43},
 numpages = {33},
 url = {http://doi.acm.org/10.1145/3130515.3130518},
 doi = {10.1145/3130515.3130518},
 acmid = {3130518},
 publisher = {ACM},
 address = {New York, NY, USA},
 keywords = {compliance, information systems security, information systems security policy, insider threat, noncompliance, review},
}

@inproceedings{Warner:2017:HEC:3105726.3106174,
 author = {Warner, Jeremy and Guo, Philip J.},
 title = {Hack.Edu: Examining How College Hackathons Are Perceived By Student Attendees and Non-Attendees},
 booktitle = {Proceedings of the 2017 ACM Conference on International Computing Education Research},
 series = {ICER '17},
 year = {2017},
 isbn = {978-1-4503-4968-0},
 location = {Tacoma, Washington, USA},
 pages = {254--262},
 numpages = {9},
 url = {http://doi.acm.org/10.1145/3105726.3106174},
 doi = {10.1145/3105726.3106174},
 acmid = {3106174},
 publisher = {ACM},
 address = {New York, NY, USA},
 keywords = {college hackathon, informal learning, situated learning},
}

@inproceedings{Liu:2004:TTC:964442.964451,
 author = {Liu, Hugo and Maes, Pattie},
 title = {What Would They Think?: A Computational Model of Attitudes},
 booktitle = {Proceedings of the 9th International Conference on Intelligent User Interfaces},
 series = {IUI '04},
 year = {2004},
 isbn = {1-58113-815-6},
 location = {Funchal, Madeira, Portugal},
 pages = {38--45},
 numpages = {8},
 url = {http://doi.acm.org/10.1145/964442.964451},
 doi = {10.1145/964442.964451},
 acmid = {964451},
 publisher = {ACM},
 address = {New York, NY, USA},
 keywords = {affective interfaces, affective memory, user modeling},
}

@inproceedings{Huang:2016:CCI:2935334.2935387,
 author = {Huang, Yun and Zimmerman, John and Tomasic, Anthony and Steinfeld, Aaron},
 title = {Combining Contribution Interactions to Increase Coverage in Mobile Participatory Sensing Systems},
 booktitle = {Proceedings of the 18th International Conference on Human-Computer Interaction with Mobile Devices and Services},
 series = {MobileHCI '16},
 year = {2016},
 isbn = {978-1-4503-4408-1},
 location = {Florence, Italy},
 pages = {365--376},
 numpages = {12},
 url = {http://doi.acm.org/10.1145/2935334.2935387},
 doi = {10.1145/2935334.2935387},
 acmid = {2935387},
 publisher = {ACM},
 address = {New York, NY, USA},
 keywords = {coverage of service location, mobile crowdsourcing, participatory sensing, user contribution},
}

@inproceedings{Maitland:2011:DPI:1978942.1978988,
 author = {Maitland, Julie and Chalmers, Matthew},
 title = {Designing for Peer Involvement in Weight Management},
 booktitle = {Proceedings of the SIGCHI Conference on Human Factors in Computing Systems},
 series = {CHI '11},
 year = {2011},
 isbn = {978-1-4503-0228-9},
 location = {Vancouver, BC, Canada},
 pages = {315--324},
 numpages = {10},
 url = {http://doi.acm.org/10.1145/1978942.1978988},
 doi = {10.1145/1978942.1978988},
 acmid = {1978988},
 publisher = {ACM},
 address = {New York, NY, USA},
 keywords = {behavioral change, diet, health, obesity, physical activity, social influence, social networks, social support, weight},
}

@inproceedings{Burgermaster:2017:REC:3025453.3025874,
 author = {Burgermaster, Marissa and Gajos, Krzysztof Z. and Davidson, Patricia and Mamykina, Lena},
 title = {The Role of Explanations in Casual Observational Learning About Nutrition},
 booktitle = {Proceedings of the 2017 CHI Conference on Human Factors in Computing Systems},
 series = {CHI '17},
 year = {2017},
 isbn = {978-1-4503-4655-9},
 location = {Denver, Colorado, USA},
 pages = {4097--4145},
 numpages = {49},
 url = {http://doi.acm.org/10.1145/3025453.3025874},
 doi = {10.1145/3025453.3025874},
 acmid = {3025874},
 publisher = {ACM},
 address = {New York, NY, USA},
 keywords = {casual learning, crowdsourcing, nutrition literacy, observational learning},
}

@inproceedings{Sonne:2016:CFP:2858036.2858157,
 author = {Sonne, Tobias and M\"{u}ller, J\"{o}rg and Marshall, Paul and Obel, Carsten and Gr{\o}nb{\ae}k, Kaj},
 title = {Changing Family Practices with Assistive Technology: MOBERO Improves Morning and Bedtime Routines for Children with ADHD},
 booktitle = {Proceedings of the 2016 CHI Conference on Human Factors in Computing Systems},
 series = {CHI '16},
 year = {2016},
 isbn = {978-1-4503-3362-7},
 location = {San Jose, California, USA},
 pages = {152--164},
 numpages = {13},
 url = {http://doi.acm.org/10.1145/2858036.2858157},
 doi = {10.1145/2858036.2858157},
 acmid = {2858157},
 publisher = {ACM},
 address = {New York, NY, USA},
 keywords = {ADHD, assistive technology, attention deficit hyperactivity disorder, behavior change, children, mental health, mobile, routines, sleep},
}

@inproceedings{Koskosas:2004:IEC:1052220.1052264,
 author = {Koskosas, Ioannis V. and Paul, Ray J.},
 title = {The Interrelationship and Effect of Culture and Risk Communication in Setting Internet Banking Security Goals},
 booktitle = {Proceedings of the 6th International Conference on Electronic Commerce},
 series = {ICEC '04},
 year = {2004},
 isbn = {1-58113-930-6},
 location = {Delft, The Netherlands},
 pages = {341--350},
 numpages = {10},
 url = {http://doi.acm.org/10.1145/1052220.1052264},
 doi = {10.1145/1052220.1052264},
 acmid = {1052264},
 publisher = {ACM},
 address = {New York, NY, USA},
 keywords = {culture, information management, internet banking, risk communication, security},
}

@inproceedings{Balestra:2016:EES:2818048.2820012,
 author = {Balestra, Martina and Shaer, Orit and Okerlund, Johanna and Ball, Madeleine and Nov, Oded},
 title = {The Effect of Exposure to Social Annotation on Online Informed Consent Beliefs and Behavior},
 booktitle = {Proceedings of the 19th ACM Conference on Computer-Supported Cooperative Work \& Social Computing},
 series = {CSCW '16},
 year = {2016},
 isbn = {978-1-4503-3592-8},
 location = {San Francisco, California, USA},
 pages = {900--912},
 numpages = {13},
 url = {http://doi.acm.org/10.1145/2818048.2820012},
 doi = {10.1145/2818048.2820012},
 acmid = {2820012},
 publisher = {ACM},
 address = {New York, NY, USA},
 keywords = {Informed consent, personal genomics, social annotations, social influence},
}

@article{LeRouge:2013:CJS:2488968.2488972,
 author = {LeRouge, Cynthia M. and Wiley, Jack W. and Maertz,Jr., Carl P.},
 title = {A Comparison of Job Satisfaction Between It and non-IT Women Incumbents in Clerical, Professional, and Managerial Positions},
 journal = {SIGMIS Database},
 issue_date = {May 2013},
 volume = {44},
 number = {2},
 month = jun,
 year = {2013},
 issn = {0095-0033},
 pages = {39--54},
 numpages = {16},
 url = {http://doi.acm.org/10.1145/2488968.2488972},
 doi = {10.1145/2488968.2488972},
 acmid = {2488972},
 publisher = {ACM},
 address = {New York, NY, USA},
 keywords = {it women, job level, job satisfaction, occupation choice},
}

@article{Luse:2014:USE:2668970.2623198,
 author = {Luse, Andy and Rursch, Julie A. and Jacobson, Doug},
 title = {Utilizing Structural Equation Modeling and Social Cognitive Career Theory to Identify Factors in Choice of IT As a Major},
 journal = {Trans. Comput. Educ.},
 issue_date = {November 2014},
 volume = {14},
 number = {3},
 month = sep,
 year = {2014},
 issn = {1946-6226},
 pages = {19:1--19:19},
 articleno = {19},
 numpages = {19},
 url = {http://doi.acm.org/10.1145/2623198},
 doi = {10.1145/2623198},
 acmid = {2623198},
 publisher = {ACM},
 address = {New York, NY, USA},
 keywords = {Structural equation modeling, interest, self-efficacy, social cognitive career theory},
}

@inproceedings{Yarosh:2013:SDB:2470654.2466468,
 author = {Yarosh, Svetlana},
 title = {Shifting Dynamics or Breaking Sacred Traditions?: The Role of Technology in Twelve-step Fellowships},
 booktitle = {Proceedings of the SIGCHI Conference on Human Factors in Computing Systems},
 series = {CHI '13},
 year = {2013},
 isbn = {978-1-4503-1899-0},
 location = {Paris, France},
 pages = {3413--3422},
 numpages = {10},
 url = {http://doi.acm.org/10.1145/2470654.2466468},
 doi = {10.1145/2470654.2466468},
 acmid = {2466468},
 publisher = {ACM},
 address = {New York, NY, USA},
 keywords = {addiction, recovery, spirituality, twelve-step fellowships},
}

@article{Gupta:2010:ETM:1899639.1899641,
 author = {Gupta, Saurabh and Bostrom, Robert P. and Huber, Mark},
 title = {End-user Training Methods: What We Know, Need to Know},
 journal = {SIGMIS Database},
 issue_date = {November 2010},
 volume = {41},
 number = {4},
 month = dec,
 year = {2010},
 issn = {0095-0033},
 pages = {9--39},
 numpages = {31},
 url = {http://doi.acm.org/10.1145/1899639.1899641},
 doi = {10.1145/1899639.1899641},
 acmid = {1899641},
 publisher = {ACM},
 address = {New York, NY, USA},
 keywords = {collaborative learning, e-learning, end-user training, future research, individual differences, learning from computers, learning with computers, research framework, review},
}

@article{Tikka:2017:CRR:3128784.3128821,
 author = {Tikka, Piiastiina and Oinas-Kukkonen, Harri},
 title = {Contributing or Receiving-the Role of Social Interaction Styles in Persuasion over a Social Networking Platform},
 journal = {Personal Ubiquitous Comput.},
 issue_date = {August    2017},
 volume = {21},
 number = {4},
 month = aug,
 year = {2017},
 issn = {1617-4909},
 pages = {705--721},
 numpages = {17},
 url = {https://doi.org/10.1007/s00779-017-1027-z},
 doi = {10.1007/s00779-017-1027-z},
 acmid = {3128821},
 publisher = {Springer-Verlag},
 address = {Berlin, Heidelberg},
 keywords = {Behavior change, E-coaching, Need for cognition, Persuasive technology, Social network, Structural equation modeling},
}

@article{Bock:2010:RTC:1795377.1795385,
 author = {Bock, Gee-Woo and Shin, Yuhyung and Liu, Ping and Sun, Hua},
 title = {The Role of Task Characteristics and Organizational Culture in Non-work-related Computing: A Fit Perspective},
 journal = {SIGMIS Database},
 issue_date = {May 2010},
 volume = {41},
 number = {2},
 month = may,
 year = {2010},
 issn = {0095-0033},
 pages = {132--151},
 numpages = {20},
 url = {http://doi.acm.org/10.1145/1795377.1795385},
 doi = {10.1145/1795377.1795385},
 acmid = {1795385},
 publisher = {ACM},
 address = {New York, NY, USA},
 keywords = {fit, non-work related compting, organizational culture, task characteristics},
}

@article{Tausczik:2018:ECS:3234932.3191834,
 author = {Tausczik, Yla and Farzan, Rosta and Levine, John and Kraut, Robert},
 title = {Effects of Collective Socialization on Newcomers\&\#x02019; Response to Feedback in Online Communities},
 journal = {Trans. Soc. Comput.},
 issue_date = {June 2018},
 volume = {1},
 number = {2},
 month = jun,
 year = {2018},
 issn = {2469-7818},
 pages = {8:1--8:23},
 articleno = {8},
 numpages = {23},
 url = {http://doi.acm.org/10.1145/3191834},
 doi = {10.1145/3191834},
 acmid = {3191834},
 publisher = {ACM},
 address = {New York, NY, USA},
 keywords = {Collective socialization, Wikipedia, feedback intervention theory, social impact theory},
}

@inproceedings{Hui:2017:DMS:2998181.2998264,
 author = {Hui, Julie S. and Gerber, Elizabeth M.},
 title = {Developing Makerspaces As Sites of Entrepreneurship},
 booktitle = {Proceedings of the 2017 ACM Conference on Computer Supported Cooperative Work and Social Computing},
 series = {CSCW '17},
 year = {2017},
 isbn = {978-1-4503-4335-0},
 location = {Portland, Oregon, USA},
 pages = {2023--2038},
 numpages = {16},
 url = {http://doi.acm.org/10.1145/2998181.2998264},
 doi = {10.1145/2998181.2998264},
 acmid = {2998264},
 publisher = {ACM},
 address = {New York, NY, USA},
 keywords = {collaboration, entrepreneurship, hackerspace, learning, makerspace, self-efficacy, social computing},
}

@inproceedings{Blythe:2015:USP:3235866.3235875,
 author = {Blythe, John M. and Coventry, Lynne and Little, Linda},
 title = {Unpacking Security Policy Compliance: The Motivators and Barriers of Employees' Security Behaviors},
 booktitle = {Proceedings of the Eleventh USENIX Conference on Usable Privacy and Security},
 series = {SOUPS '15},
 year = {2015},
 isbn = {978-1-931971-249},
 location = {Ottawa, Canada},
 pages = {103--122},
 numpages = {20},
 url = {http://dl.acm.org/citation.cfm?id=3235866.3235875},
 acmid = {3235875},
 publisher = {USENIX Association},
 address = {Berkeley, CA, USA},
}

@article{Vitak:2018:IKT:3290265.3274445,
 author = {Vitak, Jessica and Liao, Yuting and Subramaniam, Mega and Kumar, Priya},
 title = {'I Knew It Was Too Good to Be True": The Challenges Economically Disadvantaged Internet Users Face in Assessing Trustworthiness, Avoiding Scams, and Developing Self-Efficacy Online},
 journal = {Proc. ACM Hum.-Comput. Interact.},
 issue_date = {November 2018},
 volume = {2},
 number = {CSCW},
 month = nov,
 year = {2018},
 issn = {2573-0142},
 pages = {176:1--176:25},
 articleno = {176},
 numpages = {25},
 url = {http://doi.acm.org/10.1145/3274445},
 doi = {10.1145/3274445},
 acmid = {3274445},
 publisher = {ACM},
 address = {New York, NY, USA},
 keywords = {digital divide, digital literacy, low socioeconomic status, marginalized populations, privacy, scams, security},
}

@article{Dong:2017:SBU:3167125.3149409,
 author = {Dong, Xiaowen and Suhara, Yoshihiko and Bozkaya, Bur\c{c}in and Singh, Vivek K. and Lepri, Bruno and Pentland, Alex `Sandy'},
 title = {Social Bridges in Urban Purchase Behavior},
 journal = {ACM Trans. Intell. Syst. Technol.},
 issue_date = {February 2018},
 volume = {9},
 number = {3},
 month = dec,
 year = {2017},
 issn = {2157-6904},
 pages = {33:1--33:29},
 articleno = {33},
 numpages = {29},
 url = {http://doi.acm.org/10.1145/3149409},
 doi = {10.1145/3149409},
 acmid = {3149409},
 publisher = {ACM},
 address = {New York, NY, USA},
 keywords = {Purchase behavior, credit card transaction, physical environment, social bridge},
}

@article{Kokkalis:2013:TAP:2533682.2513560,
 author = {Kokkalis, Nicolas and K\"{o}hn, Thomas and Huebner, Johannes and Lee, Moontae and Schulze, Florian and Klemmer, Scott R.},
 title = {TaskGenies: Automatically Providing Action Plans Helps People Complete Tasks},
 journal = {ACM Trans. Comput.-Hum. Interact.},
 issue_date = {November 2013},
 volume = {20},
 number = {5},
 month = nov,
 year = {2013},
 issn = {1073-0516},
 pages = {27:1--27:25},
 articleno = {27},
 numpages = {25},
 url = {http://doi.acm.org/10.1145/2513560},
 doi = {10.1145/2513560},
 acmid = {2513560},
 publisher = {ACM},
 address = {New York, NY, USA},
 keywords = {Crowdsourcing, Task management, action plans, implementation intentions, time management},
}

@inproceedings{Michaelis:2019:SIS:3311927.3323154,
 author = {Michaelis, Joseph E. and Mutlu, Bilge},
 title = {Supporting Interest in Science Learning with a Social Robot},
 booktitle = {Proceedings of the 18th ACM International Conference on Interaction Design and Children},
 series = {IDC '19},
 year = {2019},
 isbn = {978-1-4503-6690-8},
 location = {Boise, ID, USA},
 pages = {71--82},
 numpages = {12},
 url = {http://doi.acm.org/10.1145/3311927.3323154},
 doi = {10.1145/3311927.3323154},
 acmid = {3323154},
 publisher = {ACM},
 address = {New York, NY, USA},
 keywords = {Social robots, education, interest development, science learning},
}

@inproceedings{Ishak:2016:HPR:2858036.2858184,
 author = {Ishak, Clarissa and Neustaedter, Carman and Hawkins, Dan and Procyk, Jason and Massimi, Michael},
 title = {Human Proxies for Remote University Classroom Attendance},
 booktitle = {Proceedings of the 2016 CHI Conference on Human Factors in Computing Systems},
 series = {CHI '16},
 year = {2016},
 isbn = {978-1-4503-3362-7},
 location = {San Jose, California, USA},
 pages = {931--943},
 numpages = {13},
 url = {http://doi.acm.org/10.1145/2858036.2858184},
 doi = {10.1145/2858036.2858184},
 acmid = {2858184},
 publisher = {ACM},
 address = {New York, NY, USA},
 keywords = {classrooms, human proxies, telepresence, video streaming},
}

@article{Sun:2010:CUR:1795377.1795383,
 author = {Sun, Jun and Poole, Marshall Scott},
 title = {Capturing User Readiness to Interact with Information Systems: An Activity Perspective},
 journal = {SIGMIS Database},
 issue_date = {May 2010},
 volume = {41},
 number = {2},
 month = may,
 year = {2010},
 issn = {0095-0033},
 pages = {89--109},
 numpages = {21},
 url = {http://doi.acm.org/10.1145/1795377.1795383},
 doi = {10.1145/1795377.1795383},
 acmid = {1795383},
 publisher = {ACM},
 address = {New York, NY, USA},
 keywords = {facet analysis, information systems interaction readiness, measurement validity, multi-level modeling, user-system interaction},
}

@inproceedings{Wurhofer:2018:ROM:3148330.3148349,
 author = {Wurhofer, Daniela and Meneweger, Thomas and Fuchsberger, Verena and Tscheligi, Manfred},
 title = {Reflections on Operators' and Maintenance Engineers' Experiences of Smart Factories},
 booktitle = {Proceedings of the 2018 ACM Conference on Supporting Groupwork},
 series = {GROUP '18},
 year = {2018},
 isbn = {978-1-4503-5562-9},
 location = {Sanibel Island, Florida, USA},
 pages = {284--296},
 numpages = {13},
 url = {http://doi.acm.org/10.1145/3148330.3148349},
 doi = {10.1145/3148330.3148349},
 acmid = {3148349},
 publisher = {ACM},
 address = {New York, NY, USA},
 keywords = {experience, factory of the future, industry 4.0, smart factory, work},
}

@article{Su:2019:CLB:3322205.3311082,
 author = {Su, Lili and Zubeldia, Martin and Lynch, Nancy},
 title = {Collaboratively Learning the Best Option on Graphs, Using Bounded Local Memory},
 journal = {Proc. ACM Meas. Anal. Comput. Syst.},
 issue_date = {March 2019},
 volume = {3},
 number = {1},
 month = mar,
 year = {2019},
 issn = {2476-1249},
 pages = {11:1--11:32},
 articleno = {11},
 numpages = {32},
 url = {http://doi.acm.org/10.1145/3322205.3311082},
 doi = {10.1145/3322205.3311082},
 acmid = {3311082},
 publisher = {ACM},
 address = {New York, NY, USA},
 keywords = {bounded memory, collaborative learning, general graphs, mean-field approximation, multi-arm bandits},
}

@inproceedings{Goecks:2009:CSE:1572532.1572539,
 author = {Goecks, Jeremy and Edwards, W. Keith and Mynatt, Elizabeth D.},
 title = {Challenges in Supporting End-user Privacy and Security Management with Social Navigation},
 booktitle = {Proceedings of the 5th Symposium on Usable Privacy and Security},
 series = {SOUPS '09},
 year = {2009},
 isbn = {978-1-60558-736-3},
 location = {Mountain View, California, USA},
 pages = {5:1--5:12},
 articleno = {5},
 numpages = {12},
 url = {http://doi.acm.org/10.1145/1572532.1572539},
 doi = {10.1145/1572532.1572539},
 acmid = {1572539},
 publisher = {ACM},
 address = {New York, NY, USA},
 keywords = {acumen, bonfire, decision making, end-user privacy and security, herding, informational cascades, social navigation},
}

@article{Hundhausen:2017:ILA:3135996.3105759,
 author = {Hundhausen, C. D. and Olivares, D. M. and Carter, A. S.},
 title = {IDE-Based Learning Analytics for Computing Education: A Process Model, Critical Review, and Research Agenda},
 journal = {Trans. Comput. Educ.},
 issue_date = {August 2017},
 volume = {17},
 number = {3},
 month = aug,
 year = {2017},
 issn = {1946-6226},
 pages = {11:1--11:26},
 articleno = {11},
 numpages = {26},
 url = {http://doi.acm.org/10.1145/3105759},
 doi = {10.1145/3105759},
 acmid = {3105759},
 publisher = {ACM},
 address = {New York, NY, USA},
 keywords = {Learning analytics, learning interventions, learning process data},
}

@article{Hundhausen:2017:ILA:3135995.3105759,
 author = {Hundhausen, C. D. and Olivares, D. M. and Carter, A. S.},
 title = {IDE-Based Learning Analytics for Computing Education: A Process Model, Critical Review, and Research Agenda},
 journal = {ACM Trans. Comput. Educ.},
 issue_date = {August 2017},
 volume = {17},
 number = {3},
 month = aug,
 year = {2017},
 issn = {1946-6226},
 pages = {11:1--11:26},
 articleno = {11},
 numpages = {26},
 url = {http://doi.acm.org/10.1145/3105759},
 doi = {10.1145/3105759},
 acmid = {3105759},
 publisher = {ACM},
 address = {New York, NY, USA},
 keywords = {Learning analytics, learning interventions, learning process data},
}

@article{Caraway:2017:FDN:3171581.3134663,
 author = {Caraway, Monica and Epstein, Daniel A. and Munson, Sean A.},
 title = {Friends Don'T Need Receipts: The Curious Case of Social Awareness Streams in the Mobile Payment App Venmo},
 journal = {Proc. ACM Hum.-Comput. Interact.},
 issue_date = {November 2017},
 volume = {1},
 number = {CSCW},
 month = dec,
 year = {2017},
 issn = {2573-0142},
 pages = {28:1--28:17},
 articleno = {28},
 numpages = {17},
 url = {http://doi.acm.org/10.1145/3134663},
 doi = {10.1145/3134663},
 acmid = {3134663},
 publisher = {ACM},
 address = {New York, NY, USA},
 keywords = {mobile payments, money, personal finance, privacy, social awareness streams, uses and gratifications},
}

@inproceedings{Davidson:2017:SSA:3025453.3025680,
 author = {Davidson, Neil and Vines, John and Bartindale, Tom and Sutton, Selina and Green, David and Comber, Rob and Balaam, Madeline and Olivier, Patrick and Vance, Gillian},
 title = {Supporting Self-Care of Adolescents with Nut Allergy Through Video and Mobile Educational Tools},
 booktitle = {Proceedings of the 2017 CHI Conference on Human Factors in Computing Systems},
 series = {CHI '17},
 year = {2017},
 isbn = {978-1-4503-4655-9},
 location = {Denver, Colorado, USA},
 pages = {1078--1092},
 numpages = {15},
 url = {http://doi.acm.org/10.1145/3025453.3025680},
 doi = {10.1145/3025453.3025680},
 acmid = {3025680},
 publisher = {ACM},
 address = {New York, NY, USA},
 keywords = {adolescents, anaphylaxis, food allergy, health, mixed methods, mobile health, patient education, video},
}

@inproceedings{Krishnan:2019:COD:3287098.3287103,
 author = {Krishnan, Nanjundi Karthick and Johri, Aditya and Chandrasekaran, Ramgopal and Pal, Joyojeet},
 title = {Cashing out: Digital Payments and Resilience Post-demonetization},
 booktitle = {Proceedings of the Tenth International Conference on Information and Communication Technologies and Development},
 series = {ICTD '19},
 year = {2019},
 isbn = {978-1-4503-6122-4},
 location = {Ahmedabad, India},
 pages = {8:1--8:16},
 articleno = {8},
 numpages = {16},
 url = {http://doi.acm.org/10.1145/3287098.3287103},
 doi = {10.1145/3287098.3287103},
 acmid = {3287103},
 publisher = {ACM},
 address = {New York, NY, USA},
 keywords = {behavior change, cash livelihoods, crisis, demonetization, digital cash, digital refugees, resilience, subjective well being, systemic shocks, technology adoption},
}

@article{Kelley:2013:ATT:2516955.2516957,
 author = {Kelley, Helen and Compeau, Deborah and Higgins, Christopher A. and Parent, Michael},
 title = {Advancing Theory Through the Conceptualization and Development of Causal Attributions for Computer Performance Histories},
 journal = {SIGMIS Database},
 issue_date = {August 2013},
 volume = {44},
 number = {3},
 month = aug,
 year = {2013},
 issn = {0095-0033},
 pages = {8--33},
 numpages = {26},
 url = {http://doi.acm.org/10.1145/2516955.2516957},
 doi = {10.1145/2516955.2516957},
 acmid = {2516957},
 publisher = {ACM},
 address = {New York, NY, USA},
 keywords = {adoption, and psychometric properties, attribution theory, computer-related performance, measurement validation, post-adoption, scale development},
}

@inproceedings{Canamares:2018:IFC:3209978.3210014,
 author = {Ca\~{n}amares, Roc\'{\i}o and Castells, Pablo},
 title = {Should I Follow the Crowd?: A Probabilistic Analysis of the Effectiveness of Popularity in Recommender Systems},
 booktitle = {The 41st International ACM SIGIR Conference on Research \&\#38; Development in Information Retrieval},
 series = {SIGIR '18},
 year = {2018},
 isbn = {978-1-4503-5657-2},
 location = {Ann Arbor, MI, USA},
 pages = {415--424},
 numpages = {10},
 url = {http://doi.acm.org/10.1145/3209978.3210014},
 doi = {10.1145/3209978.3210014},
 acmid = {3210014},
 publisher = {ACM},
 address = {New York, NY, USA},
 keywords = {accuracy, bias, collaborative filtering, evaluation, non-random missing data, popularity, recommender systems},
}

@article{Shaul:2013:CSF:2501654.2501669,
 author = {Shaul, Levi and Tauber, Doron},
 title = {Critical Success Factors in Enterprise Resource Planning Systems: Review of the Last Decade},
 journal = {ACM Comput. Surv.},
 issue_date = {August 2013},
 volume = {45},
 number = {4},
 month = aug,
 year = {2013},
 issn = {0360-0300},
 pages = {55:1--55:39},
 articleno = {55},
 numpages = {39},
 url = {http://doi.acm.org/10.1145/2501654.2501669},
 doi = {10.1145/2501654.2501669},
 acmid = {2501669},
 publisher = {ACM},
 address = {New York, NY, USA},
 keywords = {CSFs, Critical success factors, ERP, enterprise resource planning, information systems, literature review},
}

@article{Homoliak:2019:IIS:3320149.3303771,
 author = {Homoliak, Ivan and Toffalini, Flavio and Guarnizo, Juan and Elovici, Yuval and Ochoa, Mart\'{\i}n},
 title = {Insight Into Insiders and IT: A Survey of Insider Threat Taxonomies, Analysis, Modeling, and Countermeasures},
 journal = {ACM Comput. Surv.},
 issue_date = {May 2019},
 volume = {52},
 number = {2},
 month = apr,
 year = {2019},
 issn = {0360-0300},
 pages = {30:1--30:40},
 articleno = {30},
 numpages = {40},
 url = {http://doi.acm.org/10.1145/3303771},
 doi = {10.1145/3303771},
 acmid = {3303771},
 publisher = {ACM},
 address = {New York, NY, USA},
 keywords = {5W1H questions, Insider threat, grounded theory for rigorous literature review, malicious insider threat, masqueraders, traitors, unintentional insider threat},
}

@article{Beatty:2011:CTE:1922649.1922651,
 author = {Beatty, Patricia and Reay, Ian and Dick, Scott and Miller, James},
 title = {Consumer Trust in e-Commerce Web Sites: A Meta-study},
 journal = {ACM Comput. Surv.},
 issue_date = {April 2011},
 volume = {43},
 number = {3},
 month = apr,
 year = {2011},
 issn = {0360-0300},
 pages = {14:1--14:46},
 articleno = {14},
 numpages = {46},
 url = {http://doi.acm.org/10.1145/1922649.1922651},
 doi = {10.1145/1922649.1922651},
 acmid = {1922651},
 publisher = {ACM},
 address = {New York, NY, USA},
 keywords = {content analysis, e-commerce, meta-study, trust, trust in on-line vendors},
}

@article{Edwards:2015:SSO:2808687.2811403,
 author = {Edwards, Matthew and Rashid, Awais and Rayson, Paul},
 title = {A Systematic Survey of Online Data Mining Technology Intended for Law Enforcement},
 journal = {ACM Comput. Surv.},
 issue_date = {September 2015},
 volume = {48},
 number = {1},
 month = sep,
 year = {2015},
 issn = {0360-0300},
 pages = {15:1--15:54},
 articleno = {15},
 numpages = {54},
 url = {http://doi.acm.org/10.1145/2811403},
 doi = {10.1145/2811403},
 acmid = {2811403},
 publisher = {ACM},
 address = {New York, NY, USA},
 keywords = {OSINT, Systematic survey, cybercrime, law enforcement, literature review, online data mining, open-source intelligence},
}

@inproceedings{Luxton-Reilly:2018:IPS:3293881.3295779,
 author = {Luxton-Reilly, Andrew and Simon and Albluwi, Ibrahim and Becker, Brett A. and Giannakos, Michail and Kumar, Amruth N. and Ott, Linda and Paterson, James and Scott, Michael James and Sheard, Judy and Szabo, Claudia},
 title = {Introductory Programming: A Systematic Literature Review},
 booktitle = {Proceedings Companion of the 23rd Annual ACM Conference on Innovation and Technology in Computer Science Education},
 series = {ITiCSE 2018 Companion},
 year = {2018},
 isbn = {978-1-4503-6223-8},
 location = {Larnaca, Cyprus},
 pages = {55--106},
 numpages = {52},
 url = {http://doi.acm.org/10.1145/3293881.3295779},
 doi = {10.1145/3293881.3295779},
 acmid = {3295779},
 publisher = {ACM},
 address = {New York, NY, USA},
 keywords = {CS1, ITiCSE working group, SLR, introductory programming, literature review, novice programming, overview, review, systematic literature review, systematic review},
}

@inproceedings{Cakmak:2014:TPT:2559636.2559675,
 author = {Cakmak, Maya and Takayama, Leila},
 title = {Teaching People How to Teach Robots: The Effect of Instructional Materials and Dialog Design},
 booktitle = {Proceedings of the 2014 ACM/IEEE International Conference on Human-robot Interaction},
 series = {HRI '14},
 year = {2014},
 isbn = {978-1-4503-2658-2},
 location = {Bielefeld, Germany},
 pages = {431--438},
 numpages = {8},
 url = {http://doi.acm.org/10.1145/2559636.2559675},
 doi = {10.1145/2559636.2559675},
 acmid = {2559675},
 publisher = {ACM},
 address = {New York, NY, USA},
 keywords = {programming by demonstration},
}

