@inproceedings{Cooper:2015:SST:2787622.2787728,
 author = {Cooper, Stephen and Wang, Karen and Israni, Maya and Sorby, Sheryl},
 title = {Spatial Skills Training in Introductory Computing},
 booktitle = {Proceedings of the Eleventh Annual International Conference on International Computing Education Research},
 series = {ICER '15},
 year = {2015},
 isbn = {978-1-4503-3630-7},
 location = {Omaha, Nebraska, USA},
 pages = {13--20},
 numpages = {8},
 url = {http://doi.acm.org/10.1145/2787622.2787728},
 doi = {10.1145/2787622.2787728},
 acmid = {2787728},
 publisher = {ACM},
 address = {New York, NY, USA},
 keywords = {introductory computer science, spatial skills, training},
}

@inproceedings{Wauck:2017:URS:3025171.3025225,
 author = {Wauck, Helen and Xiao, Ziang and Chiu, Po-Tsung and Fu, Wai-Tat},
 title = {Untangling the Relationship Between Spatial Skills, Game Features, and Gender in a Video Game},
 booktitle = {Proceedings of the 22Nd International Conference on Intelligent User Interfaces},
 series = {IUI '17},
 year = {2017},
 isbn = {978-1-4503-4348-0},
 location = {Limassol, Cyprus},
 pages = {125--136},
 numpages = {12},
 url = {http://doi.acm.org/10.1145/3025171.3025225},
 doi = {10.1145/3025171.3025225},
 acmid = {3025225},
 publisher = {ACM},
 address = {New York, NY, USA},
 keywords = {children, education, game features, gender, player behavior, spatial reasoning, stem, video games},
}

@inproceedings{Jones:2007:SSN:1268784.1268852,
 author = {Jones, Sue Jane and Burnett, Gary E.},
 title = {Spatial Skills and Navigation of Source Code},
 booktitle = {Proceedings of the 12th Annual SIGCSE Conference on Innovation and Technology in Computer Science Education},
 series = {ITiCSE '07},
 year = {2007},
 isbn = {978-1-59593-610-3},
 location = {Dundee, Scotland},
 pages = {231--235},
 numpages = {5},
 url = {http://doi.acm.org/10.1145/1268784.1268852},
 doi = {10.1145/1268784.1268852},
 acmid = {1268852},
 publisher = {ACM},
 address = {New York, NY, USA},
 keywords = {education, navigation of source code, programming ability, spatial skills},
}

@article{Jones:2007:SSN:1269900.1268852,
 author = {Jones, Sue Jane and Burnett, Gary E.},
 title = {Spatial Skills and Navigation of Source Code},
 journal = {SIGCSE Bull.},
 issue_date = {September 2007},
 volume = {39},
 number = {3},
 month = jun,
 year = {2007},
 issn = {0097-8418},
 pages = {231--235},
 numpages = {5},
 url = {http://doi.acm.org/10.1145/1269900.1268852},
 doi = {10.1145/1269900.1268852},
 acmid = {1268852},
 publisher = {ACM},
 address = {New York, NY, USA},
 keywords = {education, navigation of source code, programming ability, spatial skills},
}

@article{Parkinson:2019:CAI:3312531.3306151,
 author = {Parkinson, Jack and Cutts, Quintin},
 title = {Chairs' AWARD: Investigating the Relationship Between Spatial Skills and Computer Science},
 journal = {ACM Inroads},
 issue_date = {March 2019},
 volume = {10},
 number = {1},
 month = feb,
 year = {2019},
 issn = {2153-2184},
 pages = {64--73},
 numpages = {10},
 url = {http://doi.acm.org/10.1145/3306151},
 doi = {10.1145/3306151},
 acmid = {3306151},
 publisher = {ACM},
 address = {New York, NY, USA},
}

@inproceedings{Solomon:2016:RSR:2960310.2960340,
 author = {Solomon, Amber},
 title = {The Role of Spatial Reasoning in Learning Computer Science},
 booktitle = {Proceedings of the 2016 ACM Conference on International Computing Education Research},
 series = {ICER '16},
 year = {2016},
 isbn = {978-1-4503-4449-4},
 location = {Melbourne, VIC, Australia},
 pages = {265--266},
 numpages = {2},
 url = {http://doi.acm.org/10.1145/2960310.2960340},
 doi = {10.1145/2960310.2960340},
 acmid = {2960340},
 publisher = {ACM},
 address = {New York, NY, USA},
 keywords = {socioeconomic status, spatial reasoning},
}

@inproceedings{Parkinson:2018:IRS:3230977.3230990,
 author = {Parkinson, Jack and Cutts, Quintin},
 title = {Investigating the Relationship Between Spatial Skills and Computer Science},
 booktitle = {Proceedings of the 2018 ACM Conference on International Computing Education Research},
 series = {ICER '18},
 year = {2018},
 isbn = {978-1-4503-5628-2},
 location = {Espoo, Finland},
 pages = {106--114},
 numpages = {9},
 url = {http://doi.acm.org/10.1145/3230977.3230990},
 doi = {10.1145/3230977.3230990},
 acmid = {3230990},
 publisher = {ACM},
 address = {New York, NY, USA},
 keywords = {academic attainment, spatial skills, theoretical model},
}

@inproceedings{Baykal:2016:DTP:2930674.2936006,
 author = {Baykal, G\"{o}k\c{c}e Elif and Alaca, Ilg\im Veryeri and Yanta\c{c}, As\im Evren and G\"{o}ksun, Tilbe},
 title = {Developing Transmedia Puzzle Play to Facilitate Spatial Skills of Preschoolers},
 booktitle = {Proceedings of the The 15th International Conference on Interaction Design and Children},
 series = {IDC '16},
 year = {2016},
 isbn = {978-1-4503-4313-8},
 location = {Manchester, United Kingdom},
 pages = {631--636},
 numpages = {6},
 url = {http://doi.acm.org/10.1145/2930674.2936006},
 doi = {10.1145/2930674.2936006},
 acmid = {2936006},
 publisher = {ACM},
 address = {New York, NY, USA},
 keywords = {Spatial learning, child-centered design, physical-digital interaction, preschool children, spatial manipulatives, transmedia play},
}

@inproceedings{Baykal:2018:CDS:3173574.3174166,
 author = {Baykal, Gok\c{c}e Elif and Goksun, Tilbe and Yanta\c{c}, Asim Evren},
 title = {Customizing Developmentally Situated Design (DSD) Cards: Informing Designers About Preschoolers' Spatial Learning},
 booktitle = {Proceedings of the 2018 CHI Conference on Human Factors in Computing Systems},
 series = {CHI '18},
 year = {2018},
 isbn = {978-1-4503-5620-6},
 location = {Montreal QC, Canada},
 pages = {592:1--592:9},
 articleno = {592},
 numpages = {9},
 url = {http://doi.acm.org/10.1145/3173574.3174166},
 doi = {10.1145/3173574.3174166},
 acmid = {3174166},
 publisher = {ACM},
 address = {New York, NY, USA},
 keywords = {child development, child-computer interaction, design methods, design tools},
}

@inproceedings{Gutica:2019:MHS:3304221.3325589,
 author = {Gutica, Mirela},
 title = {Motivating High School Girls to Study Computer Science},
 booktitle = {Proceedings of the 2019 ACM Conference on Innovation and Technology in Computer Science Education},
 series = {ITiCSE '19},
 year = {2019},
 isbn = {978-1-4503-6301-3},
 location = {Aberdeen, Scotland Uk},
 pages = {311--311},
 numpages = {1},
 url = {http://doi.acm.org/10.1145/3304221.3325589},
 doi = {10.1145/3304221.3325589},
 acmid = {3325589},
 publisher = {ACM},
 address = {New York, NY, USA},
 keywords = {computer science, gender gap, girls, motivation, role models},
}

@inproceedings{Hartman:2006:VRS:1179295.1179342,
 author = {Hartman, Nathan W. and Connolly, Patrick E. and Gilger, Jeffrey W. and Bertoline, Gary R. and Heisler, Justin},
 title = {Virtual Reality-based Spatial Skills Assessment and Its Role in Computer Graphics Education},
 booktitle = {ACM SIGGRAPH 2006 Educators Program},
 series = {SIGGRAPH '06},
 year = {2006},
 isbn = {1-59593-364-6},
 location = {Boston, Massachusetts},
 articleno = {46},
 url = {http://doi.acm.org/10.1145/1179295.1179342},
 doi = {10.1145/1179295.1179342},
 acmid = {1179342},
 publisher = {ACM},
 address = {New York, NY, USA},
}

@inproceedings{Friend:2018:BES:3159450.3159515,
 author = {Friend, Michelle and Matthews, Michael and Winter, Victor and Love, Betty and Moisset, Deanna and Goodwin, Ian},
 title = {Bricklayer: Elementary Students Learn Math Through Programming and Art},
 booktitle = {Proceedings of the 49th ACM Technical Symposium on Computer Science Education},
 series = {SIGCSE '18},
 year = {2018},
 isbn = {978-1-4503-5103-4},
 location = {Baltimore, Maryland, USA},
 pages = {628--633},
 numpages = {6},
 url = {http://doi.acm.org/10.1145/3159450.3159515},
 doi = {10.1145/3159450.3159515},
 acmid = {3159515},
 publisher = {ACM},
 address = {New York, NY, USA},
 keywords = {art, coordinate graphing, elementary school, functional programming, mathematics, visual spatial skills},
}

@article{McCartney:2018:IR:3287087.3287090,
 author = {McCartney, Robert and Malmi, Lauri and Korhonen, Ari},
 title = {ICER 2018 Review},
 journal = {SIGCSE Bull.},
 issue_date = {October 2018},
 volume = {50},
 number = {4},
 month = oct,
 year = {2018},
 issn = {0097-8418},
 pages = {4--5},
 numpages = {2},
 url = {http://doi.acm.org/10.1145/3287087.3287090},
 doi = {10.1145/3287087.3287090},
 acmid = {3287090},
 publisher = {ACM},
 address = {New York, NY, USA},
}

@article{Mitra:2016:BWN:2942427.2909887,
 author = {Mitra, Ankita},
 title = {A Byte is All We Need},
 journal = {Commun. ACM},
 issue_date = {June 2016},
 volume = {59},
 number = {6},
 month = may,
 year = {2016},
 issn = {0001-0782},
 pages = {42--44},
 numpages = {3},
 url = {http://doi.acm.org/10.1145/2909887},
 doi = {10.1145/2909887},
 acmid = {2909887},
 publisher = {ACM},
 address = {New York, NY, USA},
}

@inproceedings{Bockmon:2019:VCI:3287324.3287372,
 author = {Bockmon, Ryan and Cooper, Stephen and Gratch, Jonathan and Dorodchi, Mohsen},
 title = {(Re)Validating Cognitive Introductory Computing Instruments},
 booktitle = {Proceedings of the 50th ACM Technical Symposium on Computer Science Education},
 series = {SIGCSE '19},
 year = {2019},
 isbn = {978-1-4503-5890-3},
 location = {Minneapolis, MN, USA},
 pages = {552--557},
 numpages = {6},
 url = {http://doi.acm.org/10.1145/3287324.3287372},
 doi = {10.1145/3287324.3287372},
 acmid = {3287372},
 publisher = {ACM},
 address = {New York, NY, USA},
 keywords = {assessment, cs1, replication, validity},
}

@inproceedings{Te:2015:TTG:2771839.2771865,
 author = {Te, Paula},
 title = {TADCAD: A Tangible and Gestural 3D Modeling \&\#38; Printing Platform for Building Creativity},
 booktitle = {Proceedings of the 14th International Conference on Interaction Design and Children},
 series = {IDC '15},
 year = {2015},
 isbn = {978-1-4503-3590-4},
 location = {Boston, Massachusetts},
 pages = {406--409},
 numpages = {4},
 url = {http://doi.acm.org/10.1145/2771839.2771865},
 doi = {10.1145/2771839.2771865},
 acmid = {2771865},
 publisher = {ACM},
 address = {New York, NY, USA},
 keywords = {3D modeling, augmented reality and tangible UI, children and creativity, play, spatial development},
}

@inproceedings{Solomon:2017:DSR:3105726.3105744,
 author = {Solomon, Amber},
 title = {Determining if Spatial Reasoning is Required to Learn CS},
 booktitle = {Proceedings of the 2017 ACM Conference on International Computing Education Research},
 series = {ICER '17},
 year = {2017},
 isbn = {978-1-4503-4968-0},
 location = {Tacoma, Washington, USA},
 pages = {297--298},
 numpages = {2},
 url = {http://doi.acm.org/10.1145/3105726.3105744},
 doi = {10.1145/3105726.3105744},
 acmid = {3105744},
 publisher = {ACM},
 address = {New York, NY, USA},
 keywords = {marginalized communities, spatial reasoning},
}

@inproceedings{Baykal:2018:DPM:3213818.3213825,
 author = {Baykal, G\"{o}k\c{c}e Elif and Van Mechelen, Maarten and G\"{o}ksun, Tilbe and Yanta\c{c}, As\im Evren},
 title = {Designing with and for Preschoolers: A Method to Observe Tangible Interactions with Spatial Manipulatives},
 booktitle = {Proceedings of the Conference on Creativity and Making in Education},
 series = {FabLearn Europe'18},
 year = {2018},
 isbn = {978-1-4503-5371-7},
 location = {Trondheim, Norway},
 pages = {45--54},
 numpages = {10},
 url = {http://doi.acm.org/10.1145/3213818.3213825},
 doi = {10.1145/3213818.3213825},
 acmid = {3213825},
 publisher = {ACM},
 address = {New York, NY, USA},
 keywords = {Spatial learning, child-tangible interaction, design methods, design with young children, tangible interaction for learning},
}

@inproceedings{Chang:2017:TCV:3064663.3064675,
 author = {Chang, Jack Shen-Kuen and Yeboah, Georgina and Doucette, Alison and Clifton, Paul and Nitsche, Michael and Welsh, Timothy and Mazalek, Ali},
 title = {TASC: Combining Virtual Reality with Tangible and Embodied Interactions to Support Spatial Cognition},
 booktitle = {Proceedings of the 2017 Conference on Designing Interactive Systems},
 series = {DIS '17},
 year = {2017},
 isbn = {978-1-4503-4922-2},
 location = {Edinburgh, United Kingdom},
 pages = {1239--1251},
 numpages = {13},
 url = {http://doi.acm.org/10.1145/3064663.3064675},
 doi = {10.1145/3064663.3064675},
 acmid = {3064675},
 publisher = {ACM},
 address = {New York, NY, USA},
 keywords = {embodied cognition, games, spatial cognition, tangible interaction, virtual environments, virtual reality},
}

@inproceedings{Parker:2018:SSC:3230977.3230987,
 author = {Parker, Miranda C. and Solomon, Amber and Pritchett, Brianna and Illingworth, David A. and Marguilieux, Lauren E. and Guzdial, Mark},
 title = {Socioeconomic Status and Computer Science Achievement: Spatial Ability As a Mediating Variable in a Novel Model of Understanding},
 booktitle = {Proceedings of the 2018 ACM Conference on International Computing Education Research},
 series = {ICER '18},
 year = {2018},
 isbn = {978-1-4503-5628-2},
 location = {Espoo, Finland},
 pages = {97--105},
 numpages = {9},
 url = {http://doi.acm.org/10.1145/3230977.3230987},
 doi = {10.1145/3230977.3230987},
 acmid = {3230987},
 publisher = {ACM},
 address = {New York, NY, USA},
 keywords = {access, cs achievement, socioeconomic status, spatial ability},
}

@article{Roper:2014:ACT:2591357.2591366,
 author = {Roper, Abi},
 title = {Accessibility of Computer Therapy and Technology for People with Aphasia},
 journal = {SIGACCESS Access. Comput.},
 issue_date = {January 2014},
 number = {108},
 month = jan,
 year = {2014},
 issn = {1558-2337},
 pages = {50--53},
 numpages = {4},
 url = {http://doi.acm.org/10.1145/2591357.2591366},
 doi = {10.1145/2591357.2591366},
 acmid = {2591366},
 publisher = {ACM},
 address = {New York, NY, USA},
}

@inproceedings{Dix:1997:CAH:258549.259023,
 author = {Dix, Alan and Mancini, Roberta and Levialdi, Stefano},
 title = {Communication, Action and History},
 booktitle = {Proceedings of the ACM SIGCHI Conference on Human Factors in Computing Systems},
 series = {CHI '97},
 year = {1997},
 isbn = {0-89791-802-9},
 location = {Atlanta, Georgia, USA},
 pages = {542--543},
 numpages = {2},
 url = {http://doi.acm.org/10.1145/258549.259023},
 doi = {10.1145/258549.259023},
 acmid = {259023},
 publisher = {ACM},
 address = {New York, NY, USA},
 keywords = {breakdown, direct manipulation, history, undo},
}

@inproceedings{Redondo:2015:HVL:2808580.2808593,
 author = {Redondo, Ernest and Gim{\'e}nez, Llu\'{\i}s and Valls, Francesc and Navarro, Isidro and Fonseca, David and Villagrasa, Sergi},
 title = {High vs. Low Intensity Courses: Student Technological Behavior},
 booktitle = {Proceedings of the 3rd International Conference on Technological Ecosystems for Enhancing Multiculturality},
 series = {TEEM '15},
 year = {2015},
 isbn = {978-1-4503-3442-6},
 location = {Porto, Portugal},
 pages = {77--82},
 numpages = {6},
 url = {http://doi.acm.org/10.1145/2808580.2808593},
 doi = {10.1145/2808580.2808593},
 acmid = {2808593},
 publisher = {ACM},
 address = {New York, NY, USA},
 keywords = {mixed methods assessment, student behavior, student motivation, technological skills assessment, user experience},
}

@inproceedings{Figueiredo:2017:ICT:3144826.3145351,
 author = {Figueiredo, Jos{\'e} and Garc\'{\i}a-Pe\~{n}alvo, Francisco J.},
 title = {Improving Computational Thinking Using Follow and Give Instructions},
 booktitle = {Proceedings of the 5th International Conference on Technological Ecosystems for Enhancing Multiculturality},
 series = {TEEM 2017},
 year = {2017},
 isbn = {978-1-4503-5386-1},
 location = {C\&aacute;diz, Spain},
 pages = {3:1--3:7},
 articleno = {3},
 numpages = {7},
 url = {http://doi.acm.org/10.1145/3144826.3145351},
 doi = {10.1145/3144826.3145351},
 acmid = {3145351},
 publisher = {ACM},
 address = {New York, NY, USA},
 keywords = {CS0, CS1, Computational thinking, Programming, learning programming, teaching programming},
}

@inproceedings{Wilson:2018:IDL:3290511.3290522,
 author = {Wilson, Marie Florence and Salis, Carole and Murgia, Fabrizio},
 title = {The Innovative Didactic Labs of the Iscol@ Project},
 booktitle = {Proceedings of the 10th International Conference on Education Technology and Computers},
 series = {ICETC '18},
 year = {2018},
 isbn = {978-1-4503-6517-8},
 location = {Tokyo, Japan},
 pages = {129--135},
 numpages = {7},
 url = {http://doi.acm.org/10.1145/3290511.3290522},
 doi = {10.1145/3290511.3290522},
 acmid = {3290522},
 publisher = {ACM},
 address = {New York, NY, USA},
 keywords = {collaborative learning, cooperation with industry in teaching, extracurricular activities, mobile learning, school dropout prevention, technology enhanced learning},
}

@article{deAguilera:2003:VGE:950566.950583,
 author = {de Aguilera, Miguel and Mendiz, Alfonso},
 title = {Video Games and Education: (Education in the Face of a ``Parallel School'')},
 journal = {Comput. Entertain.},
 issue_date = {October 2003},
 volume = {1},
 number = {1},
 month = oct,
 year = {2003},
 issn = {1544-3574},
 pages = {1:1--1:10},
 articleno = {1},
 numpages = {10},
 url = {http://doi.acm.org/10.1145/950566.950583},
 doi = {10.1145/950566.950583},
 acmid = {950583},
 publisher = {ACM},
 address = {New York, NY, USA},
 keywords = {bibliography, critical review, education, education reform, media effects, video games},
}

@inproceedings{Kot:2005:IVU:1073943.1073954,
 author = {Kot, Blazej and Wuensche, Burkhard and Grundy, John and Hosking, John},
 title = {Information Visualisation Utilising 3D Computer Game Engines Case Study: A Source Code Comprehension Tool},
 booktitle = {Proceedings of the 6th ACM SIGCHI New Zealand Chapter's International Conference on Computer-human Interaction: Making CHI Natural},
 series = {CHINZ '05},
 year = {2005},
 isbn = {1-59593-036-1},
 location = {Auckland, New Zealand},
 pages = {53--60},
 numpages = {8},
 url = {http://doi.acm.org/10.1145/1073943.1073954},
 doi = {10.1145/1073943.1073954},
 acmid = {1073954},
 publisher = {ACM},
 address = {New York, NY, USA},
 keywords = {collaborative visualisation, game engines, human-computer interaction, information visualisation, software visualisation},
}

@inproceedings{Fonseca:2013:ASP:2536536.2536610,
 author = {Fonseca, David and Redondo, Ernesto},
 title = {Are the Architecture Students Prepared for the Use of Mobile Technology in the Classroom?},
 booktitle = {Proceedings of the First International Conference on Technological Ecosystem for Enhancing Multiculturality},
 series = {TEEM '13},
 year = {2013},
 isbn = {978-1-4503-2345-1},
 location = {Salamanca, Spain},
 pages = {481--487},
 numpages = {7},
 url = {http://doi.acm.org/10.1145/2536536.2536610},
 doi = {10.1145/2536536.2536610},
 acmid = {2536610},
 publisher = {ACM},
 address = {New York, NY, USA},
 keywords = {learning analytics, mixed method research, teaching innovation, user experience},
}

@inproceedings{Charters:2002:VID:568760.568891,
 author = {Charters, Stuart M. and Knight, Claire and Thomas, Nigel and Munro, Malcolm},
 title = {Visualisation for Informed Decision Making; from Code to Components},
 booktitle = {Proceedings of the 14th International Conference on Software Engineering and Knowledge Engineering},
 series = {SEKE '02},
 year = {2002},
 isbn = {1-58113-556-4},
 location = {Ischia, Italy},
 pages = {765--772},
 numpages = {8},
 url = {http://doi.acm.org/10.1145/568760.568891},
 doi = {10.1145/568760.568891},
 acmid = {568891},
 publisher = {ACM},
 address = {New York, NY, USA},
}

@article{Shen:2016:SOR:2936311.2818714,
 author = {Shen, Chih-Ya and Yang, De-Nian and Lee, Wang-Chien and Chen, Ming-Syan},
 title = {Spatial-Proximity Optimization for Rapid Task Group Deployment},
 journal = {ACM Trans. Knowl. Discov. Data},
 issue_date = {July 2016},
 volume = {10},
 number = {4},
 month = jun,
 year = {2016},
 issn = {1556-4681},
 pages = {47:1--47:36},
 articleno = {47},
 numpages = {36},
 url = {http://doi.acm.org/10.1145/2818714},
 doi = {10.1145/2818714},
 acmid = {2818714},
 publisher = {ACM},
 address = {New York, NY, USA},
 keywords = {Spatial database, query processing, social network},
}

@inproceedings{Medicherla:2010:VIU:1743384.1743462,
 author = {Medicherla, Padmavathi S. and Chang, George and Morreale, Patricia},
 title = {Visualization for Increased Understanding and Learning Using Augmented Reality},
 booktitle = {Proceedings of the International Conference on Multimedia Information Retrieval},
 series = {MIR '10},
 year = {2010},
 isbn = {978-1-60558-815-5},
 location = {Philadelphia, Pennsylvania, USA},
 pages = {441--444},
 numpages = {4},
 url = {http://doi.acm.org/10.1145/1743384.1743462},
 doi = {10.1145/1743384.1743462},
 acmid = {1743462},
 publisher = {ACM},
 address = {New York, NY, USA},
 keywords = {augmented reality, computer science education, visual learning},
}

@inproceedings{Chun:2010:DAW:1734263.1734369,
 author = {Chun, Seok-Ju and Ryoo, Jungwoo},
 title = {Development and Application of a Web-based Programming Learning System with LED Display Kits},
 booktitle = {Proceedings of the 41st ACM Technical Symposium on Computer Science Education},
 series = {SIGCSE '10},
 year = {2010},
 isbn = {978-1-4503-0006-3},
 location = {Milwaukee, Wisconsin, USA},
 pages = {310--314},
 numpages = {5},
 url = {http://doi.acm.org/10.1145/1734263.1734369},
 doi = {10.1145/1734263.1734369},
 acmid = {1734369},
 publisher = {ACM},
 address = {New York, NY, USA},
 keywords = {flowchart, led display kit, programming, web-based learning},
}

@article{Franti:2017:OMO:3129737.3115935,
 author = {Fr\"{a}nti, Pasi and Mariescu-Istodor, Radu and Sengupta, Lahari},
 title = {O-Mopsi: Mobile Orienteering Game for Sightseeing, Exercising, and Education},
 journal = {ACM Trans. Multimedia Comput. Commun. Appl.},
 issue_date = {October 2017},
 volume = {13},
 number = {4},
 month = aug,
 year = {2017},
 issn = {1551-6857},
 pages = {56:1--56:25},
 articleno = {56},
 numpages = {25},
 url = {http://doi.acm.org/10.1145/3115935},
 doi = {10.1145/3115935},
 acmid = {3115935},
 publisher = {ACM},
 address = {New York, NY, USA},
 keywords = {GPS, competition, location, orienteering, target finding},
}

@inproceedings{Crawford:1997:ERR:299359.299386,
 author = {Crawford, Kathryn and Fekete, Alan},
 title = {What Do Exam Results Really Measure?},
 booktitle = {Proceedings of the 2Nd Australasian Conference on Computer Science Education},
 series = {ACSE '97},
 year = {1996},
 isbn = {0-89791-958-0},
 location = {The Univ. of Melbourne, Australia},
 pages = {185--190},
 numpages = {6},
 url = {http://doi.acm.org/10.1145/299359.299386},
 doi = {10.1145/299359.299386},
 acmid = {299386},
 publisher = {ACM},
 address = {New York, NY, USA},
}

@inproceedings{Brule:2016:MMI:2858036.2858375,
 author = {Brule, Emeline and Bailly, Gilles and Brock, Anke and Valentin, Frederic and Denis, Gr{\'e}goire and Jouffrais, Christophe},
 title = {MapSense: Multi-Sensory Interactive Maps for Children Living with Visual Impairments},
 booktitle = {Proceedings of the 2016 CHI Conference on Human Factors in Computing Systems},
 series = {CHI '16},
 year = {2016},
 isbn = {978-1-4503-3362-7},
 location = {San Jose, California, USA},
 pages = {445--457},
 numpages = {13},
 url = {http://doi.acm.org/10.1145/2858036.2858375},
 doi = {10.1145/2858036.2858375},
 acmid = {2858375},
 publisher = {ACM},
 address = {New York, NY, USA},
 keywords = {3D printing, DIY, accessibility, children, field-study, interactive map, tangible interaction, visual impairment},
}

@inproceedings{Maleki:2014:LLL:2598510.2598554,
 author = {Maleki, Maryam M. and Woodbury, Robert F. and Neustaedter, Carman},
 title = {Liveness, Localization and Lookahead: Interaction Elements for Parametric Design},
 booktitle = {Proceedings of the 2014 Conference on Designing Interactive Systems},
 series = {DIS '14},
 year = {2014},
 isbn = {978-1-4503-2902-6},
 location = {Vancouver, BC, Canada},
 pages = {805--814},
 numpages = {10},
 url = {http://doi.acm.org/10.1145/2598510.2598554},
 doi = {10.1145/2598510.2598554},
 acmid = {2598554},
 publisher = {ACM},
 address = {New York, NY, USA},
 keywords = {computational design, computer-aided design, creativity support tools, end-user programming, parametric design, qualitative methods, user studies},
}

@inproceedings{Mioduser:2004:ACM:1149126.1149166,
 author = {Mioduser, David and Lahav, Orly},
 title = {Anticipatory Cognitive Mapping of Unknown Spaces by People Who Are Blind Using a Virtual Learning Environment},
 booktitle = {Proceedings of the 6th International Conference on Learning Sciences},
 series = {ICLS '04},
 year = {2004},
 location = {Santa Monica, California},
 pages = {334--341},
 numpages = {8},
 url = {http://dl.acm.org/citation.cfm?id=1149126.1149166},
 acmid = {1149166},
 publisher = {International Society of the Learning Sciences},
}

@inproceedings{Ursyn:2007:LSA:1282040.1282049,
 author = {Ursyn, Anna and Sung, Ruwang},
 title = {Learning Science with Art},
 booktitle = {ACM SIGGRAPH 2007 Educators Program},
 series = {SIGGRAPH '07},
 year = {2007},
 isbn = {978-1-4503-1830-3},
 location = {San Diego, California},
 articleno = {8},
 url = {http://doi.acm.org/10.1145/1282040.1282049},
 doi = {10.1145/1282040.1282049},
 acmid = {1282049},
 publisher = {ACM},
 address = {New York, NY, USA},
 keywords = {collaborative practice, computer graphics, interdisciplinary instruction, novel approach to science -- art connection},
}

@inproceedings{Figueiredo:2016:NLP:3012430.3012572,
 author = {Figueiredo, Jos{\'e} and Gomes, Nat\'{a}lia and Garc\'{\i}a-Pe\~{n}alvo, Francisco Jos{\'e}},
 title = {Ne-course for Learning Programming},
 booktitle = {Proceedings of the Fourth International Conference on Technological Ecosystems for Enhancing Multiculturality},
 series = {TEEM '16},
 year = {2016},
 isbn = {978-1-4503-4747-1},
 location = {Salamanca, Spain},
 pages = {549--553},
 numpages = {5},
 url = {http://doi.acm.org/10.1145/3012430.3012572},
 doi = {10.1145/3012430.3012572},
 acmid = {3012572},
 publisher = {ACM},
 address = {New York, NY, USA},
 keywords = {cs0, cs1, introductory programming, learning programming, programming education, teaching programming},
}

@inproceedings{Radu:2015:CSQ:2771839.2771871,
 author = {Radu, Iulian and Doherty, Ellen and DiQuollo, Kristin and McCarthy, Betsy and Tiu, Michelle},
 title = {Cyberchase Shape Quest: Pushing Geometry Education Boundaries with Augmented Reality},
 booktitle = {Proceedings of the 14th International Conference on Interaction Design and Children},
 series = {IDC '15},
 year = {2015},
 isbn = {978-1-4503-3590-4},
 location = {Boston, Massachusetts},
 pages = {430--433},
 numpages = {4},
 url = {http://doi.acm.org/10.1145/2771839.2771871},
 doi = {10.1145/2771839.2771871},
 acmid = {2771871},
 publisher = {ACM},
 address = {New York, NY, USA},
 keywords = {augmented reality, elementary classroom, game design, geometry, mathematics, pedagogy, prototyping},
}

@article{Humphrey:1987:AI:25281.1044261,
 editor = {Humphrey, Susanne M. and Shneiderman, Ben},
 title = {ABSTRACTS OF INTEREST},
 journal = {SIGCHI Bull.},
 issue_date = {Jan. 1987},
 volume = {18},
 number = {3},
 month = jan,
 year = {1987},
 issn = {0736-6906},
 pages = {17--21},
 numpages = {5},
 url = {http://doi.acm.org/10.1145/25281.1044261},
 doi = {10.1145/25281.1044261},
 acmid = {1044261},
 publisher = {ACM},
 address = {New York, NY, USA},
}

@inproceedings{Penenory:2016:RST:3051488.3051515,
 author = {Pe\~{n}e\~{n}ory, Victor M. and Manresa-Yee, Cristina and Riquelme, Inmaculada and Collazos, Cesar A. and Fardoun, Habib M. and Alghazzawi, Daniyal M.},
 title = {Review of Systems to Train Psychomotor Skills in Hearing Impaired Children},
 booktitle = {Proceedings of the 4th Workshop on ICTs for Improving Patients Rehabilitation Research Techniques},
 series = {REHAB '16},
 year = {2016},
 isbn = {978-1-4503-4765-5},
 location = {Lisbon, Portugal},
 pages = {81--84},
 numpages = {4},
 url = {http://doi.acm.org/10.1145/3051488.3051515},
 doi = {10.1145/3051488.3051515},
 acmid = {3051515},
 publisher = {ACM},
 address = {New York, NY, USA},
 keywords = {children, hearing impairment, psychomotor deficits, psychomotor development},
}

@inproceedings{Stieff:2010:SUM:1854360.1854458,
 author = {Stieff, Mike and Ryu, Minjung and Dixon, Bonnie},
 title = {Students' Use of Multiple Strategies for Spatial Problem Solving},
 booktitle = {Proceedings of the 9th International Conference of the Learning Sciences - Volume 1},
 series = {ICLS '10},
 year = {2010},
 location = {Chicago, Illinois},
 pages = {765--772},
 numpages = {8},
 url = {http://dl.acm.org/citation.cfm?id=1854360.1854458},
 acmid = {1854458},
 publisher = {International Society of the Learning Sciences},
}

@inproceedings{Karagiannaki:2007:SEI:1357910.1358141,
 author = {Karagiannaki, Angeliki and Mourtos, Ioannis and Pramatari, Katerina},
 title = {Simulating and Evaluating the Impact of RFID on Warehousing Operations: A Case Study},
 booktitle = {Proceedings of the 2007 Summer Computer Simulation Conference},
 series = {SCSC '07},
 year = {2007},
 isbn = {1-56555-316-0},
 location = {San Diego, California},
 pages = {34:1--34:7},
 articleno = {34},
 numpages = {7},
 url = {http://dl.acm.org/citation.cfm?id=1357910.1358141},
 acmid = {1358141},
 publisher = {Society for Computer Simulation International},
 address = {San Diego, CA, USA},
 keywords = {RFID, discrete event simulation, supply chain, warehouse management},
}

@article{Gomez:2013:AMA:2559051.2559093,
 author = {G\'{o}mez, Javier and Montoro, Germ\'{a}n and Haya, Pablo A. and Alam\'{a}n, Xavier and Alves, Susana and Mart\'{\i}nez, M\'{o}nica},
 title = {Adaptive Manuals As Assistive Technology to Support and Train People with Acquired Brain Injury in Their Daily Life Activities},
 journal = {Personal Ubiquitous Comput.},
 issue_date = {August    2013},
 volume = {17},
 number = {6},
 month = aug,
 year = {2013},
 issn = {1617-4909},
 pages = {1117--1126},
 numpages = {10},
 url = {http://dx.doi.org/10.1007/s00779-012-0560-z},
 doi = {10.1007/s00779-012-0560-z},
 acmid = {2559093},
 publisher = {Springer-Verlag},
 address = {London, UK, UK},
 keywords = {Acquired brain injury, Assistive technology, Mobile devices, QR codes},
}

@inproceedings{Ursyn:2007:WAC:1282040.1282063,
 author = {Ursyn, Anna and Scott, Terry},
 title = {Web with Art and Computer Science},
 booktitle = {ACM SIGGRAPH 2007 Educators Program},
 series = {SIGGRAPH '07},
 year = {2007},
 isbn = {978-1-4503-1830-3},
 location = {San Diego, California},
 articleno = {22},
 url = {http://doi.acm.org/10.1145/1282040.1282063},
 doi = {10.1145/1282040.1282063},
 acmid = {1282063},
 publisher = {ACM},
 address = {New York, NY, USA},
 keywords = {art and design, collaborative practice, computer graphics, interdisciplinary instruction, programming, science-art connection, web design},
}

@inproceedings{Ramos:2016:DVR:3012430.3012614,
 author = {Ramos, Higinio and Nieto, Susana},
 title = {Dynamic Visualization of the Relative Position of Straight Lines on the Plane Using Mathematica},
 booktitle = {Proceedings of the Fourth International Conference on Technological Ecosystems for Enhancing Multiculturality},
 series = {TEEM '16},
 year = {2016},
 isbn = {978-1-4503-4747-1},
 location = {Salamanca, Spain},
 pages = {831--838},
 numpages = {8},
 url = {http://doi.acm.org/10.1145/3012430.3012614},
 doi = {10.1145/3012430.3012614},
 acmid = {3012614},
 publisher = {ACM},
 address = {New York, NY, USA},
 keywords = {active methodologies, learning improvement, relative position of plane lines, visualization systems and tools},
}

@inproceedings{Lee:2019:DFM:3311890.3311902,
 author = {Lee, Sarah Priscilla and Worsley, Marcelo Bonilla},
 title = {Designing for and Facilitating Meaningful Making with Refugee Children},
 booktitle = {Proceedings of FabLearn 2019},
 series = {FL2019},
 year = {2019},
 isbn = {978-1-4503-6244-3},
 location = {New York, NY, USA},
 pages = {89--95},
 numpages = {7},
 url = {http://doi.acm.org/10.1145/3311890.3311902},
 doi = {10.1145/3311890.3311902},
 acmid = {3311902},
 publisher = {ACM},
 address = {New York, NY, USA},
 keywords = {cultural context, making, refugees, summer program},
}

@inproceedings{Budinska:2017:GTB:3162087.3162102,
 author = {Budinsk\'{a}, Lucia and Mayerov\'{a}, Karol\'{\i}na},
 title = {Graph Tasks in Bebras Contest: What Does It Have to Do with Gender?},
 booktitle = {Proceedings of the 6th Computer Science Education Research Conference},
 series = {CSERC '17},
 year = {2017},
 isbn = {978-1-4503-6338-9},
 location = {Helsinki, Finland},
 pages = {83--90},
 numpages = {8},
 url = {http://doi.acm.org/10.1145/3162087.3162102},
 doi = {10.1145/3162087.3162102},
 acmid = {3162102},
 publisher = {ACM},
 address = {New York, NY, USA},
 keywords = {Bebras contest, computational thinking, gender differences, graph tasks, visual literacy},
}

@inproceedings{Chang:2017:EET:3131277.3132171,
 author = {Chang, Jack Shen-Kuen and Yeboah, Georgina and Doucette, Alison and Clifton, Paul and Nitsche, Michael and Welsh, Timothy and Mazalek, Ali},
 title = {Evaluating the Effect of Tangible Virtual Reality on Spatial Perspective Taking Ability},
 booktitle = {Proceedings of the 5th Symposium on Spatial User Interaction},
 series = {SUI '17},
 year = {2017},
 isbn = {978-1-4503-5486-8},
 location = {Brighton, United Kingdom},
 pages = {68--77},
 numpages = {10},
 url = {http://doi.acm.org/10.1145/3131277.3132171},
 doi = {10.1145/3131277.3132171},
 acmid = {3132171},
 publisher = {ACM},
 address = {New York, NY, USA},
 keywords = {STEM education, embodied cognition, evaluation, games, spatial ability, spatial cognition, tangible interaction, virtual reality},
}

@inproceedings{Schulte:2010:IPC:1971681.1971687,
 author = {Schulte, Carsten and Clear, Tony and Taherkhani, Ahmad and Busjahn, Teresa and Paterson, James H.},
 title = {An Introduction to Program Comprehension for Computer Science Educators},
 booktitle = {Proceedings of the 2010 ITiCSE Working Group Reports},
 series = {ITiCSE-WGR '10},
 year = {2010},
 isbn = {978-1-4503-0677-5},
 location = {Ankara, Turkey},
 pages = {65--86},
 numpages = {22},
 url = {http://doi.acm.org/10.1145/1971681.1971687},
 doi = {10.1145/1971681.1971687},
 acmid = {1971687},
 publisher = {ACM},
 address = {New York, NY, USA},
 keywords = {CS ed research, pedagogy, program comprehension},
}

@inproceedings{Lewis:2007:MMS:1274940.1274962,
 author = {Lewis, J. P. and McGuire, Morgan and Fox, Pamela},
 title = {Mapping the Mental Space of Game Genres},
 booktitle = {Proceedings of the 2007 ACM SIGGRAPH Symposium on Video Games},
 series = {Sandbox '07},
 year = {2007},
 isbn = {978-1-59593-749-0},
 location = {San Diego, California},
 pages = {103--108},
 numpages = {6},
 url = {http://doi.acm.org/10.1145/1274940.1274962},
 doi = {10.1145/1274940.1274962},
 acmid = {1274962},
 publisher = {ACM},
 address = {New York, NY, USA},
 keywords = {games, genre, manifold learning, mental map},
}

@inproceedings{Smith:2012:CSE:2282338.2282370,
 author = {Smith, Adam M. and Andersen, Erik and Mateas, Michael and Popovi\'{c}, Zoran},
 title = {A Case Study of Expressively Constrainable Level Design Automation Tools for a Puzzle Game},
 booktitle = {Proceedings of the International Conference on the Foundations of Digital Games},
 series = {FDG '12},
 year = {2012},
 isbn = {978-1-4503-1333-9},
 location = {Raleigh, North Carolina},
 pages = {156--163},
 numpages = {8},
 url = {http://doi.acm.org/10.1145/2282338.2282370},
 doi = {10.1145/2282338.2282370},
 acmid = {2282370},
 publisher = {ACM},
 address = {New York, NY, USA},
 keywords = {answer set programming, backtracking search, educational games, procedural content generation, puzzle games},
}

@inproceedings{Simon:2006:PSF:1151869.1151894,
 author = {Simon and Fincher, Sally and Robins, Anthony and Baker, Bob and Box, Ilona and Cutts, Quintin and de Raadt, Michael and Haden, Patricia and Hamer, John and Hamilton, Margaret and Lister, Raymond and Petre, Marian and Sutton, Ken and Tolhurst, Denise and Tutty, Jodi},
 title = {Predictors of Success in a First Programming Course},
 booktitle = {Proceedings of the 8th Australasian Conference on Computing Education - Volume 52},
 series = {ACE '06},
 year = {2006},
 isbn = {1-920682-34-1},
 location = {Hobart, Australia},
 pages = {189--196},
 numpages = {8},
 url = {http://dl.acm.org/citation.cfm?id=1151869.1151894},
 acmid = {1151894},
 publisher = {Australian Computer Society, Inc.},
 address = {Darlinghurst, Australia, Australia},
 keywords = {education, programming aptitude},
}

@article{Velez:2004:WCH:1035575.1035579,
 author = {Velez, Maria and Tremaine, Marilyn Mantei and Sarcevic, Aleksandra and Dorohonceanu, Bogdan and Krebs, Allan and Marsic, Ivan},
 title = {"Who's in Charge Here?" Communicating Across Unequal Computer Platforms},
 journal = {ACM Trans. Comput.-Hum. Interact.},
 issue_date = {December 2004},
 volume = {11},
 number = {4},
 month = dec,
 year = {2004},
 issn = {1073-0516},
 pages = {407--444},
 numpages = {38},
 url = {http://doi.acm.org/10.1145/1035575.1035579},
 doi = {10.1145/1035575.1035579},
 acmid = {1035579},
 publisher = {ACM},
 address = {New York, NY, USA},
 keywords = {Collaboration differences, heterogeneous computing, media effects, mobile computing},
}

@article{Lewis:2004:VAD:1015706.1015739,
 author = {Lewis, J. P. and Rosenholtz, Ruth and Fong, Nickson and Neumann, Ulrich},
 title = {VisualIDs: Automatic Distinctive Icons for Desktop Interfaces},
 journal = {ACM Trans. Graph.},
 issue_date = {August 2004},
 volume = {23},
 number = {3},
 month = aug,
 year = {2004},
 issn = {0730-0301},
 pages = {416--423},
 numpages = {8},
 url = {http://doi.acm.org/10.1145/1015706.1015739},
 doi = {10.1145/1015706.1015739},
 acmid = {1015739},
 publisher = {ACM},
 address = {New York, NY, USA},
 keywords = {Information retrieval, pattern synthesis, psychology},
}

@inproceedings{Lewis:2004:VAD:1186562.1015739,
 author = {Lewis, J. P. and Rosenholtz, Ruth and Fong, Nickson and Neumann, Ulrich},
 title = {VisualIDs: Automatic Distinctive Icons for Desktop Interfaces},
 booktitle = {ACM SIGGRAPH 2004 Papers},
 series = {SIGGRAPH '04},
 year = {2004},
 location = {Los Angeles, California},
 pages = {416--423},
 numpages = {8},
 url = {http://doi.acm.org/10.1145/1186562.1015739},
 doi = {10.1145/1186562.1015739},
 acmid = {1015739},
 publisher = {ACM},
 address = {New York, NY, USA},
 keywords = {Information retrieval, pattern synthesis, psychology},
}

@inproceedings{BarreraMachuca:2019:ESA:3325480.3325489,
 author = {Barrera Machuca, Mayra Donaji and Stuerzlinger, Wolfgang and Asente, Paul},
 title = {The Effect of Spatial Ability on Immersive 3D Drawing},
 booktitle = {Proceedings of the 2019 on Creativity and Cognition},
 series = {C\&\#38;C '19},
 year = {2019},
 isbn = {978-1-4503-5917-7},
 location = {San Diego, CA, USA},
 pages = {173--186},
 numpages = {14},
 url = {http://doi.acm.org/10.1145/3325480.3325489},
 doi = {10.1145/3325480.3325489},
 acmid = {3325489},
 publisher = {ACM},
 address = {New York, NY, USA},
 keywords = {3d sketching, spatial cognition, virtual reality},
}

@inproceedings{Eilam:2008:IVC:1599812.1599836,
 author = {Eilam, Billie and Poyas, Yael},
 title = {Identifying Variables and Constructing Relations: Effects of Multiple Images and Texts Stimuli},
 booktitle = {Proceedings of the 8th International Conference on International Conference for the Learning Sciences - Volume 1},
 series = {ICLS'08},
 year = {2008},
 location = {Utrecht, The Netherlands},
 pages = {207--215},
 numpages = {9},
 url = {http://dl.acm.org/citation.cfm?id=1599812.1599836},
 acmid = {1599836},
 publisher = {International Society of the Learning Sciences},
}

@inproceedings{Muscat:2018:WDA:3242671.3242705,
 author = {Muscat, Alexander and Duckworth, Jonathan},
 title = {WORLD4: Designing Ambiguity for First-Person Exploration Games},
 booktitle = {Proceedings of the 2018 Annual Symposium on Computer-Human Interaction in Play},
 series = {CHI PLAY '18},
 year = {2018},
 isbn = {978-1-4503-5624-4},
 location = {Melbourne, VIC, Australia},
 pages = {341--351},
 numpages = {11},
 url = {http://doi.acm.org/10.1145/3242671.3242705},
 doi = {10.1145/3242671.3242705},
 acmid = {3242705},
 publisher = {ACM},
 address = {New York, NY, USA},
 keywords = {ambiguity, exploration, game design, game environments, level design, navigation, walker, walking simulator},
}

@article{Oulasvirta:2009:EIV:1527347.1527368,
 author = {Oulasvirta, Antti and Estlander, Sara and Nurminen, Antti},
 title = {Embodied Interaction with a 3D Versus 2D Mobile Map},
 journal = {Personal Ubiquitous Comput.},
 issue_date = {May       2009},
 volume = {13},
 number = {4},
 month = may,
 year = {2009},
 issn = {1617-4909},
 pages = {303--320},
 numpages = {18},
 url = {http://dx.doi.org/10.1007/s00779-008-0209-0},
 doi = {10.1007/s00779-008-0209-0},
 acmid = {1527368},
 publisher = {Springer-Verlag},
 address = {London, UK, UK},
 keywords = {3D graphics, Field experiment, Mobile map, Pointing task, Spatial cognition, Virtual environment},
}

@incollection{Kopp:2017:UCM:3015783.3015791,
 author = {Kopp, Stefan and Bergmann, Kirsten},
 chapter = {Using Cognitive Models to Understand Multimodal Processes: The Case for Speech and Gesture Production},
 title = {The Handbook of Multimodal-Multisensor Interfaces},
 editor = {Oviatt, Sharon and Schuller, Bj\"{o}rn and Cohen, Philip R. and Sonntag, Daniel and Potamianos, Gerasimos and Kr\"{u}ger, Antonio},
 year = {2017},
 isbn = {978-1-97000-167-9},
 pages = {239--276},
 numpages = {38},
 url = {https://doi.org/10.1145/3015783.3015791},
 doi = {10.1145/3015783.3015791},
 acmid = {3015791},
 publisher = {Association for Computing Machinery and Morgan \&\#38; Claypool},
 address = {New York, NY, USA},
}

@inproceedings{Droumeva:2007:EAS:1226969.1227005,
 author = {Droumeva, Milena and Antle, Alissa and Wakkary, Ron},
 title = {Exploring Ambient Sound Techniques in the Design of Responsive Environments for Children},
 booktitle = {Proceedings of the 1st International Conference on Tangible and Embedded Interaction},
 series = {TEI '07},
 year = {2007},
 isbn = {978-1-59593-619-6},
 location = {Baton Rouge, Louisiana},
 pages = {171--178},
 numpages = {8},
 url = {http://doi.acm.org/10.1145/1226969.1227005},
 doi = {10.1145/1226969.1227005},
 acmid = {1227005},
 publisher = {ACM},
 address = {New York, NY, USA},
 keywords = {children, collaboration, interaction, participatory design, responsive environments, sound feedback},
}

@article{Radu:2014:ARE:2656530.2656592,
 author = {Radu, Iulian},
 title = {Augmented Reality in Education: A Meta-review and Cross-media Analysis},
 journal = {Personal Ubiquitous Comput.},
 issue_date = {August    2014},
 volume = {18},
 number = {6},
 month = aug,
 year = {2014},
 issn = {1617-4909},
 pages = {1533--1543},
 numpages = {11},
 url = {http://dx.doi.org/10.1007/s00779-013-0747-y},
 doi = {10.1007/s00779-013-0747-y},
 acmid = {2656592},
 publisher = {Springer-Verlag},
 address = {London, UK, UK},
 keywords = {Augmented reality, Children, Comparative studies, Education, Human factors},
}

@inproceedings{Mavoa:2017:BAP:3116595.3116638,
 author = {Mavoa, Jane and Carter, Marcus and Gibbs, Martin},
 title = {Beyond Addiction: Positive and Negative Parent Perceptions of Minecraft Play},
 booktitle = {Proceedings of the Annual Symposium on Computer-Human Interaction in Play},
 series = {CHI PLAY '17},
 year = {2017},
 isbn = {978-1-4503-4898-0},
 location = {Amsterdam, The Netherlands},
 pages = {171--181},
 numpages = {11},
 url = {http://doi.acm.org/10.1145/3116595.3116638},
 doi = {10.1145/3116595.3116638},
 acmid = {3116638},
 publisher = {ACM},
 address = {New York, NY, USA},
 keywords = {Minecraft, attitudes, children, digital games, parents},
}

@inproceedings{Radu:2019:WLA:3290605.3300774,
 author = {Radu, Iulian and Schneider, Bertrand},
 title = {What Can We Learn from Augmented Reality (AR)?},
 booktitle = {Proceedings of the 2019 CHI Conference on Human Factors in Computing Systems},
 series = {CHI '19},
 year = {2019},
 isbn = {978-1-4503-5970-2},
 location = {Glasgow, Scotland Uk},
 pages = {544:1--544:12},
 articleno = {544},
 numpages = {12},
 url = {http://doi.acm.org/10.1145/3290605.3300774},
 doi = {10.1145/3290605.3300774},
 acmid = {3300774},
 publisher = {ACM},
 address = {New York, NY, USA},
 keywords = {augmented reality, collaborative learning, physics education},
}

@inproceedings{Chodos:2012:CHT:2667036.2667046,
 author = {Chodos, David and Gutierrez, Lucio and Stroulia, Eleni},
 title = {Creating Healthcare Training Simulations in Virtual Worlds},
 booktitle = {Proceedings of the 4th International Workshop on Software Engineering in Health Care},
 series = {SEHC '12},
 year = {2012},
 isbn = {978-1-4673-1843-3},
 location = {Zurich, Switzerland},
 pages = {58--64},
 numpages = {7},
 url = {http://dl.acm.org/citation.cfm?id=2667036.2667046},
 acmid = {2667046},
 publisher = {IEEE Press},
 address = {Piscataway, NJ, USA},
 keywords = {simulation-based training, virtual worlds},
}

@inproceedings{Sheard:2009:ART:1584322.1584334,
 author = {Sheard, Judy and Simon, S. and Hamilton, Margaret and L\"{o}nnberg, Jan},
 title = {Analysis of Research into the Teaching and Learning of Programming},
 booktitle = {Proceedings of the Fifth International Workshop on Computing Education Research Workshop},
 series = {ICER '09},
 year = {2009},
 isbn = {978-1-60558-615-1},
 location = {Berkeley, CA, USA},
 pages = {93--104},
 numpages = {12},
 url = {http://doi.acm.org/10.1145/1584322.1584334},
 doi = {10.1145/1584322.1584334},
 acmid = {1584334},
 publisher = {ACM},
 address = {New York, NY, USA},
 keywords = {classifying publications, computing education, research methods, teaching and learning of programming},
}

@inproceedings{Mustafee:2015:LMR:2888619.2888736,
 author = {Mustafee, Navonil and Wienke, Anna and Smart, Andi and Godsiff, Phil},
 title = {Learning Maintenance, Repair and Operations (MRO) Concepts in Offshore Wind Industry Through Game-based Learning},
 booktitle = {Proceedings of the 2015 Winter Simulation Conference},
 series = {WSC '15},
 year = {2015},
 isbn = {978-1-4673-9741-4},
 location = {Huntington Beach, California},
 pages = {1068--1079},
 numpages = {12},
 url = {http://dl.acm.org/citation.cfm?id=2888619.2888736},
 acmid = {2888736},
 publisher = {IEEE Press},
 address = {Piscataway, NJ, USA},
}

@inproceedings{Sanchez:2014:AHV:2557500.2557519,
 author = {S\'{a}nchez, Jaime and de Borba Campos, Marcia and Espinoza, Mat\'{\i}as and Merabet, Lotfi B.},
 title = {Audio Haptic Videogaming for Developing Wayfinding Skills in Learners Who Are Blind},
 booktitle = {Proceedings of the 19th International Conference on Intelligent User Interfaces},
 series = {IUI '14},
 year = {2014},
 isbn = {978-1-4503-2184-6},
 location = {Haifa, Israel},
 pages = {199--208},
 numpages = {10},
 url = {http://doi.acm.org/10.1145/2557500.2557519},
 doi = {10.1145/2557500.2557519},
 acmid = {2557519},
 publisher = {ACM},
 address = {New York, NY, USA},
 keywords = {haptic and audio interfaces, mobility, navigation, orientation, people who are blind},
}

@article{Meza-Kubo:2013:UDF:2559051.2559085,
 author = {Meza-Kubo, Victoria and Mor\'{a}n, Alberto L.},
 title = {UCSA: A Design Framework for Usable Cognitive Systems for the Worried-well},
 journal = {Personal Ubiquitous Comput.},
 issue_date = {August    2013},
 volume = {17},
 number = {6},
 month = aug,
 year = {2013},
 issn = {1617-4909},
 pages = {1135--1145},
 numpages = {11},
 url = {http://dx.doi.org/10.1007/s00779-012-0554-x},
 doi = {10.1007/s00779-012-0554-x},
 acmid = {2559085},
 publisher = {Springer-Verlag},
 address = {London, UK, UK},
 keywords = {Cognitive stimulation, Design framework, Elders, Usable applications, Wellness systems},
}

@article{Humphrey:1987:AI:28189.1044803,
 author = {Humphrey, Susanne M. and Shneiderman, Ben},
 title = {ABSTRACTS OF INTEREST},
 journal = {SIGCHI Bull.},
 issue_date = {July 1987},
 volume = {19},
 number = {1},
 month = jul,
 year = {1987},
 issn = {0736-6906},
 pages = {25--33},
 numpages = {9},
 url = {http://dl.acm.org/citation.cfm?id=28189.1044803},
 acmid = {1044803},
 publisher = {ACM},
 address = {New York, NY, USA},
}

@inproceedings{Katsaliaki:2012:SSG:2429759.2429941,
 author = {Katsaliaki, Korina and Mustafee, Navonil},
 title = {A Survey of Serious Games on Sustainable Development},
 booktitle = {Proceedings of the Winter Simulation Conference},
 series = {WSC '12},
 year = {2012},
 location = {Berlin, Germany},
 pages = {136:1--136:13},
 articleno = {136},
 numpages = {13},
 url = {http://dl.acm.org/citation.cfm?id=2429759.2429941},
 acmid = {2429941},
 publisher = {Winter Simulation Conference},
}

@article{Campagnoni:1989:IRU:75335.75357,
 author = {Campagnoni, F. R. and Erlich, K.},
 title = {Information Retrieval Using a Hypertext-based Help System},
 journal = {SIGIR Forum},
 issue_date = {June 1989},
 volume = {23},
 number = {SI},
 month = may,
 year = {1989},
 issn = {0163-5840},
 pages = {212--220},
 numpages = {9},
 url = {http://doi.acm.org/10.1145/75335.75357},
 doi = {10.1145/75335.75357},
 acmid = {75357},
 publisher = {ACM},
 address = {New York, NY, USA},
}

@inproceedings{Campagnoni:1989:IRU:75334.75357,
 author = {Campagnoni, F. R. and Erlich, K.},
 title = {Information Retrieval Using a Hypertext-based Help System},
 booktitle = {Proceedings of the 12th Annual International ACM SIGIR Conference on Research and Development in Information Retrieval},
 series = {SIGIR '89},
 year = {1989},
 isbn = {0-89791-321-3},
 location = {Cambridge, Massachusetts, USA},
 pages = {212--220},
 numpages = {9},
 url = {http://doi.acm.org/10.1145/75334.75357},
 doi = {10.1145/75334.75357},
 acmid = {75357},
 publisher = {ACM},
 address = {New York, NY, USA},
}

@inproceedings{Ziemek:2006:TTG:1111411.1111444,
 author = {Ziemek, Tina R.},
 title = {Two-D or Not Two-D: Gender Implications of Visual Cognition in Electronic Games},
 booktitle = {Proceedings of the 2006 Symposium on Interactive 3D Graphics and Games},
 series = {I3D '06},
 year = {2006},
 isbn = {1-59593-295-X},
 location = {Redwood City, California},
 pages = {183--190},
 numpages = {8},
 url = {http://doi.acm.org/10.1145/1111411.1111444},
 doi = {10.1145/1111411.1111444},
 acmid = {1111444},
 publisher = {ACM},
 address = {New York, NY, USA},
 keywords = {3D navigation, computer games, games studies, gender effects, spatial abilities, video games},
}

@article{Convertino:2011:SCG:2063231.2063236,
 author = {Convertino, Gregorio and Mentis, Helena M. and Slavkovic, Aleksandra and Rosson, Mary Beth and Carroll, John M.},
 title = {Supporting Common Ground and Awareness in Emergency Management Planning: A Design Research Project},
 journal = {ACM Trans. Comput.-Hum. Interact.},
 issue_date = {December 2011},
 volume = {18},
 number = {4},
 month = dec,
 year = {2011},
 issn = {1073-0516},
 pages = {22:1--22:34},
 articleno = {22},
 numpages = {34},
 url = {http://doi.acm.org/10.1145/2063231.2063236},
 doi = {10.1145/2063231.2063236},
 acmid = {2063236},
 publisher = {ACM},
 address = {New York, NY, USA},
 keywords = {Activity awareness, CSCW, colocated and distributed geo-collaboration, common ground, design, emergency management planning},
}

@proceedings{Konstan:2012:2207676,
 title = {CHI '12: Proceedings of the SIGCHI Conference on Human Factors in Computing Systems},
 year = {2012},
 isbn = {978-1-4503-1015-4},
 location = {Austin, Texas, USA},
 note = {609121},
 publisher = {ACM},
 address = {New York, NY, USA},
}

@inproceedings{Virata:2019:ARS:3306500.3306556,
 author = {Virata, Rholeo O. and Castro, Johan Daryll L.},
 title = {Augmented Reality in Science Classroom: Perceived Effects in Education, Visualization and Information Processing},
 booktitle = {Proceedings of the 10th International Conference on E-Education, E-Business, E-Management and E-Learning},
 series = {IC4E '19},
 year = {2019},
 isbn = {978-1-4503-6602-1},
 location = {Tokyo, Japan},
 pages = {85--92},
 numpages = {8},
 url = {http://doi.acm.org/10.1145/3306500.3306556},
 doi = {10.1145/3306500.3306556},
 acmid = {3306556},
 publisher = {ACM},
 address = {New York, NY, USA},
 keywords = {21<sup>st</sup> century e-learning, augmented reality, chemistry education, k12 science, science education},
}

@inproceedings{Chodos:2010:HEV:1809085.1809097,
 author = {Chodos, David and Stroulia, Eleni and Boechler, Patricia and King, Sharla and Kuras, Pawel and Carbonaro, Michael and de Jong, Erik},
 title = {Healthcare Education with Virtual-world Simulations},
 booktitle = {Proceedings of the 2010 ICSE Workshop on Software Engineering in Health Care},
 series = {SEHC '10},
 year = {2010},
 isbn = {978-1-60558-973-2},
 location = {Cape Town, South Africa},
 pages = {89--99},
 numpages = {11},
 url = {http://doi.acm.org/10.1145/1809085.1809097},
 doi = {10.1145/1809085.1809097},
 acmid = {1809097},
 publisher = {ACM},
 address = {New York, NY, USA},
 keywords = {medical education, virtual worlds},
}

@inproceedings{Shaer:2010:GST:1753326.1753539,
 author = {Shaer, Orit and Kol, Guy and Strait, Megan and Fan, Chloe and Grevet, Catherine and Elfenbein, Sarah},
 title = {G-nome Surfer: A Tabletop Interface for Collaborative Exploration of Genomic Data},
 booktitle = {Proceedings of the SIGCHI Conference on Human Factors in Computing Systems},
 series = {CHI '10},
 year = {2010},
 isbn = {978-1-60558-929-9},
 location = {Atlanta, Georgia, USA},
 pages = {1427--1436},
 numpages = {10},
 url = {http://doi.acm.org/10.1145/1753326.1753539},
 doi = {10.1145/1753326.1753539},
 acmid = {1753539},
 publisher = {ACM},
 address = {New York, NY, USA},
 keywords = {bioinformatics, genome browser, reality-based interaction, tabletop interaction},
}

@inproceedings{Augstein:2014:UTA:2669485.2669516,
 author = {Augstein, Mirjam and Neumayr, Thomas and Schacherl-Hofer, Irene},
 title = {The Usability of a Tabletop Application for Neuro-Rehabilitation from Therapists' Point of View},
 booktitle = {Proceedings of the Ninth ACM International Conference on Interactive Tabletops and Surfaces},
 series = {ITS '14},
 year = {2014},
 isbn = {978-1-4503-2587-5},
 location = {Dresden, Germany},
 pages = {239--248},
 numpages = {10},
 url = {http://doi.acm.org/10.1145/2669485.2669516},
 doi = {10.1145/2669485.2669516},
 acmid = {2669516},
 publisher = {ACM},
 address = {New York, NY, USA},
 keywords = {multitouch, neuro-rehabilitation, tabletops, usability, user-centered design},
}

@inproceedings{Vissers:2015:TEP:2702123.2702478,
 author = {Vissers, Jorick and Geerts, David},
 title = {TUIkit: Evaluating Physical and Functional Experiences of Tangible User Interface Prototypes},
 booktitle = {Proceedings of the 33rd Annual ACM Conference on Human Factors in Computing Systems},
 series = {CHI '15},
 year = {2015},
 isbn = {978-1-4503-3145-6},
 location = {Seoul, Republic of Korea},
 pages = {1267--1276},
 numpages = {10},
 url = {http://doi.acm.org/10.1145/2702123.2702478},
 doi = {10.1145/2702123.2702478},
 acmid = {2702478},
 publisher = {ACM},
 address = {New York, NY, USA},
 keywords = {evaluation, prototyping, tui, user experience},
}

@article{Shekhar:2015:SC:2859829.2756547,
 author = {Shekhar, Shashi and Feiner, Steven K. and Aref, Walid G.},
 title = {Spatial Computing},
 journal = {Commun. ACM},
 issue_date = {January 2016},
 volume = {59},
 number = {1},
 month = dec,
 year = {2015},
 issn = {0001-0782},
 pages = {72--81},
 numpages = {10},
 url = {http://doi.acm.org/10.1145/2756547},
 doi = {10.1145/2756547},
 acmid = {2756547},
 publisher = {ACM},
 address = {New York, NY, USA},
}

@article{Greenhalgh:1995:MCV:210079.210088,
 author = {Greenhalgh, Chris and Benford, Steven},
 title = {MASSIVE: A Collaborative Virtual Environment for Teleconferencing},
 journal = {ACM Trans. Comput.-Hum. Interact.},
 issue_date = {Sept. 1995},
 volume = {2},
 number = {3},
 month = sep,
 year = {1995},
 issn = {1073-0516},
 pages = {239--261},
 numpages = {23},
 url = {http://doi.acm.org/10.1145/210079.210088},
 doi = {10.1145/210079.210088},
 acmid = {210088},
 publisher = {ACM},
 address = {New York, NY, USA},
 keywords = {CSCW, scalability},
}

@inproceedings{Machuca:2018:MAF:3267782.3267786,
 author = {Machuca, Mayra D. Barrera and Asente, Paul and Stuerzlinger, Wolfgang and Lu, Jingwan and Kim, Byungmoon},
 title = {Multiplanes: Assisted Freehand VR Sketching},
 booktitle = {Proceedings of the Symposium on Spatial User Interaction},
 series = {SUI '18},
 year = {2018},
 isbn = {978-1-4503-5708-1},
 location = {Berlin, Germany},
 pages = {36--47},
 numpages = {12},
 url = {http://doi.acm.org/10.1145/3267782.3267786},
 doi = {10.1145/3267782.3267786},
 acmid = {3267786},
 publisher = {ACM},
 address = {New York, NY, USA},
 keywords = {3D User Interfaces, Depth Perception, Spatial Cognition, Virtual Reality Drawing},
}

@inproceedings{Radle:2014:HSM:2669485.2669500,
 author = {R\"{a}dle, Roman and Jetter, Hans-Christian and Marquardt, Nicolai and Reiterer, Harald and Rogers, Yvonne},
 title = {HuddleLamp: Spatially-Aware Mobile Displays for Ad-hoc Around-the-Table Collaboration},
 booktitle = {Proceedings of the Ninth ACM International Conference on Interactive Tabletops and Surfaces},
 series = {ITS '14},
 year = {2014},
 isbn = {978-1-4503-2587-5},
 location = {Dresden, Germany},
 pages = {45--54},
 numpages = {10},
 url = {http://doi.acm.org/10.1145/2669485.2669500},
 doi = {10.1145/2669485.2669500},
 acmid = {2669500},
 publisher = {ACM},
 address = {New York, NY, USA},
 keywords = {ad hoc collaboration, cross-device interactions, depth camera, mobile devices, society of devices, ubicomp ecologies},
}

@inproceedings{Garcia-Sanjuan:2015:DET:2832932.2832952,
 author = {Garcia-Sanjuan, Fernando and Jaen, Javier and Nacher, Vicente and Catala, Alejandro},
 title = {Design and Evaluation of a Tangible-mediated Robot for Kindergarten Instruction},
 booktitle = {Proceedings of the 12th International Conference on Advances in Computer Entertainment Technology},
 series = {ACE '15},
 year = {2015},
 isbn = {978-1-4503-3852-3},
 location = {Iskandar, Malaysia},
 pages = {3:1--3:11},
 articleno = {3},
 numpages = {11},
 url = {http://doi.acm.org/10.1145/2832932.2832952},
 doi = {10.1145/2832932.2832952},
 acmid = {2832952},
 publisher = {ACM},
 address = {New York, NY, USA},
 keywords = {child-computer interaction, evaluation, iterative design, kindergarten, robots, tangible user interface (TUI)},
}

@inproceedings{Hornecker:2006:GGT:1124772.1124838,
 author = {Hornecker, Eva and Buur, Jacob},
 title = {Getting a Grip on Tangible Interaction: A Framework on Physical Space and Social Interaction},
 booktitle = {Proceedings of the SIGCHI Conference on Human Factors in Computing Systems},
 series = {CHI '06},
 year = {2006},
 isbn = {1-59593-372-7},
 location = {Montr\&\#233;al, Qu\&\#233;bec, Canada},
 pages = {437--446},
 numpages = {10},
 url = {http://doi.acm.org/10.1145/1124772.1124838},
 doi = {10.1145/1124772.1124838},
 acmid = {1124838},
 publisher = {ACM},
 address = {New York, NY, USA},
 keywords = {CSCW, analysis, collaboration, design, framework, social interaction, tangible interaction, tangible interface},
}

@inproceedings{Oliveira:2011:BPM:2049536.2049569,
 author = {Oliveira, Jo\~{a}o and Guerreiro, Tiago and Nicolau, Hugo and Jorge, Joaquim and Gon\c{c}alves, Daniel},
 title = {Blind People and Mobile Touch-based Text-entry: Acknowledging the Need for Different Flavors},
 booktitle = {The Proceedings of the 13th International ACM SIGACCESS Conference on Computers and Accessibility},
 series = {ASSETS '11},
 year = {2011},
 isbn = {978-1-4503-0920-2},
 location = {Dundee, Scotland, UK},
 pages = {179--186},
 numpages = {8},
 url = {http://doi.acm.org/10.1145/2049536.2049569},
 doi = {10.1145/2049536.2049569},
 acmid = {2049569},
 publisher = {ACM},
 address = {New York, NY, USA},
 keywords = {blind, individual differences, mobile, text-entry, touch screens},
}

@article{Campagnoni:1989:IRU:65943.65948,
 author = {Campagnoni, F. R. and Ehrlich, Kate},
 title = {Information Retrieval Using a Hypertext-based Help System},
 journal = {ACM Trans. Inf. Syst.},
 issue_date = {July 1989},
 volume = {7},
 number = {3},
 month = jul,
 year = {1989},
 issn = {1046-8188},
 pages = {271--291},
 numpages = {21},
 url = {http://doi.acm.org/10.1145/65943.65948},
 doi = {10.1145/65943.65948},
 acmid = {65948},
 publisher = {ACM},
 address = {New York, NY, USA},
}

@article{Humphrey:1992:DAI:142386.1055546,
 author = {Humphrey, Susanne M. and Shneiderman, Ben},
 title = {DISSERTATIONS: ABSTRACTS OF INTEREST},
 journal = {SIGCHI Bull.},
 issue_date = {April 1992},
 volume = {24},
 number = {2},
 month = apr,
 year = {1992},
 issn = {0736-6906},
 pages = {58--75},
 numpages = {18},
 url = {http://doi.acm.org/10.1145/142386.1055546},
 doi = {10.1145/142386.1055546},
 acmid = {1055546},
 publisher = {ACM},
 address = {New York, NY, USA},
}

@inproceedings{Cutts:2018:EDA:3174781.3174789,
 author = {Cutts, Quintin and Patitsas, Elizabeth and Cole, Elizabeth and Donaldson, Peter and Alshaigy, Bedour and Gutica, Mirela and Hellas, Arto and Larraza-Mendiluze, Edurne and McCartney, Robert and Riedesel, Charles},
 title = {Early Developmental Activities and Computing Proficiency},
 booktitle = {Proceedings of the 2017 ITiCSE Conference on Working Group Reports},
 series = {ITiCSE-WGR '17},
 year = {2017},
 isbn = {978-1-4503-5627-5},
 location = {Bologna, Italy},
 pages = {140--157},
 numpages = {18},
 url = {http://doi.acm.org/10.1145/3174781.3174789},
 doi = {10.1145/3174781.3174789},
 acmid = {3174789},
 publisher = {ACM},
 address = {New York, NY, USA},
 keywords = {early-years, pre-computational thinking, pre-requisite, primary, proficiency},
}

@inproceedings{Unbehaun:2018:EPE:3173574.3173636,
 author = {Unbehaun, David and Vaziri, Daryoush Daniel and Aal, Konstantin and Wieching, Rainer and Tolmie, Peter and Wulf, Volker},
 title = {Exploring the Potential of Exergames to Affect the Social and Daily Life of People with Dementia and Their Caregivers},
 booktitle = {Proceedings of the 2018 CHI Conference on Human Factors in Computing Systems},
 series = {CHI '18},
 year = {2018},
 isbn = {978-1-4503-5620-6},
 location = {Montreal QC, Canada},
 pages = {62:1--62:15},
 articleno = {62},
 numpages = {15},
 url = {http://doi.acm.org/10.1145/3173574.3173636},
 doi = {10.1145/3173574.3173636},
 acmid = {3173636},
 publisher = {ACM},
 address = {New York, NY, USA},
 keywords = {adl, caregivers, dementia, exergames, quality of life, relatives, social interactions},
}

@article{Kuber:2011:EHH:1952388.1952389,
 author = {Kuber, Ravi and Yu, Wai and O'Modhrain, M. Sile},
 title = {Evaluation of Haptic HTML Mappings Derived from a Novel Methodology},
 journal = {ACM Trans. Access. Comput.},
 issue_date = {April 2011},
 volume = {3},
 number = {4},
 month = apr,
 year = {2011},
 issn = {1936-7228},
 pages = {12:1--12:28},
 articleno = {12},
 numpages = {28},
 url = {http://doi.acm.org/10.1145/1952388.1952389},
 doi = {10.1145/1952388.1952389},
 acmid = {1952389},
 publisher = {ACM},
 address = {New York, NY, USA},
 keywords = {Haptic interfaces, Web accessibility, blind community, multimodal interfaces},
}

@inproceedings{Fan:2017:WTM:3025453.3026048,
 author = {Fan, Min and Antle, Alissa N. and Hoskyn, Maureen and Neustaedter, Carman and Cramer, Emily S.},
 title = {Why Tangibility Matters: A Design Case Study of At-Risk Children Learning to Read and Spell},
 booktitle = {Proceedings of the 2017 CHI Conference on Human Factors in Computing Systems},
 series = {CHI '17},
 year = {2017},
 isbn = {978-1-4503-4655-9},
 location = {Denver, Colorado, USA},
 pages = {1805--1816},
 numpages = {12},
 url = {http://doi.acm.org/10.1145/3025453.3026048},
 doi = {10.1145/3025453.3026048},
 acmid = {3026048},
 publisher = {ACM},
 address = {New York, NY, USA},
 keywords = {children, dyslexia, embedded interaction, mixed-methods., reading acquisition, tangible user interfaces},
}

@inproceedings{Freeman:2019:SFC:3290605.3300274,
 author = {Freeman, Guo and Bardzell, Jeffrey and Bardzell, Shaowen and Liu, Szu-Yu (Cyn) and Lu, Xi and Cao, Diandian},
 title = {Smart and Fermented Cities: An Approach to Placemaking in Urban Informatics},
 booktitle = {Proceedings of the 2019 CHI Conference on Human Factors in Computing Systems},
 series = {CHI '19},
 year = {2019},
 isbn = {978-1-4503-5970-2},
 location = {Glasgow, Scotland Uk},
 pages = {44:1--44:13},
 articleno = {44},
 numpages = {13},
 url = {http://doi.acm.org/10.1145/3290605.3300274},
 doi = {10.1145/3290605.3300274},
 acmid = {3300274},
 publisher = {ACM},
 address = {New York, NY, USA},
 keywords = {placemaking, smart cities, urban informatics},
}

@inproceedings{Johnson:2016:GDC:3024906.3024908,
 author = {Johnson, Chris and McGill, Monica and Bouchard, Durell and Bradshaw, Michael K. and Bucheli, V\'{\i}ctor A. and Merkle, Laurence D. and Scott, Michael James and Sweedyk, Z. and Vel\'{a}zquez-Iturbide, J. \'{A}ngel and Xiao, Zhiping and Zhang, Ming},
 title = {Game Development for Computer Science Education},
 booktitle = {Proceedings of the 2016 ITiCSE Working Group Reports},
 series = {ITiCSE '16},
 year = {2016},
 isbn = {978-1-4503-4882-9},
 location = {Arequipa, Peru},
 pages = {23--44},
 numpages = {22},
 url = {http://doi.acm.org/10.1145/3024906.3024908},
 doi = {10.1145/3024906.3024908},
 acmid = {3024908},
 publisher = {ACM},
 address = {New York, NY, USA},
}

@article{Humphrey:1990:AI:379088.1046620,
 author = {Humphrey, Susanne M. and Shneiderman, Ben},
 title = {ABSTRACTS OF INTEREST},
 journal = {SIGCHI Bull.},
 issue_date = {Jan. 1990},
 volume = {21},
 number = {3},
 month = jan,
 year = {1990},
 issn = {0736-6906},
 pages = {91--105},
 numpages = {15},
 url = {http://doi.acm.org/10.1145/379088.1046620},
 doi = {10.1145/379088.1046620},
 acmid = {1046620},
 publisher = {ACM},
 address = {New York, NY, USA},
}

@article{Schneider:2016:UME:3018660.3012009,
 author = {Schneider, Bertrand and Sharma, Kshitij and Cuendet, S{\'e}bastien and Zufferey, Guillaume and Dillenbourg, Pierre and Pea, Roy},
 title = {Using Mobile Eye-Trackers to Unpack the Perceptual Benefits of a Tangible User Interface for Collaborative Learning},
 journal = {ACM Trans. Comput.-Hum. Interact.},
 issue_date = {December 2016},
 volume = {23},
 number = {6},
 month = dec,
 year = {2016},
 issn = {1073-0516},
 pages = {39:1--39:23},
 articleno = {39},
 numpages = {23},
 url = {http://doi.acm.org/10.1145/3012009},
 doi = {10.1145/3012009},
 acmid = {3012009},
 publisher = {ACM},
 address = {New York, NY, USA},
 keywords = {Tangible interface, collaborative learning, eye-tracking},
}

@inproceedings{Hellas:2018:PAP:3293881.3295783,
 author = {Hellas, Arto and Ihantola, Petri and Petersen, Andrew and Ajanovski, Vangel V. and Gutica, Mirela and Hynninen, Timo and Knutas, Antti and Leinonen, Juho and Messom, Chris and Liao, Soohyun Nam},
 title = {Predicting Academic Performance: A Systematic Literature Review},
 booktitle = {Proceedings Companion of the 23rd Annual ACM Conference on Innovation and Technology in Computer Science Education},
 series = {ITiCSE 2018 Companion},
 year = {2018},
 isbn = {978-1-4503-6223-8},
 location = {Larnaca, Cyprus},
 pages = {175--199},
 numpages = {25},
 url = {http://doi.acm.org/10.1145/3293881.3295783},
 doi = {10.1145/3293881.3295783},
 acmid = {3295783},
 publisher = {ACM},
 address = {New York, NY, USA},
 keywords = {analytics, educational data mining, learning analytics, literature review, mapping study, performance, prediction},
}

@book{Oviatt:2017:HMI:3015783,
 editor = {Oviatt, Sharon and Schuller, Bj\"{o}rn and Cohen, Philip R. and Sonntag, Daniel and Potamianos, Gerasimos and Kr\"{u}ger, Antonio},
 title = {The Handbook of Multimodal-Multisensor Interfaces: Foundations, User Modeling, and Common Modality Combinations - Volume 1},
 year = {2017},
 isbn = {978-1-97000-167-9},
 volume = {Volume 1},
 publisher = {Association for Computing Machinery and Morgan \&\#38; Claypool},
 address = {New York, NY, USA},
}

