@inproceedings{Clarebout:2008:UIE:1599812.1599829,
 author = {Clarebout, Geraldine and Coens, Joke and Elen, Jan},
 title = {The Use of iPods in Education: A Cognitive Perspective},
 booktitle = {Proceedings of the 8th International Conference on International Conference for the Learning Sciences - Volume 1},
 series = {ICLS'08},
 year = {2008},
 location = {Utrecht, The Netherlands},
 pages = {153--158},
 numpages = {6},
 url = {http://dl.acm.org/citation.cfm?id=1599812.1599829},
 acmid = {1599829},
 publisher = {International Society of the Learning Sciences},
}

@inproceedings{Feinberg:2000:ACL:504800.504855,
 author = {Feinberg, Susan and Murphy, Margaret},
 title = {Applying Cognitive Load Theory to the Design of Web-based Instruction},
 booktitle = {Proceedings of IEEE Professional Communication Society International Professional Communication Conference and  Proceedings of the 18th Annual ACM International Conference on Computer Documentation: Technology \& Teamwork},
 series = {IPCC/SIGDOC '00},
 year = {2000},
 isbn = {0-7803-6431-7},
 location = {Cambridge, Massachusetts},
 pages = {353--360},
 numpages = {8},
 url = {http://dl.acm.org/citation.cfm?id=504800.504855},
 acmid = {504855},
 publisher = {IEEE Educational Activities Department},
 address = {Piscataway, NJ, USA},
}

@article{Garner:2004:UCR:1026487.1008115,
 author = {Garner, Stuart},
 title = {The Use of a Code Restructuring Tool in the Learning of Programming},
 journal = {SIGCSE Bull.},
 issue_date = {September 2004},
 volume = {36},
 number = {3},
 month = jun,
 year = {2004},
 issn = {0097-8418},
 pages = {277--277},
 numpages = {1},
 url = {http://doi.acm.org/10.1145/1026487.1008115},
 doi = {10.1145/1026487.1008115},
 acmid = {1008115},
 publisher = {ACM},
 address = {New York, NY, USA},
 keywords = {completion method, learning, programming},
}

@inproceedings{Garner:2004:UCR:1007996.1008115,
 author = {Garner, Stuart},
 title = {The Use of a Code Restructuring Tool in the Learning of Programming},
 booktitle = {Proceedings of the 9th Annual SIGCSE Conference on Innovation and Technology in Computer Science Education},
 series = {ITiCSE '04},
 year = {2004},
 isbn = {1-58113-836-9},
 location = {Leeds, United Kingdom},
 pages = {277--277},
 numpages = {1},
 url = {http://doi.acm.org/10.1145/1007996.1008115},
 doi = {10.1145/1007996.1008115},
 acmid = {1008115},
 publisher = {ACM},
 address = {New York, NY, USA},
 keywords = {completion method, learning, programming},
}

@inproceedings{Sweller:2008:EBH:1404520.1404521,
 author = {Sweller, John},
 title = {Evolutionary Bases of Human Cognitive Architecture: Implications for Computing Education},
 booktitle = {Proceedings of the Fourth International Workshop on Computing Education Research},
 series = {ICER '08},
 year = {2008},
 isbn = {978-1-60558-216-0},
 location = {Sydney, Australia},
 pages = {1--2},
 numpages = {2},
 url = {http://doi.acm.org/10.1145/1404520.1404521},
 doi = {10.1145/1404520.1404521},
 acmid = {1404521},
 publisher = {ACM},
 address = {New York, NY, USA},
 keywords = {cognition, cognitive load theory, instruction},
}

@inproceedings{Huff:2010:CLS:1854360.1854383,
 author = {Huff, Markus and Bauhoff, Vera and Schwan, Stephan},
 title = {A Closer Look at the Split Attention Effect: Integrated Presentation Formats for Troubleshooting Tasks},
 booktitle = {Proceedings of the 9th International Conference of the Learning Sciences - Volume 1},
 series = {ICLS '10},
 year = {2010},
 location = {Chicago, Illinois},
 pages = {174--181},
 numpages = {8},
 url = {http://dl.acm.org/citation.cfm?id=1854360.1854383},
 acmid = {1854383},
 publisher = {International Society of the Learning Sciences},
}

@inproceedings{Ruf:2014:LME:2639189.2670251,
 author = {Ruf, Alessia P. and Seckler, Mirjam and Opwis, Klaus},
 title = {Long-term Modality Effect in Multimedia Learning},
 booktitle = {Proceedings of the 8th Nordic Conference on Human-Computer Interaction: Fun, Fast, Foundational},
 series = {NordiCHI '14},
 year = {2014},
 isbn = {978-1-4503-2542-4},
 location = {Helsinki, Finland},
 pages = {963--966},
 numpages = {4},
 url = {http://doi.acm.org/10.1145/2639189.2670251},
 doi = {10.1145/2639189.2670251},
 acmid = {2670251},
 publisher = {ACM},
 address = {New York, NY, USA},
 keywords = {e-learning, long-term learning, modality effect, self-paced learning, system-paced learning},
}

@inproceedings{Florax:2010:IPF:1854360.1854363,
 author = {Florax, Mareike and Ploetzner, Rolf},
 title = {The Influence of Presentation Format and Subject Complexity on Learning from Illustrated Texts in Biology},
 booktitle = {Proceedings of the 9th International Conference of the Learning Sciences - Volume 1},
 series = {ICLS '10},
 year = {2010},
 location = {Chicago, Illinois},
 pages = {17--24},
 numpages = {8},
 url = {http://dl.acm.org/citation.cfm?id=1854360.1854363},
 acmid = {1854363},
 publisher = {International Society of the Learning Sciences},
}

@inproceedings{Bouki:2011:CTM:2038476.2038531,
 author = {Bouki, Vassiliki and Economou, Daphne and Angelopoulou, Anastassia},
 title = {Cognitive Theory of Multimedia Learning and Learning Videos Design: The Redundancy Principle},
 booktitle = {Proceedings of the 29th ACM International Conference on Design of Communication},
 series = {SIGDOC '11},
 year = {2011},
 isbn = {978-1-4503-0936-3},
 location = {Pisa, Italy},
 pages = {271--278},
 numpages = {8},
 url = {http://doi.acm.org/10.1145/2038476.2038531},
 doi = {10.1145/2038476.2038531},
 acmid = {2038531},
 publisher = {ACM},
 address = {New York, NY, USA},
 keywords = {learning videos design, multimedia learning theory, redundancy principle},
}

@inproceedings{Uchidiuno:2017:CES:3051457.3053981,
 author = {Uchidiuno, Judith and Hammer, Jessica and Yarzebinski, Evelyn and Koedinger, Kenneth R. and Ogan, Amy},
 title = {Characterizing ELL Students' Behavior During MOOC Videos Using Content Type},
 booktitle = {Proceedings of the Fourth (2017) ACM Conference on Learning @ Scale},
 series = {L@S '17},
 year = {2017},
 isbn = {978-1-4503-4450-0},
 location = {Cambridge, Massachusetts, USA},
 pages = {185--188},
 numpages = {4},
 url = {http://doi.acm.org/10.1145/3051457.3053981},
 doi = {10.1145/3051457.3053981},
 acmid = {3053981},
 publisher = {ACM},
 address = {New York, NY, USA},
 keywords = {ell student identification, english language learners, language support interventions, mooc behavioral analysis, moocs},
}

@inproceedings{Ayres:2008:IIT:1599812.1599820,
 author = {Ayres, Paul and Youssef, Amina},
 title = {Investigating the Influence of Transitory Information and Motivation During Instructional Animations},
 booktitle = {Proceedings of the 8th International Conference on International Conference for the Learning Sciences - Volume 1},
 series = {ICLS'08},
 year = {2008},
 location = {Utrecht, The Netherlands},
 pages = {68--75},
 numpages = {8},
 url = {http://dl.acm.org/citation.cfm?id=1599812.1599820},
 acmid = {1599820},
 publisher = {International Society of the Learning Sciences},
}

@inproceedings{Tirronen:2012:DEL:2401796.2401805,
 author = {Tirronen, Ville and Isom\"{o}tt\"{o}nen, Ville},
 title = {On the Design of Effective Learning Materials for Supporting Self-directed Learning of Programming},
 booktitle = {Proceedings of the 12th Koli Calling International Conference on Computing Education Research},
 series = {Koli Calling '12},
 year = {2012},
 isbn = {978-1-4503-1795-5},
 location = {Koli, Finland},
 pages = {74--82},
 numpages = {9},
 url = {http://doi.acm.org/10.1145/2401796.2401805},
 doi = {10.1145/2401796.2401805},
 acmid = {2401805},
 publisher = {ACM},
 address = {New York, NY, USA},
 keywords = {cognitive load theory, functional programming, programming education, self-direction},
}

@inproceedings{Magner:2010:PII:1854360.1854361,
 author = {Magner, Ulrike and Schwonke, Rolf and Renkl, Alexander and Aleven, Vincent A. W. M. M. and Popescu, Octav},
 title = {Pictorial Illustrations in Intelligent Tutoring Systems: Do They Distract or Elicit Interest and Engagement?},
 booktitle = {Proceedings of the 9th International Conference of the Learning Sciences - Volume 1},
 series = {ICLS '10},
 year = {2010},
 location = {Chicago, Illinois},
 pages = {1--8},
 numpages = {8},
 url = {http://dl.acm.org/citation.cfm?id=1854360.1854361},
 acmid = {1854361},
 publisher = {International Society of the Learning Sciences},
}

@inproceedings{Brosda:2016:UAE:2957265.2964198,
 author = {Brosda, Constantin and Bartsch, Silke and Oppermann, Leif and Schaal, Steffen},
 title = {On the Use of Audio in the Educational Location Based Game Platform MILE},
 booktitle = {Proceedings of the 18th International Conference on Human-Computer Interaction with Mobile Devices and Services Adjunct},
 series = {MobileHCI '16},
 year = {2016},
 isbn = {978-1-4503-4413-5},
 location = {Florence, Italy},
 pages = {1049--1054},
 numpages = {6},
 url = {http://doi.acm.org/10.1145/2957265.2964198},
 doi = {10.1145/2957265.2964198},
 acmid = {2964198},
 publisher = {ACM},
 address = {New York, NY, USA},
 keywords = {audio, cognitive load, education, location based game, nutrition},
}

@inproceedings{Holmes:2012:VAT:2168556.2168646,
 author = {Holmes, Michael E. and Josephson, Sheree and Carney, Ryan E.},
 title = {Visual Attention to Television Programs with a Second-screen Application},
 booktitle = {Proceedings of the Symposium on Eye Tracking Research and Applications},
 series = {ETRA '12},
 year = {2012},
 isbn = {978-1-4503-1221-9},
 location = {Santa Barbara, California},
 pages = {397--400},
 numpages = {4},
 url = {http://doi.acm.org/10.1145/2168556.2168646},
 doi = {10.1145/2168556.2168646},
 acmid = {2168646},
 publisher = {ACM},
 address = {New York, NY, USA},
 keywords = {dual screen, eye movement, eye tracking, interactive television, multiple screen, second-screen application, television, visual attention},
}

@inproceedings{Roy:2004:SAH:1026533.1026543,
 author = {Roy, Debopriyo},
 title = {A Self-paced Approach to Hypermedia Design for Patient Education},
 booktitle = {Proceedings of the 22Nd Annual International Conference on Design of Communication: The Engineering of Quality Documentation},
 series = {SIGDOC '04},
 year = {2004},
 isbn = {1-58113-809-1},
 location = {Memphis, Tennessee, USA},
 pages = {27--32},
 numpages = {6},
 url = {http://doi.acm.org/10.1145/1026533.1026543},
 doi = {10.1145/1026533.1026543},
 acmid = {1026543},
 publisher = {ACM},
 address = {New York, NY, USA},
 keywords = {activity theory, conversational design, design, modality effect, self-paced system, situated action},
}

@inproceedings{Dillon:2010:WMT:1810617.1810619,
 author = {Dillon, Andrew},
 title = {As We May Have Thought, and May (Still) Think},
 booktitle = {Proceedings of the 21st ACM Conference on Hypertext and Hypermedia},
 series = {HT '10},
 year = {2010},
 isbn = {978-1-4503-0041-4},
 location = {Toronto, Ontario, Canada},
 pages = {1--2},
 numpages = {2},
 url = {http://doi.acm.org/10.1145/1810617.1810619},
 doi = {10.1145/1810617.1810619},
 acmid = {1810619},
 publisher = {ACM},
 address = {New York, NY, USA},
 keywords = {e-books, human factors},
}

@article{Mahoney:2018:STC:3280489.3280511,
 author = {Mahoney, Mark},
 title = {Storyteller: A Tool for Creating Worked Examples},
 journal = {J. Comput. Sci. Coll.},
 issue_date = {October 2018},
 volume = {34},
 number = {1},
 month = oct,
 year = {2018},
 issn = {1937-4771},
 pages = {137--144},
 numpages = {8},
 url = {http://dl.acm.org/citation.cfm?id=3280489.3280511},
 acmid = {3280511},
 publisher = {Consortium for Computing Sciences in Colleges},
 address = {USA},
}

@article{Sivula:2011:CII:2060096.2060097,
 author = {Sivula, Martin},
 title = {The Case for ``e-Supplements'' for Improving Instructional Health: Do They Make a Difference?},
 journal = {eLearn},
 issue_date = {November 2011},
 volume = {2011},
 number = {11},
 month = nov,
 year = {2011},
 issn = {1535-394X},
 articleno = {1},
 url = {http://doi.acm.org/10.1145/2060096.2060097},
 doi = {10.1145/2060096.2060097},
 acmid = {2060097},
 publisher = {ACM},
 address = {New York, NY, USA},
}

@inproceedings{Mason:2012:WBJ:2483716.2483738,
 author = {Mason, Raina and Cooper, Graham},
 title = {Why the Bottom 10% Just Can'T Do It: Mental Effort Measures and Implication for Introductory Programming Courses},
 booktitle = {Proceedings of the Fourteenth Australasian Computing Education Conference - Volume 123},
 series = {ACE '12},
 year = {2012},
 isbn = {978-1-921770-04-3},
 location = {Melbourne, Australia},
 pages = {187--196},
 numpages = {10},
 url = {http://dl.acm.org/citation.cfm?id=2483716.2483738},
 acmid = {2483738},
 publisher = {Australian Computer Society, Inc.},
 address = {Darlinghurst, Australia, Australia},
 keywords = {Australian university courses, cognition, cognitive load, introductory programming, mental effort measures, pedagogy, programming success},
}

@inproceedings{Mason:2016:FAC:2960310.2960321,
 author = {Mason, Raina and Simon and Cooper, Graham and Wilks, Barry},
 title = {Flipping the Assessment of Cognitive Load: Why and How},
 booktitle = {Proceedings of the 2016 ACM Conference on International Computing Education Research},
 series = {ICER '16},
 year = {2016},
 isbn = {978-1-4503-4449-4},
 location = {Melbourne, VIC, Australia},
 pages = {43--52},
 numpages = {10},
 url = {http://doi.acm.org/10.1145/2960310.2960321},
 doi = {10.1145/2960310.2960321},
 acmid = {2960321},
 publisher = {ACM},
 address = {New York, NY, USA},
 keywords = {cognitive load theory, computing education, mobile apps, programming education},
}

@inproceedings{Lee:2010:ICA:1822090.1822172,
 author = {Lee, Ming-Han and R\"{o}\ssling, Guido},
 title = {Integrating Categories of Algorithm Learning Objective into Algorithm Visualization Design: A Proposal},
 booktitle = {Proceedings of the Fifteenth Annual Conference on Innovation and Technology in Computer Science Education},
 series = {ITiCSE '10},
 year = {2010},
 isbn = {978-1-60558-820-9},
 location = {Bilkent, Ankara, Turkey},
 pages = {289--293},
 numpages = {5},
 url = {http://doi.acm.org/10.1145/1822090.1822172},
 doi = {10.1145/1822090.1822172},
 acmid = {1822172},
 publisher = {ACM},
 address = {New York, NY, USA},
 keywords = {AV design, CALO, algorithm visualization, computer science education, learning objective},
}

@inproceedings{Toker:2018:USP:3172944.3173009,
 author = {Toker, Dereck and Conati, Cristina and Carenini, Giuseppe},
 title = {User-adaptive Support for Processing Magazine Style Narrative Visualizations: Identifying User Characteristics That Matter},
 booktitle = {23rd International Conference on Intelligent User Interfaces},
 series = {IUI '18},
 year = {2018},
 isbn = {978-1-4503-4945-1},
 location = {Tokyo, Japan},
 pages = {199--204},
 numpages = {6},
 url = {http://doi.acm.org/10.1145/3172944.3173009},
 doi = {10.1145/3172944.3173009},
 acmid = {3173009},
 publisher = {ACM},
 address = {New York, NY, USA},
 keywords = {individual differences, narrative visualization, personalization., user characteristics, user study, user-adaptation},
}

@inproceedings{Mullen:2009:WCO:1640089.1640126,
 author = {Mullen, Thomas},
 title = {Writing Code for Other People: Cognitive Psychology and the Fundamentals of Good Software Design Principles},
 booktitle = {Proceedings of the 24th ACM SIGPLAN Conference on Object Oriented Programming Systems Languages and Applications},
 series = {OOPSLA '09},
 year = {2009},
 isbn = {978-1-60558-766-0},
 location = {Orlando, Florida, USA},
 pages = {481--492},
 numpages = {12},
 url = {http://doi.acm.org/10.1145/1640089.1640126},
 doi = {10.1145/1640089.1640126},
 acmid = {1640126},
 publisher = {ACM},
 address = {New York, NY, USA},
 keywords = {4 minus analogies, chunking analogies},
}

@article{Mullen:2009:WCO:1639949.1640126,
 author = {Mullen, Thomas},
 title = {Writing Code for Other People: Cognitive Psychology and the Fundamentals of Good Software Design Principles},
 journal = {SIGPLAN Not.},
 issue_date = {October 2009},
 volume = {44},
 number = {10},
 month = oct,
 year = {2009},
 issn = {0362-1340},
 pages = {481--492},
 numpages = {12},
 url = {http://doi.acm.org/10.1145/1639949.1640126},
 doi = {10.1145/1639949.1640126},
 acmid = {1640126},
 publisher = {ACM},
 address = {New York, NY, USA},
 keywords = {4 minus analogies, chunking analogies},
}

@article{Ericson:2015:ETL:2846537.2829976,
 author = {Ericson, Barbara and Guzdial, Mark and Morrison, Briana and Parker, Miranda and Moldavan, Matthew and Surasani, Lekha},
 title = {An eBook for Teachers Learning CS Principles},
 journal = {ACM Inroads},
 issue_date = {December 2015},
 volume = {6},
 number = {4},
 month = nov,
 year = {2015},
 issn = {2153-2184},
 pages = {84--86},
 numpages = {3},
 url = {http://doi.acm.org/10.1145/2829976},
 doi = {10.1145/2829976},
 acmid = {2829976},
 publisher = {ACM},
 address = {New York, NY, USA},
}

@article{Shin:2016:EMD:2954340.2914797,
 author = {Shin, Shin-Shing},
 title = {Evaluation of Model Driven Architecture-Based Instruction for Understanding Phase Transitions in Object-Oriented Analysis and Design},
 journal = {Trans. Comput. Educ.},
 issue_date = {October 2016},
 volume = {16},
 number = {4},
 month = aug,
 year = {2016},
 issn = {1946-6226},
 pages = {17:1--17:21},
 articleno = {17},
 numpages = {21},
 url = {http://doi.acm.org/10.1145/2914797},
 doi = {10.1145/2914797},
 acmid = {2914797},
 publisher = {ACM},
 address = {New York, NY, USA},
 keywords = {Cognitive load theory, model driven architecture, object-oriented analysis and design, phase transition, representation format, split-attention effect},
}

@inproceedings{Sharma:2014:UTM:2643572.2643584,
 author = {Sharma, Ankur and Hawkey, Kirstie},
 title = {Understanding the Tradeoffs of Mobile Device Output Modalities in Just-in-time Learning of Mechanical Tasks},
 booktitle = {Proceedings of the 2014 Mulitmedia, Interaction, Design and Innovation International Conference on Multimedia, Interaction, Design and Innovation},
 series = {MIDI '14},
 year = {2014},
 isbn = {978-1-4503-2779-4},
 location = {Warsaw, Poland},
 pages = {12:1--12:10},
 articleno = {12},
 numpages = {10},
 url = {http://doi.acm.org/10.1145/2643572.2643584},
 doi = {10.1145/2643572.2643584},
 acmid = {2643584},
 publisher = {ACM},
 address = {New York, NY, USA},
 keywords = {Multi-media-interface, cognitive load, just-in-time learning, mobile device},
}

@inproceedings{Leinonen:2019:EAS:3287324.3287378,
 author = {Leinonen, Antti and Nygren, Henrik and Pirttinen, Nea and Hellas, Arto and Leinonen, Juho},
 title = {Exploring the Applicability of Simple Syntax Writing Practice for Learning Programming},
 booktitle = {Proceedings of the 50th ACM Technical Symposium on Computer Science Education},
 series = {SIGCSE '19},
 year = {2019},
 isbn = {978-1-4503-5890-3},
 location = {Minneapolis, MN, USA},
 pages = {84--90},
 numpages = {7},
 url = {http://doi.acm.org/10.1145/3287324.3287378},
 doi = {10.1145/3287324.3287378},
 acmid = {3287378},
 publisher = {ACM},
 address = {New York, NY, USA},
 keywords = {embedded tool, syntax practice, writing code},
}

@inproceedings{Cherubini:2007:EER:1316624.1316674,
 author = {Cherubini, Mauro and Dillenbourg, Pierre},
 title = {The Effects of Explicit Referencing in Distance Problem Solving over Shared Maps},
 booktitle = {Proceedings of the 2007 International ACM Conference on Supporting Group Work},
 series = {GROUP '07},
 year = {2007},
 isbn = {978-1-59593-845-9},
 location = {Sanibel Island, Florida, USA},
 pages = {331--340},
 numpages = {10},
 url = {http://doi.acm.org/10.1145/1316624.1316674},
 doi = {10.1145/1316624.1316674},
 acmid = {1316674},
 publisher = {ACM},
 address = {New York, NY, USA},
 keywords = {computer supported cooperative work, computer-mediated communication, context, deictic},
}

@inproceedings{Seidel:2015:MWV:2855321.2855339,
 author = {Seidel, Niels},
 title = {Making Web Video Accessible: Interaction Design Patterns for Assistive Video Learning Environments},
 booktitle = {Proceedings of the 20th European Conference on Pattern Languages of Programs},
 series = {EuroPLoP '15},
 year = {2015},
 isbn = {978-1-4503-3847-9},
 location = {Kaufbeuren, Germany},
 pages = {17:1--17:16},
 articleno = {17},
 numpages = {16},
 url = {http://doi.acm.org/10.1145/2855321.2855339},
 doi = {10.1145/2855321.2855339},
 acmid = {2855339},
 publisher = {ACM},
 address = {New York, NY, USA},
 keywords = {accessibility, hypervideo, interaction design patterns, interactive video},
}

@inproceedings{Banerjee:2016:ECR:2930674.2930688,
 author = {Banerjee, Rahul and Yip, Jason and Lee, Kung Jin and Popovi\'{c}, Zoran},
 title = {Empowering Children To Rapidly Author Games and Animations Without Writing Code},
 booktitle = {Proceedings of the The 15th International Conference on Interaction Design and Children},
 series = {IDC '16},
 year = {2016},
 isbn = {978-1-4503-4313-8},
 location = {Manchester, United Kingdom},
 pages = {230--237},
 numpages = {8},
 url = {http://doi.acm.org/10.1145/2930674.2930688},
 doi = {10.1145/2930674.2930688},
 acmid = {2930688},
 publisher = {ACM},
 address = {New York, NY, USA},
 keywords = {Authoring, games, interactive content, programming by example, rule-based system, user interface},
}

@inproceedings{Josephson:2006:CCO:1117309.1117361,
 author = {Josephson, Sheree and Holmes, Michael E.},
 title = {Clutter or Content?: How On-screen Enhancements Affect How TV Viewers Scan and What They Learn},
 booktitle = {Proceedings of the 2006 Symposium on Eye Tracking Research \&Amp; Applications},
 series = {ETRA '06},
 year = {2006},
 isbn = {1-59593-305-0},
 location = {San Diego, California},
 pages = {155--162},
 numpages = {8},
 url = {http://doi.acm.org/10.1145/1117309.1117361},
 doi = {10.1145/1117309.1117361},
 acmid = {1117361},
 publisher = {ACM},
 address = {New York, NY, USA},
 keywords = {design, eye tracking, eye-path comparison, recall, television, visual attention},
}

@article{Eshet-Alkalai:2007:HUB:1345375.1345415,
 author = {Eshet-Alkalai, Yoram},
 title = {Humans Under Bombardment: Performing in a Real-time World},
 journal = {SIGCSE Bull.},
 issue_date = {December 2007},
 volume = {39},
 number = {4},
 month = dec,
 year = {2007},
 issn = {0097-8418},
 pages = {57--60},
 numpages = {4},
 url = {http://doi.acm.org/10.1145/1345375.1345415},
 doi = {10.1145/1345375.1345415},
 acmid = {1345415},
 publisher = {ACM},
 address = {New York, NY, USA},
 keywords = {digital literacy, real-time environment, real-time thinking},
}

@inproceedings{Verma:2014:CIS:2611780.2581161,
 author = {Verma, Ansh and Culbertson, Gabriel and Ramani, Karthik},
 title = {Chiron: Interpreting Signals from Capacitive Patterns and Inertial Sensors for Intuitive Shape Modeling},
 booktitle = {Proceedings of the Extended Abstracts of the 32Nd Annual ACM Conference on Human Factors in Computing Systems},
 series = {CHI EA '14},
 year = {2014},
 isbn = {978-1-4503-2474-8},
 location = {Toronto, Ontario, Canada},
 pages = {1831--1836},
 numpages = {6},
 url = {http://doi.acm.org/10.1145/2559206.2581161},
 doi = {10.1145/2559206.2581161},
 acmid = {2581161},
 publisher = {ACM},
 address = {New York, NY, USA},
 keywords = {capacitive sensors, cognitive load, finger ergonomics, gestural interaction, wearable computing},
}

@inproceedings{Verma:2014:CIS:2559206.2581161,
 author = {Verma, Ansh and Culbertson, Gabriel and Ramani, Karthik},
 title = {Chiron: Interpreting Signals from Capacitive Patterns and Inertial Sensors for Intuitive Shape Modeling},
 booktitle = {CHI '14 Extended Abstracts on Human Factors in Computing Systems},
 series = {CHI EA '14},
 year = {2014},
 isbn = {978-1-4503-2474-8},
 location = {Toronto, Ontario, Canada},
 pages = {1831--1836},
 numpages = {6},
 url = {http://doi.acm.org/10.1145/2559206.2581161},
 doi = {10.1145/2559206.2581161},
 acmid = {2581161},
 publisher = {ACM},
 address = {New York, NY, USA},
 keywords = {capacitive sensors, cognitive load, finger ergonomics, gestural interaction, wearable computing},
}

@inproceedings{Seehra:2014:CMM:2593968.2610454,
 author = {Seehra, Jasjeet Singh and Verma, Ansh and Ramani, Karthik},
 title = {ChiroBot: Modularrobotic Manipulation via Spatial Hand Gestures},
 booktitle = {Proceedings of the 2014 Conference on Interaction Design and Children},
 series = {IDC '14},
 year = {2014},
 isbn = {978-1-4503-2272-0},
 location = {Aarhus, Denmark},
 pages = {209--212},
 numpages = {4},
 url = {http://doi.acm.org/10.1145/2593968.2610454},
 doi = {10.1145/2593968.2610454},
 acmid = {2610454},
 publisher = {ACM},
 address = {New York, NY, USA},
 keywords = {constructionism, gestural interface, modular robot, mplayvalue},
}

@inproceedings{Kushalnagar:2013:CVT:2461121.2461142,
 author = {Kushalnagar, Raja S. and Lasecki, Walter S. and Bigham, Jeffrey P.},
 title = {Captions Versus Transcripts for Online Video Content},
 booktitle = {Proceedings of the 10th International Cross-Disciplinary Conference on Web Accessibility},
 series = {W4A '13},
 year = {2013},
 isbn = {978-1-4503-1844-0},
 location = {Rio de Janeiro, Brazil},
 pages = {32:1--32:4},
 articleno = {32},
 numpages = {4},
 url = {http://doi.acm.org/10.1145/2461121.2461142},
 doi = {10.1145/2461121.2461142},
 acmid = {2461142},
 publisher = {ACM},
 address = {New York, NY, USA},
 keywords = {captions, deaf education, online education, transcripts},
}

@inproceedings{Lee:2012:CLC:2212776.2223794,
 author = {Lee, Tak Yeon and Mauriello, Matthew Louis and Ingraham, John and Sopan, Awalin and Ahn, June and Bederson, Benjamin B.},
 title = {CTArcade: Learning Computational Thinking While Training Virtual Characters Through Game Play},
 booktitle = {CHI '12 Extended Abstracts on Human Factors in Computing Systems},
 series = {CHI EA '12},
 year = {2012},
 isbn = {978-1-4503-1016-1},
 location = {Austin, Texas, USA},
 pages = {2309--2314},
 numpages = {6},
 url = {http://doi.acm.org/10.1145/2212776.2223794},
 doi = {10.1145/2212776.2223794},
 acmid = {2223794},
 publisher = {ACM},
 address = {New York, NY, USA},
 keywords = {computational thinking, learning and games},
}

@inproceedings{Ishimaru:2017:AAR:3123024.3123200,
 author = {Ishimaru, Shoya and Dengel, Andreas},
 title = {ARFLED: Ability Recognition Framework for Learning and Education},
 booktitle = {Proceedings of the 2017 ACM International Joint Conference on Pervasive and Ubiquitous Computing and Proceedings of the 2017 ACM International Symposium on Wearable Computers},
 series = {UbiComp '17},
 year = {2017},
 isbn = {978-1-4503-5190-4},
 location = {Maui, Hawaii},
 pages = {339--343},
 numpages = {5},
 url = {http://doi.acm.org/10.1145/3123024.3123200},
 doi = {10.1145/3123024.3123200},
 acmid = {3123200},
 publisher = {ACM},
 address = {New York, NY, USA},
 keywords = {activity recognition, cognitive state, education, eye tracking, eyewear computing, learning, quantified self, reading activity},
}

@inproceedings{Taib:2006:MUI:1151804.1151814,
 author = {Taib, Ronnie and Shi, Yu and Choi, Eric and Chen, Fang and Sladescu, Matthew and Phung, Nhan},
 title = {Multimodal User Interface Facilitating Critical Data Entry for Traffic Incident Management},
 booktitle = {Proceedings of the 2005 NICTA-HCSNet Multimodal User Interaction Workshop - Volume 57},
 series = {MMUI '05},
 year = {2006},
 isbn = {1-920-68239-2},
 location = {Sydney, Australia},
 pages = {55--59},
 numpages = {5},
 url = {http://dl.acm.org/citation.cfm?id=1151804.1151814},
 acmid = {1151814},
 publisher = {Australian Computer Society, Inc.},
 address = {Darlinghurst, Australia, Australia},
 keywords = {intelligent transport systems, multimodal user interface, user centred design},
}

@inproceedings{Lang:2012:CWH:2254129.2254203,
 author = {Lang, Helmut and Minker, Wolfgang},
 title = {A Collaborative Web-based Help-system},
 booktitle = {Proceedings of the 2Nd International Conference on Web Intelligence, Mining and Semantics},
 series = {WIMS '12},
 year = {2012},
 isbn = {978-1-4503-0915-8},
 location = {Craiova, Romania},
 pages = {60:1--60:5},
 articleno = {60},
 numpages = {5},
 url = {http://doi.acm.org/10.1145/2254129.2254203},
 doi = {10.1145/2254129.2254203},
 acmid = {2254203},
 publisher = {ACM},
 address = {New York, NY, USA},
 keywords = {HCI, computer assisted learning, user support},
}

@inproceedings{Cao:2009:MEC:1502650.1502697,
 author = {Cao, Yujia and Theune, Mari\"{e}t and Nijholt, Anton},
 title = {Modality Effects on Cognitive Load and Performance in High-load Information Presentation},
 booktitle = {Proceedings of the 14th International Conference on Intelligent User Interfaces},
 series = {IUI '09},
 year = {2009},
 isbn = {978-1-60558-168-2},
 location = {Sanibel Island, Florida, USA},
 pages = {335--344},
 numpages = {10},
 url = {http://doi.acm.org/10.1145/1502650.1502697},
 doi = {10.1145/1502650.1502697},
 acmid = {1502697},
 publisher = {ACM},
 address = {New York, NY, USA},
 keywords = {cognitive load, heart rate variability, high-load information presentation, modality effect, performance},
}

@article{Nelson:2019:JHA:3312531.3306153,
 author = {Nelson, Greg L. and Ko, Andrew J.},
 title = {John Henry AWARD: On Use of Theory in Computing Education Research},
 journal = {ACM Inroads},
 issue_date = {March 2019},
 volume = {10},
 number = {1},
 month = feb,
 year = {2019},
 issn = {2153-2184},
 pages = {74--83},
 numpages = {10},
 url = {http://doi.acm.org/10.1145/3306153},
 doi = {10.1145/3306153},
 acmid = {3306153},
 publisher = {ACM},
 address = {New York, NY, USA},
}

@inproceedings{Toker:2019:IER:3320435.3320447,
 author = {Toker, Dereck and Moro, Robert and Simko, Jakub and Bielikova, Maria and Conati, Cristina},
 title = {Impact of English Reading Comprehension Abilities on Processing Magazine Style Narrative Visualizations and Implications for Personalization},
 booktitle = {Proceedings of the 27th ACM Conference on User Modeling, Adaptation and Personalization},
 series = {UMAP '19},
 year = {2019},
 isbn = {978-1-4503-6021-0},
 location = {Larnaca, Cyprus},
 pages = {309--317},
 numpages = {9},
 url = {http://doi.acm.org/10.1145/3320435.3320447},
 doi = {10.1145/3320435.3320447},
 acmid = {3320447},
 publisher = {ACM},
 address = {New York, NY, USA},
 keywords = {english reading comprehension abilities, eye tracking, narrative visualizations, personalization, user-adaptation},
}

@inproceedings{Nelson:2018:UTC:3230977.3230992,
 author = {Nelson, Greg L. and Ko, Andrew J.},
 title = {On Use of Theory in Computing Education Research},
 booktitle = {Proceedings of the 2018 ACM Conference on International Computing Education Research},
 series = {ICER '18},
 year = {2018},
 isbn = {978-1-4503-5628-2},
 location = {Espoo, Finland},
 pages = {31--39},
 numpages = {9},
 url = {http://doi.acm.org/10.1145/3230977.3230992},
 doi = {10.1145/3230977.3230992},
 acmid = {3230992},
 publisher = {ACM},
 address = {New York, NY, USA},
 keywords = {cognitive load theory, design, design science, domain-specific theory, peer review, publication bias, theory},
}

@inproceedings{Yelizarov:2014:AVI:2636240.2636844,
 author = {Yelizarov, Anatoly and Gamayunov, Dennis},
 title = {Adaptive Visualization Interface That Manages User's Cognitive Load Based on Interaction Characteristics},
 booktitle = {Proceedings of the 7th International Symposium on Visual Information Communication and Interaction},
 series = {VINCI '14},
 year = {2014},
 isbn = {978-1-4503-2765-7},
 location = {Sydney NSW, Australia},
 pages = {1:1--1:8},
 articleno = {1},
 numpages = {8},
 url = {http://doi.acm.org/10.1145/2636240.2636844},
 doi = {10.1145/2636240.2636844},
 acmid = {2636844},
 publisher = {ACM},
 address = {New York, NY, USA},
 keywords = {Adaptive visualization, HCI characteristics, cognitive load, interface efficiency, monitoring system interfaces, safety-critical interfaces, situation awareness interfaces, user-adaptive interfaces, visualization evaluation methods, web interfaces},
}

@inproceedings{Melo:2014:AMD:2643604.2643605,
 author = {Melo, M\'{a}rio and Miranda, Guilhermina Lobato},
 title = {Applying the 4C-ID Model to the Design of a Digital Educational Resource for Teaching Electric Circuits: Effects on Student Achievement},
 booktitle = {Proceedings of the 2014 Workshop on Interaction Design in Educational Environments},
 series = {IDEE '14},
 year = {2014},
 isbn = {978-1-4503-3034-3},
 location = {Albacete, Spain},
 pages = {8:8--8:14},
 articleno = {8},
 numpages = {7},
 url = {http://doi.acm.org/10.1145/2643604.2643605},
 doi = {10.1145/2643604.2643605},
 acmid = {2643605},
 publisher = {ACM},
 address = {New York, NY, USA},
 keywords = {4C-ID model, Digital educational resources, Electric circuits, Instructional design \& technology, Learning environments, Multimedia educational messages},
}

@inproceedings{Morrison:2014:MCL:2632320.2632348,
 author = {Morrison, Briana B. and Dorn, Brian and Guzdial, Mark},
 title = {Measuring Cognitive Load in Introductory CS: Adaptation of an Instrument},
 booktitle = {Proceedings of the Tenth Annual Conference on International Computing Education Research},
 series = {ICER '14},
 year = {2014},
 isbn = {978-1-4503-2755-8},
 location = {Glasgow, Scotland, United Kingdom},
 pages = {131--138},
 numpages = {8},
 url = {http://doi.acm.org/10.1145/2632320.2632348},
 doi = {10.1145/2632320.2632348},
 acmid = {2632348},
 publisher = {ACM},
 address = {New York, NY, USA},
 keywords = {cognitive load theory, confirmatory factor analysis, measuring cognitive load, survey},
}

@inproceedings{Eilam:2008:IVC:1599812.1599836,
 author = {Eilam, Billie and Poyas, Yael},
 title = {Identifying Variables and Constructing Relations: Effects of Multiple Images and Texts Stimuli},
 booktitle = {Proceedings of the 8th International Conference on International Conference for the Learning Sciences - Volume 1},
 series = {ICLS'08},
 year = {2008},
 location = {Utrecht, The Netherlands},
 pages = {207--215},
 numpages = {9},
 url = {http://dl.acm.org/citation.cfm?id=1599812.1599836},
 acmid = {1599836},
 publisher = {International Society of the Learning Sciences},
}

@inproceedings{Kizilcec:2014:SFV:2556288.2557207,
 author = {Kizilcec, Ren{\'e} F. and Papadopoulos, Kathryn and Sritanyaratana, Lalida},
 title = {Showing Face in Video Instruction: Effects on Information Retention, Visual Attention, and Affect},
 booktitle = {Proceedings of the SIGCHI Conference on Human Factors in Computing Systems},
 series = {CHI '14},
 year = {2014},
 isbn = {978-1-4503-2473-1},
 location = {Toronto, Ontario, Canada},
 pages = {2095--2102},
 numpages = {8},
 url = {http://doi.acm.org/10.1145/2556288.2557207},
 doi = {10.1145/2556288.2557207},
 acmid = {2557207},
 publisher = {ACM},
 address = {New York, NY, USA},
 keywords = {audiovisual instruction, eye-tracking, multimedia learning},
}

@inproceedings{Kizilcec:2014:SFV:2611528.2557207,
 author = {Kizilcec, Ren{\'e} F. and Papadopoulos, Kathryn and Sritanyaratana, Lalida},
 title = {Showing Face in Video Instruction: Effects on Information Retention, Visual Attention, and Affect},
 booktitle = {Proceedings of the 32Nd Annual ACM Conference on Human Factors in Computing Systems},
 series = {CHI '14},
 year = {2014},
 isbn = {978-1-4503-2473-1},
 location = {Toronto, Ontario, Canada},
 pages = {2095--2102},
 numpages = {8},
 url = {http://doi.acm.org/10.1145/2556288.2557207},
 doi = {10.1145/2556288.2557207},
 acmid = {2557207},
 publisher = {ACM},
 address = {New York, NY, USA},
 keywords = {audiovisual instruction, eye-tracking, multimedia learning},
}

@inproceedings{Oviatt:2007:EPI:1599600.1599708,
 author = {Oviatt, Sharon and Arthur, Alexander and Brock, Yaro and Cohen, Julia},
 title = {Expressive Pen-based Interfaces for Math Education},
 booktitle = {Proceedings of the 8th Iternational Conference on Computer Supported Collaborative Learning},
 series = {CSCL'07},
 year = {2007},
 isbn = {978-0-6151-5436-7},
 location = {New Brunswick, New Jersey, USA},
 pages = {573--582},
 numpages = {10},
 url = {http://dl.acm.org/citation.cfm?id=1599600.1599708},
 acmid = {1599708},
 publisher = {International Society of the Learning Sciences},
}

@article{Sands:2019:ACL:3312531.3210577,
 author = {Sands, Philip},
 title = {Addressing Cognitive Load in the Computer Science Classroom},
 journal = {ACM Inroads},
 issue_date = {March 2019},
 volume = {10},
 number = {1},
 month = feb,
 year = {2019},
 issn = {2153-2184},
 pages = {44--51},
 numpages = {8},
 url = {http://doi.acm.org/10.1145/3210577},
 doi = {10.1145/3210577},
 acmid = {3210577},
 publisher = {ACM},
 address = {New York, NY, USA},
}

@inproceedings{Whitney:2019:COC:3287324.3287347,
 author = {Whitney, Michael and Dallas, Bryan},
 title = {Captioning Online Course Videos: An Investigation into Knowledge Retention and Student Perception},
 booktitle = {Proceedings of the 50th ACM Technical Symposium on Computer Science Education},
 series = {SIGCSE '19},
 year = {2019},
 isbn = {978-1-4503-5890-3},
 location = {Minneapolis, MN, USA},
 pages = {511--517},
 numpages = {7},
 url = {http://doi.acm.org/10.1145/3287324.3287347},
 doi = {10.1145/3287324.3287347},
 acmid = {3287347},
 publisher = {ACM},
 address = {New York, NY, USA},
 keywords = {captions, computing education, online instruction, subtitles},
}

@inproceedings{Steinkuehler:2010:RCO:1854360.1854389,
 author = {Steinkuehler, Constance and Compton-Lilly, Catherine and King, Elizabeth},
 title = {Reading in the Context of Online Games},
 booktitle = {Proceedings of the 9th International Conference of the Learning Sciences - Volume 1},
 series = {ICLS '10},
 year = {2010},
 location = {Chicago, Illinois},
 pages = {222--229},
 numpages = {8},
 url = {http://dl.acm.org/citation.cfm?id=1854360.1854389},
 acmid = {1854389},
 publisher = {International Society of the Learning Sciences},
}

@inproceedings{Kushalnagar:2015:TSD:2700648.2809843,
 author = {Kushalnagar, Raja S. and Behm, Gary W. and Kelstone, Aaron W. and Ali, Shareef},
 title = {Tracked Speech-To-Text Display: Enhancing Accessibility and Readability of Real-Time Speech-To-Text},
 booktitle = {Proceedings of the 17th International ACM SIGACCESS Conference on Computers \&\#38; Accessibility},
 series = {ASSETS '15},
 year = {2015},
 isbn = {978-1-4503-3400-6},
 location = {Lisbon, Portugal},
 pages = {223--230},
 numpages = {8},
 url = {http://doi.acm.org/10.1145/2700648.2809843},
 doi = {10.1145/2700648.2809843},
 acmid = {2809843},
 publisher = {ACM},
 address = {New York, NY, USA},
 keywords = {accessible technology, deaf and hard of hearing users},
}

@inproceedings{Kushalnagar:2010:MVP:1878803.1878827,
 author = {Kushalnagar, Raja S. and Cavender, Anna C. and P\^{a}ris, Jehan-Fran\c{c}ois},
 title = {Multiple View Perspectives: Improving Inclusiveness and Video Compression in Mainstream Classroom Recordings},
 booktitle = {Proceedings of the 12th International ACM SIGACCESS Conference on Computers and Accessibility},
 series = {ASSETS '10},
 year = {2010},
 isbn = {978-1-60558-881-0},
 location = {Orlando, Florida, USA},
 pages = {123--130},
 numpages = {8},
 url = {http://doi.acm.org/10.1145/1878803.1878827},
 doi = {10.1145/1878803.1878827},
 acmid = {1878827},
 publisher = {ACM},
 address = {New York, NY, USA},
 keywords = {accessible technology, deaf and hard of hearing users},
}

@inproceedings{Mason:2013:DPE:2667199.2667202,
 author = {Mason, Raina and Cooper, Graham},
 title = {Distractions in Programming Environments},
 booktitle = {Proceedings of the Fifteenth Australasian Computing Education Conference - Volume 136},
 series = {ACE '13},
 year = {2013},
 isbn = {978-1-921770-21-0},
 location = {Adelaide, Australia},
 pages = {23--30},
 numpages = {8},
 url = {http://dl.acm.org/citation.cfm?id=2667199.2667202},
 acmid = {2667202},
 publisher = {Australian Computer Society, Inc.},
 address = {Darlinghurst, Australia, Australia},
 keywords = {cognitive load, instructional design, introductory programming, lego mindstorms},
}

@inproceedings{Oviatt:2006:HDM:1180639.1180831,
 author = {Oviatt, Sharon},
 title = {Human-centered Design Meets Cognitive Load Theory: Designing Interfaces That Help People Think},
 booktitle = {Proceedings of the 14th ACM International Conference on Multimedia},
 series = {MM '06},
 year = {2006},
 isbn = {1-59593-447-2},
 location = {Santa Barbara, CA, USA},
 pages = {871--880},
 numpages = {10},
 url = {http://doi.acm.org/10.1145/1180639.1180831},
 doi = {10.1145/1180639.1180831},
 acmid = {1180831},
 publisher = {ACM},
 address = {New York, NY, USA},
 keywords = {cognitive load, educational interfaces, human-centered design, mobile interfaces, multimodal interfaces, pen-based interfaces, performance metrics, robustness, spoken language interfaces, tangible interfaces, usability},
}

@inproceedings{Hossain:2011:CLU:2038476.2038503,
 author = {Hossain, Gahangir and Shaik, Akbar S. and Yeasin, Mohammed},
 title = {Cognitive Load and Usability Analysis of R-MAP for the People Who Are Blind or Visual Impaired},
 booktitle = {Proceedings of the 29th ACM International Conference on Design of Communication},
 series = {SIGDOC '11},
 year = {2011},
 isbn = {978-1-4503-0936-3},
 location = {Pisa, Italy},
 pages = {137--144},
 numpages = {8},
 url = {http://doi.acm.org/10.1145/2038476.2038503},
 doi = {10.1145/2038476.2038503},
 acmid = {2038503},
 publisher = {ACM},
 address = {New York, NY, USA},
 keywords = {android phone, assistive technology, cognitive load, cognitive load theory, ocr, sonification, usability, virtual sound, working memory load},
}

@inproceedings{Teasley:2008:CCC:1599936.1600039,
 author = {Teasley, Stephanie D. and Fischer, Frank and Weinberger, Armin and Stegmann, Karsten and Dillenbourg, Pierre and Kapur, Manu and Chi, Michelene},
 title = {Cognitive Convergence in Collaborative Learning},
 booktitle = {Proceedings of the 8th International Conference on International Conference for the Learning Sciences - Volume 3},
 series = {ICLS'08},
 year = {2008},
 location = {Utrecht, The Netherlands},
 pages = {360--367},
 numpages = {8},
 url = {http://dl.acm.org/citation.cfm?id=1599936.1600039},
 acmid = {1600039},
 publisher = {International Society of the Learning Sciences},
}

@inproceedings{Cavender:2009:CEI:1639642.1639656,
 author = {Cavender, Anna C. and Bigham, Jeffrey P. and Ladner, Richard E.},
 title = {ClassInFocus: Enabling Improved Visual Attention Strategies for Deaf and Hard of Hearing Students},
 booktitle = {Proceedings of the 11th International ACM SIGACCESS Conference on Computers and Accessibility},
 series = {Assets '09},
 year = {2009},
 isbn = {978-1-60558-558-1},
 location = {Pittsburgh, Pennsylvania, USA},
 pages = {67--74},
 numpages = {8},
 url = {http://doi.acm.org/10.1145/1639642.1639656},
 doi = {10.1145/1639642.1639656},
 acmid = {1639656},
 publisher = {ACM},
 address = {New York, NY, USA},
 keywords = {classroom technology, deaf and hard of hearing users, multimedia conferencing technology},
}

@inproceedings{Seidel:2016:VAP:3011784.3011820,
 author = {Seidel, Niels},
 title = {Video Assessment Patterns: Designing Video Player for Integrated Assessment},
 booktitle = {Proceedings of the 21st European Conference on Pattern Languages of Programs},
 series = {EuroPlop '16},
 year = {2016},
 isbn = {978-1-4503-4074-8},
 location = {Kaufbeuren, Germany},
 pages = {32:1--32:20},
 articleno = {32},
 numpages = {20},
 url = {http://doi.acm.org/10.1145/3011784.3011820},
 doi = {10.1145/3011784.3011820},
 acmid = {3011820},
 publisher = {ACM},
 address = {New York, NY, USA},
 keywords = {e-assessment, hyper-video, interaction design patterns, interactive video, video assessment, video-based learning},
}

@article{Curlango-Rosas:2011:SSA:2019643.2019648,
 author = {Curlango-Rosas, Cecilia and Ponce, Gregorio A. and Lopez-Morteo, Gabriel A.},
 title = {A Specialized Search Assistant for Learning Objects},
 journal = {ACM Trans. Web},
 issue_date = {October 2011},
 volume = {5},
 number = {4},
 month = oct,
 year = {2011},
 issn = {1559-1131},
 pages = {21:1--21:29},
 articleno = {21},
 numpages = {29},
 url = {http://doi.acm.org/10.1145/2019643.2019648},
 doi = {10.1145/2019643.2019648},
 acmid = {2019648},
 publisher = {ACM},
 address = {New York, NY, USA},
 keywords = {Bilingual search, WWW, Web search interfaces, search assistant},
}

@inproceedings{Santosa:2013:DST:2470654.2466148,
 author = {Santosa, Stephanie and Chevalier, Fanny and Balakrishnan, Ravin and Singh, Karan},
 title = {Direct Space-time Trajectory Control for Visual Media Editing},
 booktitle = {Proceedings of the SIGCHI Conference on Human Factors in Computing Systems},
 series = {CHI '13},
 year = {2013},
 isbn = {978-1-4503-1899-0},
 location = {Paris, France},
 pages = {1149--1158},
 numpages = {10},
 url = {http://doi.acm.org/10.1145/2470654.2466148},
 doi = {10.1145/2470654.2466148},
 acmid = {2466148},
 publisher = {ACM},
 address = {New York, NY, USA},
 keywords = {bimodal, optical flow, pen-based interface, pressure, sketching, video navigation},
}

@inproceedings{Larmuseau:2019:MDU:3303772.3303778,
 author = {Larmuseau, Charlotte and Vanneste, Pieter and Desmet, Piet and Depaepe, Fien},
 title = {Multichannel Data for Understanding Cognitive Affordances During Complex Problem Solving},
 booktitle = {Proceedings of the 9th International Conference on Learning Analytics \& Knowledge},
 series = {LAK19},
 year = {2019},
 isbn = {978-1-4503-6256-6},
 location = {Tempe, AZ, USA},
 pages = {61--70},
 numpages = {10},
 url = {http://doi.acm.org/10.1145/3303772.3303778},
 doi = {10.1145/3303772.3303778},
 acmid = {3303778},
 publisher = {ACM},
 address = {New York, NY, USA},
 keywords = {Cognitive load, complex problem solving, online measurements, physiological data, strategy use, virtual learning environments},
}

@inproceedings{Ericson:2015:UUI:2818314.2818335,
 author = {Ericson, Barbara and Moore, Steven and Morrison, Briana and Guzdial, Mark},
 title = {Usability and Usage of Interactive Features in an Online Ebook for CS Teachers},
 booktitle = {Proceedings of the Workshop in Primary and Secondary Computing Education},
 series = {WiPSCE '15},
 year = {2015},
 isbn = {978-1-4503-3753-3},
 location = {London, United Kingdom},
 pages = {111--120},
 numpages = {10},
 url = {http://doi.acm.org/10.1145/2818314.2818335},
 doi = {10.1145/2818314.2818335},
 acmid = {2818335},
 publisher = {ACM},
 address = {New York, NY, USA},
 keywords = {Online education, computer science principles, high school teachers, professional development, secondary education},
}

@inproceedings{Ericson:2016:IDP:2960310.2960335,
 author = {Ericson, Barbara J. and Rogers, Kantwon and Parker, Miranda and Morrison, Briana and Guzdial, Mark},
 title = {Identifying Design Principles for CS Teacher Ebooks Through Design-Based Research},
 booktitle = {Proceedings of the 2016 ACM Conference on International Computing Education Research},
 series = {ICER '16},
 year = {2016},
 isbn = {978-1-4503-4449-4},
 location = {Melbourne, VIC, Australia},
 pages = {191--200},
 numpages = {10},
 url = {http://doi.acm.org/10.1145/2960310.2960335},
 doi = {10.1145/2960310.2960335},
 acmid = {2960335},
 publisher = {ACM},
 address = {New York, NY, USA},
 keywords = {design-based research, ebooks, electronic books, high school teacher professional development},
}

@article{Covaci:2018:MMR:3271482.3233774,
 author = {Covaci, Alexandra and Zou, Longhao and Tal, Irina and Muntean, Gabriel-Miro and Ghinea, Gheorghita},
 title = {Is Multimedia Multisensorial? - A Review of Mulsemedia Systems},
 journal = {ACM Comput. Surv.},
 issue_date = {January 2019},
 volume = {51},
 number = {5},
 month = sep,
 year = {2018},
 issn = {0360-0300},
 pages = {91:1--91:35},
 articleno = {91},
 numpages = {35},
 url = {http://doi.acm.org/10.1145/3233774},
 doi = {10.1145/3233774},
 acmid = {3233774},
 publisher = {ACM},
 address = {New York, NY, USA},
 keywords = {Mulsemedia, cross-modal, multimedia, multisensory, quality of experience},
}

@inproceedings{Seidel:2015:IDP:2855321.2855338,
 author = {Seidel, Niels},
 title = {Interaction Design Patterns for Spatio-temporal Annotations in Video Learning Environments},
 booktitle = {Proceedings of the 20th European Conference on Pattern Languages of Programs},
 series = {EuroPLoP '15},
 year = {2015},
 isbn = {978-1-4503-3847-9},
 location = {Kaufbeuren, Germany},
 pages = {16:1--16:21},
 articleno = {16},
 numpages = {21},
 url = {http://doi.acm.org/10.1145/2855321.2855338},
 doi = {10.1145/2855321.2855338},
 acmid = {2855338},
 publisher = {ACM},
 address = {New York, NY, USA},
 keywords = {hypervideo, instructional video, interaction design patterns, interactive video, video annotation},
}

@inproceedings{Burke:2006:CEV:1180995.1181017,
 author = {Burke, Jennifer L. and Prewett, Matthew S. and Gray, Ashley A. and Yang, Liuquin and Stilson, Frederick R. B. and Coovert, Michael D. and Elliot, Linda R. and Redden, Elizabeth},
 title = {Comparing the Effects of Visual-auditory and Visual-tactile Feedback on User Performance: A Meta-analysis},
 booktitle = {Proceedings of the 8th International Conference on Multimodal Interfaces},
 series = {ICMI '06},
 year = {2006},
 isbn = {1-59593-541-X},
 location = {Banff, Alberta, Canada},
 pages = {108--117},
 numpages = {10},
 url = {http://doi.acm.org/10.1145/1180995.1181017},
 doi = {10.1145/1180995.1181017},
 acmid = {1181017},
 publisher = {ACM},
 address = {New York, NY, USA},
 keywords = {meta-analysis, multimodal interface, visual-auditory feedback, visual-tactile feedback},
}

@inproceedings{Song:2007:EAV:1240624.1240755,
 author = {Song, Yaxiao and Marchionini, Gary},
 title = {Effects of Audio and Visual Surrogates for Making Sense of Digital Video},
 booktitle = {Proceedings of the SIGCHI Conference on Human Factors in Computing Systems},
 series = {CHI '07},
 year = {2007},
 isbn = {978-1-59593-593-9},
 location = {San Jose, California, USA},
 pages = {867--876},
 numpages = {10},
 url = {http://doi.acm.org/10.1145/1240624.1240755},
 doi = {10.1145/1240624.1240755},
 acmid = {1240755},
 publisher = {ACM},
 address = {New York, NY, USA},
 keywords = {dual coding, multimedia, video surrogates},
}

@inproceedings{Jankowski:2012:DUI:2187836.2187977,
 author = {Jankowski, Jacek and Decker, Stefan},
 title = {A Dual-mode User Interface for Accessing 3D Content on the World Wide Web},
 booktitle = {Proceedings of the 21st International Conference on World Wide Web},
 series = {WWW '12},
 year = {2012},
 isbn = {978-1-4503-1229-5},
 location = {Lyon, France},
 pages = {1047--1056},
 numpages = {10},
 url = {http://doi.acm.org/10.1145/2187836.2187977},
 doi = {10.1145/2187836.2187977},
 acmid = {2187977},
 publisher = {ACM},
 address = {New York, NY, USA},
 keywords = {3D graphics, 3D web, hypertext, user interface},
}

@inproceedings{Kim:2018:FDR:3242587.3242617,
 author = {Kim, Dae Hyun and Hoque, Enamul and Kim, Juho and Agrawala, Maneesh},
 title = {Facilitating Document Reading by Linking Text and Tables},
 booktitle = {Proceedings of the 31st Annual ACM Symposium on User Interface Software and Technology},
 series = {UIST '18},
 year = {2018},
 isbn = {978-1-4503-5948-1},
 location = {Berlin, Germany},
 pages = {423--434},
 numpages = {12},
 url = {http://doi.acm.org/10.1145/3242587.3242617},
 doi = {10.1145/3242587.3242617},
 acmid = {3242617},
 publisher = {ACM},
 address = {New York, NY, USA},
 keywords = {interactive documents, text analysis, visualization},
}

@inproceedings{Brandao:2016:SPD:2982142.2982177,
 author = {Brand\~{a}o, Alessandra and Nicolau, Hugo and Tadas, Shreya and Hanson, Vicki L.},
 title = {SlidePacer: A Presentation Delivery Tool for Instructors of Deaf and Hard of Hearing Students},
 booktitle = {Proceedings of the 18th International ACM SIGACCESS Conference on Computers and Accessibility},
 series = {ASSETS '16},
 year = {2016},
 isbn = {978-1-4503-4124-0},
 location = {Reno, Nevada, USA},
 pages = {25--32},
 numpages = {8},
 url = {http://doi.acm.org/10.1145/2982142.2982177},
 doi = {10.1145/2982142.2982177},
 acmid = {2982177},
 publisher = {ACM},
 address = {New York, NY, USA},
 keywords = {deaf, interpreter, learning, lecture, multimedia, pace, presentation., visual sources},
}

@inproceedings{Srinivasan:2019:DNL:3301275.3302292,
 author = {Srinivasan, Arjun and Dontcheva, Mira and Adar, Eytan and Walker, Seth},
 title = {Discovering Natural Language Commands in Multimodal Interfaces},
 booktitle = {Proceedings of the 24th International Conference on Intelligent User Interfaces},
 series = {IUI '19},
 year = {2019},
 isbn = {978-1-4503-6272-6},
 location = {Marina del Ray, California},
 pages = {661--672},
 numpages = {12},
 url = {http://doi.acm.org/10.1145/3301275.3302292},
 doi = {10.1145/3301275.3302292},
 acmid = {3302292},
 publisher = {ACM},
 address = {New York, NY, USA},
 keywords = {adaptive interfaces, discoverability, multimodal interfaces, natural language interaction, photo editing},
}

@inproceedings{Reinhartz-Berger:2014:COV:2648511.2648516,
 author = {Reinhartz-Berger, Iris and Figl, Kathrin},
 title = {Comprehensibility of Orthogonal Variability Modeling Languages: The Cases of CVL and OVM},
 booktitle = {Proceedings of the 18th International Software Product Line Conference - Volume 1},
 series = {SPLC '14},
 year = {2014},
 isbn = {978-1-4503-2740-4},
 location = {Florence, Italy},
 pages = {42--51},
 numpages = {10},
 url = {http://doi.acm.org/10.1145/2648511.2648516},
 doi = {10.1145/2648511.2648516},
 acmid = {2648516},
 publisher = {ACM},
 address = {New York, NY, USA},
 keywords = {CVL, OVM, empirical study, model comprehension, variability analysis},
}

@incollection{Oviatt:2017:TFM:3015783.3015786,
 author = {Oviatt, Sharon},
 chapter = {Theoretical Foundations of Multimodal Interfaces and Systems},
 title = {The Handbook of Multimodal-Multisensor Interfaces},
 editor = {Oviatt, Sharon and Schuller, Bj\"{o}rn and Cohen, Philip R. and Sonntag, Daniel and Potamianos, Gerasimos and Kr\"{u}ger, Antonio},
 year = {2017},
 isbn = {978-1-97000-167-9},
 pages = {19--50},
 numpages = {32},
 url = {https://doi.org/10.1145/3015783.3015786},
 doi = {10.1145/3015783.3015786},
 acmid = {3015786},
 publisher = {Association for Computing Machinery and Morgan \&\#38; Claypool},
 address = {New York, NY, USA},
}

@article{Ceccarelli:2018:TAS:3284746.3234513,
 author = {Ceccarelli, Andrea and Zoppi, Tommaso and Vasenev, Alexandr and Mori, Marco and Ionita, Dan and Montoya, Lorena and Bondavalli, Andrea},
 title = {Threat Analysis in Systems-of-Systems: An Emergence-Oriented Approach},
 journal = {ACM Trans. Cyber-Phys. Syst.},
 issue_date = {March 2019},
 volume = {3},
 number = {2},
 month = oct,
 year = {2018},
 issn = {2378-962X},
 pages = {18:1--18:24},
 articleno = {18},
 numpages = {24},
 url = {http://doi.acm.org/10.1145/3234513},
 doi = {10.1145/3234513},
 acmid = {3234513},
 publisher = {ACM},
 address = {New York, NY, USA},
 keywords = {Emergent properties, cyber-physical systems, evolution, security, systems-of-systems, threat analysis, user assessment},
}

@article{Sorva:2013:RGP:2543488.2490822,
 author = {Sorva, Juha and Karavirta, Ville and Malmi, Lauri},
 title = {A Review of Generic Program Visualization Systems for Introductory Programming Education},
 journal = {Trans. Comput. Educ.},
 issue_date = {November 2013},
 volume = {13},
 number = {4},
 month = nov,
 year = {2013},
 issn = {1946-6226},
 pages = {15:1--15:64},
 articleno = {15},
 numpages = {64},
 url = {http://doi.acm.org/10.1145/2490822},
 doi = {10.1145/2490822},
 acmid = {2490822},
 publisher = {ACM},
 address = {New York, NY, USA},
 keywords = {CS1, Introductory programming education, engagement taxonomy, literature review, notional machine, program dynamics, program visualization, software visualization},
}

@incollection{Zhou:2018:MBP:3107990.3108002,
 author = {Zhou, Jianlong and Yu, Kun and Chen, Fang and Wang, Yang and Arshad, Syed Z.},
 chapter = {Multimodal Behavioral and Physiological Signals As Indicators of Cognitive Load},
 title = {The Handbook of Multimodal-Multisensor Interfaces},
 editor = {Oviatt, Sharon and Schuller, Bj\"{o}rn and Cohen, Philip R. and Sonntag, Daniel and Potamianos, Gerasimos and Kr\"{u}ger, Antonio},
 year = {2019},
 isbn = {978-1-97000-171-6},
 pages = {287--329},
 numpages = {43},
 url = {https://doi.org/10.1145/3107990.3108002},
 doi = {10.1145/3107990.3108002},
 acmid = {3108002},
 publisher = {Association for Computing Machinery and Morgan \&\#38; Claypool},
 address = {New York, NY, USA},
}

@incollection{Oviatt:2018:MLA:3107990.3108003,
 author = {Oviatt, Sharon and Grafsgaard, Joseph and Chen, Lei and Ochoa, Xavier},
 chapter = {Multimodal Learning Analytics: Assessing Learners' Mental State During the Process of Learning},
 title = {The Handbook of Multimodal-Multisensor Interfaces},
 editor = {Oviatt, Sharon and Schuller, Bj\"{o}rn and Cohen, Philip R. and Sonntag, Daniel and Potamianos, Gerasimos and Kr\"{u}ger, Antonio},
 year = {2019},
 isbn = {978-1-97000-171-6},
 pages = {331--374},
 numpages = {44},
 url = {https://doi.org/10.1145/3107990.3108003},
 doi = {10.1145/3107990.3108003},
 acmid = {3108003},
 publisher = {Association for Computing Machinery and Morgan \&\#38; Claypool},
 address = {New York, NY, USA},
}

@book{Oviatt:2018:HMI:3107990,
 editor = {Oviatt, Sharon and Schuller, Bj\"{o}rn and Cohen, Philip R. and Sonntag, Daniel and Potamianos, Gerasimos and Kr\"{u}ger, Antonio},
 title = {The Handbook of Multimodal-Multisensor Interfaces: Signal Processing, Architectures, and Detection of Emotion and Cognition - Volume 2},
 year = {2019},
 isbn = {978-1-97000-171-6},
 volume = {2},
 publisher = {Association for Computing Machinery and Morgan \&\#38; Claypool},
 address = {New York, NY, USA},
}

@book{Oviatt:2017:HMI:3015783,
 editor = {Oviatt, Sharon and Schuller, Bj\"{o}rn and Cohen, Philip R. and Sonntag, Daniel and Potamianos, Gerasimos and Kr\"{u}ger, Antonio},
 title = {The Handbook of Multimodal-Multisensor Interfaces: Foundations, User Modeling, and Common Modality Combinations - Volume 1},
 year = {2017},
 isbn = {978-1-97000-167-9},
 volume = {Volume 1},
 publisher = {Association for Computing Machinery and Morgan \&\#38; Claypool},
 address = {New York, NY, USA},
}

