@article{Lister:2007:SET:1272848.1272856,
 author = {Lister, Raymond},
 title = {Strangers, Enemies, Terms and Taxonomies},
 journal = {SIGCSE Bull.},
 issue_date = {June 2007},
 volume = {39},
 number = {2},
 month = jun,
 year = {2007},
 issn = {0097-8418},
 pages = {12--13},
 numpages = {2},
 url = {http://doi.acm.org/10.1145/1272848.1272856},
 doi = {10.1145/1272848.1272856},
 acmid = {1272856},
 publisher = {ACM},
 address = {New York, NY, USA},
}

@inproceedings{Marshall:2003:CKM:827140.827161,
 author = {Marshall, Byron and Zhang, Yiwen and Chen, Hsinchun and Lally, Ann and Shen, Rao and Fox, Edward and Cassel, Lillian N.},
 title = {Convergence of Knowledge Management and E-learning: The GetSmart Experience},
 booktitle = {Proceedings of the 3rd ACM/IEEE-CS Joint Conference on Digital Libraries},
 series = {JCDL '03},
 year = {2003},
 isbn = {0-7695-1939-3},
 location = {Houston, Texas},
 pages = {135--146},
 numpages = {12},
 url = {http://dl.acm.org/citation.cfm?id=827140.827161},
 acmid = {827161},
 publisher = {IEEE Computer Society},
 address = {Washington, DC, USA},
}

@inproceedings{Wong:2010:SMM:1854360.1854405,
 author = {Wong, Lung-Hsiang and Chin, Chee-Kuen and Tan, Chee-Lay and Liu, May and Gong, Cheng},
 title = {Students' Meaning Making in a Mobile Assisted Chinese Idiom Learning Environment},
 booktitle = {Proceedings of the 9th International Conference of the Learning Sciences - Volume 1},
 series = {ICLS '10},
 year = {2010},
 location = {Chicago, Illinois},
 pages = {349--356},
 numpages = {8},
 url = {http://dl.acm.org/citation.cfm?id=1854360.1854405},
 acmid = {1854405},
 publisher = {International Society of the Learning Sciences},
}

@inproceedings{Liu:2018:ISS:3176349.3176876,
 author = {Liu, Chang and Song, Xiaoxuan},
 title = {How Do Information Source Selection Strategies Influence Users' Learning Outcomes'},
 booktitle = {Proceedings of the 2018 Conference on Human Information Interaction \& Retrieval},
 series = {CHIIR '18},
 year = {2018},
 isbn = {978-1-4503-4925-3},
 location = {New Brunswick, NJ, USA},
 pages = {257--260},
 numpages = {4},
 url = {http://doi.acm.org/10.1145/3176349.3176876},
 doi = {10.1145/3176349.3176876},
 acmid = {3176876},
 publisher = {ACM},
 address = {New York, NY, USA},
 keywords = {information source preferences, learning outcomes, source selection strategies, task type},
}

@inproceedings{Kostur:2002:CLC:584955.584970,
 author = {Kostur, Pamela},
 title = {Connecting Learners with Content: A Unified Content Strategy for Learning Materials},
 booktitle = {Proceedings of the 20th Annual International Conference on Computer Documentation},
 series = {SIGDOC '02},
 year = {2002},
 isbn = {1-58113-543-2},
 location = {Toronto, Ontario, Canada},
 pages = {100--103},
 numpages = {4},
 url = {http://doi.acm.org/10.1145/584955.584970},
 doi = {10.1145/584955.584970},
 acmid = {584970},
 publisher = {ACM},
 address = {New York, NY, USA},
 keywords = {RLO, adaptive learning materials, content management, enterprise content management, reusable learning object, unified content strategy},
}

@article{Manwell:1973:TSH:1316840.1316841,
 author = {Manwell, Tom and Daugherity, Walter and Desch, Sam and Stolurow, Lawrence},
 title = {Tom Swift and His Electric Bilingual Grandmother},
 journal = {SIGCUE Outlook},
 issue_date = {January 1973},
 volume = {7},
 number = {1},
 month = jan,
 year = {1973},
 issn = {0163-5735},
 pages = {5--17},
 numpages = {13},
 url = {http://doi.acm.org/10.1145/1316840.1316841},
 doi = {10.1145/1316840.1316841},
 acmid = {1316841},
 publisher = {ACM},
 address = {New York, NY, USA},
}

@inproceedings{Lister:2005:OSS:1082424.1082444,
 author = {Lister, Raymond},
 title = {One Small Step Toward a Culture of Peer Review and Multi-institutional Sharing of Educational Resources: A Multiple Choice Exam for First Semester Programming Students},
 booktitle = {Proceedings of the 7th Australasian Conference on Computing Education - Volume 42},
 series = {ACE '05},
 year = {2005},
 isbn = {1-920682-24-4},
 location = {Newcastle, New South Wales, Australia},
 pages = {155--164},
 numpages = {10},
 url = {http://dl.acm.org/citation.cfm?id=1082424.1082444},
 acmid = {1082444},
 publisher = {Australian Computer Society, Inc.},
 address = {Darlinghurst, Australia, Australia},
 keywords = {CS1, digital library, introductory programming, java, multiple-choice question, peer review},
}

