@inproceedings{Halbert:2014:DNA:2559206.2581241,
 author = {Halbert, Helen and Nathan, Lisa P.},
 title = {Designing for Negative Affect and Critical Reflection},
 booktitle = {CHI '14 Extended Abstracts on Human Factors in Computing Systems},
 series = {CHI EA '14},
 year = {2014},
 isbn = {978-1-4503-2474-8},
 location = {Toronto, Ontario, Canada},
 pages = {2569--2574},
 numpages = {6},
 url = {http://doi.acm.org/10.1145/2559206.2581241},
 doi = {10.1145/2559206.2581241},
 acmid = {2581241},
 publisher = {ACM},
 address = {New York, NY, USA},
 keywords = {critical reflection, decolonization, design, negative affect},
}

@inproceedings{Maggu:2016:AFT:3009977.3010069,
 author = {Maggu, Jyoti and Majumdar, Angshul},
 title = {Alternate Formulation for Transform Learning},
 booktitle = {Proceedings of the Tenth Indian Conference on Computer Vision, Graphics and Image Processing},
 series = {ICVGIP '16},
 year = {2016},
 isbn = {978-1-4503-4753-2},
 location = {Guwahati, Assam, India},
 pages = {50:1--50:8},
 articleno = {50},
 numpages = {8},
 url = {http://doi.acm.org/10.1145/3009977.3010069},
 doi = {10.1145/3009977.3010069},
 acmid = {3010069},
 publisher = {ACM},
 address = {New York, NY, USA},
 keywords = {dictionary learning, dimensionality reduction, feature extraction},
}

@inproceedings{Alexander:2008:ETT:1449956.1449958,
 author = {Alexander, Bryan N.},
 title = {Emergent Technologies for Teaching and Learning: Social Media and Ubiquitous Computing},
 booktitle = {Proceedings of the 36th  Annual ACM SIGUCCS Fall Conference: Moving Mountains, Blazing Trails},
 series = {SIGUCCS '08},
 year = {2008},
 isbn = {978-1-60558-074-6},
 location = {Portland, OR, USA},
 pages = {305--306},
 numpages = {2},
 url = {http://doi.acm.org/10.1145/1449956.1449958},
 doi = {10.1145/1449956.1449958},
 acmid = {1449958},
 publisher = {ACM},
 address = {New York, NY, USA},
 keywords = {gaming, learning, mobility, pedagogy, social media, ubiquitous computing, web 2.0},
}

@inproceedings{Schwartzman:2007:STL:2449323.2449334,
 author = {Schwartzman, Leslie},
 title = {Student Transformative Learning in Software Engineering and Design: Discontinuity (Pre)Serves Meaning},
 booktitle = {Proceedings of the Seventh Baltic Sea Conference on Computing Education Research - Volume 88},
 series = {Koli Calling '07},
 year = {2007},
 isbn = {978-1-920682-69-9},
 location = {Koli National Park, Finland},
 pages = {97--108},
 numpages = {12},
 url = {http://dl.acm.org/citation.cfm?id=2449323.2449334},
 acmid = {2449334},
 publisher = {Australian Computer Society, Inc.},
 address = {Darlinghurst, Australia, Australia},
 keywords = {confusion, curriculum, defensiveness, dynamic of rupture, experiential learning, pedagogy, phenomenology, reflectiveness, student feedback},
}

@inproceedings{Halbert:2015:DDS:2675133.2675162,
 author = {Halbert, Helen and Nathan, Lisa P.},
 title = {Designing for Discomfort: Supporting Critical Reflection Through Interactive Tools},
 booktitle = {Proceedings of the 18th ACM Conference on Computer Supported Cooperative Work \&\#38; Social Computing},
 series = {CSCW '15},
 year = {2015},
 isbn = {978-1-4503-2922-4},
 location = {Vancouver, BC, Canada},
 pages = {349--360},
 numpages = {12},
 url = {http://doi.acm.org/10.1145/2675133.2675162},
 doi = {10.1145/2675133.2675162},
 acmid = {2675162},
 publisher = {ACM},
 address = {New York, NY, USA},
 keywords = {critical reflection, decolonization, design, negative affect},
}

@inproceedings{Schwartzman:2009:NSD:1584322.1584333,
 author = {Schwartzman, Leslie},
 title = {On the Nature of Student Defensiveness: Theory and Feedback from a Software Design Course},
 booktitle = {Proceedings of the Fifth International Workshop on Computing Education Research Workshop},
 series = {ICER '09},
 year = {2009},
 isbn = {978-1-60558-615-1},
 location = {Berkeley, CA, USA},
 pages = {81--92},
 numpages = {12},
 url = {http://doi.acm.org/10.1145/1584322.1584333},
 doi = {10.1145/1584322.1584333},
 acmid = {1584333},
 publisher = {ACM},
 address = {New York, NY, USA},
 keywords = {confusion, defensiveness, fixed unknowing, phenomenology, reflectiveness, rupture in knowing, transformative learning, will to authenticity},
}

@article{Kolko:2012:TLD:2377783.2377801,
 author = {Kolko, Jon},
 title = {Transformative Learning in the Design Studio},
 journal = {Interactions},
 issue_date = {November + December 2012},
 volume = {19},
 number = {6},
 month = nov,
 year = {2012},
 issn = {1072-5520},
 pages = {82--83},
 numpages = {2},
 url = {http://doi.acm.org/10.1145/2377783.2377801},
 doi = {10.1145/2377783.2377801},
 acmid = {2377801},
 publisher = {ACM},
 address = {New York, NY, USA},
}

@article{Soloway:1996:UCM:232014.232033,
 author = {Soloway, Elliot and Pryor, Amanda},
 title = {Using Computational Media to Facilitate Learning},
 journal = {Commun. ACM},
 issue_date = {Aug. 1996},
 volume = {39},
 number = {8},
 month = aug,
 year = {1996},
 issn = {0001-0782},
 pages = {83--},
 url = {http://doi.acm.org/10.1145/232014.232033},
 doi = {10.1145/232014.232033},
 acmid = {232033},
 publisher = {ACM},
 address = {New York, NY, USA},
}

@inproceedings{Wang:2018:WPM:3241815.3241816,
 author = {Wang, Ye Diana and Matz, Robert},
 title = {Work In Progress - A Multidisciplinary Minor in Web Design},
 booktitle = {Proceedings of the 19th Annual SIG Conference on Information Technology Education},
 series = {SIGITE '18},
 year = {2018},
 isbn = {978-1-4503-5954-2},
 location = {Fort Lauderdale, Florida, USA},
 pages = {58--58},
 numpages = {1},
 url = {http://doi.acm.org/10.1145/3241815.3241816},
 doi = {10.1145/3241815.3241816},
 acmid = {3241816},
 publisher = {ACM},
 address = {New York, NY, USA},
 keywords = {multidisciplinary minor, web design},
}

@article{Laycock:2012:BLS:2090108.2093589,
 author = {Laycock, Nic},
 title = {How to Build and Lead Successful Online Communities: What Makes a Community a Community?},
 journal = {eLearn},
 issue_date = {January 2012},
 volume = {2012},
 number = {1},
 month = jan,
 year = {2012},
 issn = {1535-394X},
 articleno = {2},
 url = {http://doi.acm.org/10.1145/2090108.2093589},
 doi = {10.1145/2090108.2093589},
 acmid = {2093589},
 publisher = {ACM},
 address = {New York, NY, USA},
}

@inproceedings{Mitgutsch:2013:MSD:2468356.2468482,
 author = {Mitgutsch, Konstantin and Schirra, Steven and Verrilli, Sara},
 title = {Movers and Shakers: Designing Meaningful Conflict in a Tablet-based Serious Game},
 booktitle = {CHI '13 Extended Abstracts on Human Factors in Computing Systems},
 series = {CHI EA '13},
 year = {2013},
 isbn = {978-1-4503-1952-2},
 location = {Paris, France},
 pages = {715--720},
 numpages = {6},
 url = {http://doi.acm.org/10.1145/2468356.2468482},
 doi = {10.1145/2468356.2468482},
 acmid = {2468482},
 publisher = {ACM},
 address = {New York, NY, USA},
 keywords = {game design, game evaluation, mobile learning, player research, serious games, tablet games},
}

@inproceedings{Sherrill:2016:TDT:2987592.2987652,
 author = {Sherrill, John T.},
 title = {Teaching Documentation Through 3D Printing and Instructables},
 booktitle = {Proceedings of the 34th ACM International Conference on the Design of Communication},
 series = {SIGDOC '16},
 year = {2016},
 isbn = {978-1-4503-4495-1},
 location = {Silver Spring, MD, USA},
 pages = {56:1--56:1},
 articleno = {56},
 numpages = {1},
 url = {http://doi.acm.org/10.1145/2987592.2987652},
 doi = {10.1145/2987592.2987652},
 acmid = {2987652},
 publisher = {ACM},
 address = {New York, NY, USA},
 keywords = {3D printing, Documentation, communication, digital fabrication, instructables, maker, pedagogy, rhetoric},
}

@inproceedings{Rogers:2014:NTN:2591708.2602688,
 author = {Rogers, Yvonne},
 title = {New Technology, New Learning?},
 booktitle = {Proceedings of the 2014 Conference on Innovation \&\#38; Technology in Computer Science Education},
 series = {ITiCSE '14},
 year = {2014},
 isbn = {978-1-4503-2833-3},
 location = {Uppsala, Sweden},
 pages = {1--1},
 numpages = {1},
 url = {http://doi.acm.org/10.1145/2591708.2602688},
 doi = {10.1145/2591708.2602688},
 acmid = {2602688},
 publisher = {ACM},
 address = {New York, NY, USA},
 keywords = {human-computer interaction, technologies to facilitate learning},
}

@inproceedings{Scherer:2012:IWM:2388676.2388803,
 author = {Scherer, Stefan and Worsley, Marcelo and Morency, Louis-Philippe},
 title = {1st International Workshop on Multimodal Learning Analytics: Extended Abstract},
 booktitle = {Proceedings of the 14th ACM International Conference on Multimodal Interaction},
 series = {ICMI '12},
 year = {2012},
 isbn = {978-1-4503-1467-1},
 location = {Santa Monica, California, USA},
 pages = {609--610},
 numpages = {2},
 url = {http://doi.acm.org/10.1145/2388676.2388803},
 doi = {10.1145/2388676.2388803},
 acmid = {2388803},
 publisher = {ACM},
 address = {New York, NY, USA},
 keywords = {machine learning, multimodal learning analytics, statistical analysis},
}

@inproceedings{Joshi:1994:RNL:1075812.1075946,
 author = {Joshi, A. and Marcus, M. and Steedman, M. and Webber, B.},
 title = {Research in Natural Language Processing},
 booktitle = {Proceedings of the Workshop on Human Language Technology},
 series = {HLT '94},
 year = {1994},
 isbn = {1-55860-357-3},
 location = {Plainsboro, NJ},
 pages = {476--476},
 numpages = {1},
 url = {https://doi.org/10.3115/1075812.1075946},
 doi = {10.3115/1075812.1075946},
 acmid = {1075946},
 publisher = {Association for Computational Linguistics},
 address = {Stroudsburg, PA, USA},
}

@inproceedings{Baer:2013:CTS:2460296.2460354,
 author = {Baer, Linda L. and Duin, Ann Hill and Norris, Donald and Brodnick, Robert},
 title = {Crafting Transformative Strategies for Personalized Learning/Analytics},
 booktitle = {Proceedings of the Third International Conference on Learning Analytics and Knowledge},
 series = {LAK '13},
 year = {2013},
 isbn = {978-1-4503-1785-6},
 location = {Leuven, Belgium},
 pages = {275--277},
 numpages = {3},
 url = {http://doi.acm.org/10.1145/2460296.2460354},
 doi = {10.1145/2460296.2460354},
 acmid = {2460354},
 publisher = {ACM},
 address = {New York, NY, USA},
 keywords = {academic analytics, collaboration, learning analytics, personalized learning, strategic planning},
}

@inproceedings{Jan:2010:UDP:1854509.1854751,
 author = {Jan, Mingfong and Chee, Yam San and Tan, Ek Ming},
 title = {Unpacking the Design Process in Design-based Research},
 booktitle = {Proceedings of the 9th International Conference of the Learning Sciences - Volume 2},
 series = {ICLS '10},
 year = {2010},
 location = {Chicago, Illinois},
 pages = {470--471},
 numpages = {2},
 url = {http://dl.acm.org/citation.cfm?id=1854509.1854751},
 acmid = {1854751},
 publisher = {International Society of the Learning Sciences},
}

@article{Neal:2006:FQJ:1145652.1145654,
 author = {Neal, Lisa},
 title = {Five Questions... For John Seely Brown},
 journal = {eLearn},
 issue_date = {June 2006},
 volume = {2006},
 number = {6},
 month = jun,
 year = {2006},
 issn = {1535-394X},
 pages = {1--},
 url = {http://doi.acm.org/10.1145/1145652.1145654},
 doi = {10.1145/1145652.1145654},
 acmid = {1145654},
 publisher = {ACM},
 address = {New York, NY, USA},
}

@inproceedings{Moore:2014:CVC:2598510.2605004,
 author = {Moore, Janet and Elverum, Duane},
 title = {CityStudio Vancouver: Collborative City Building},
 booktitle = {Proceedings of the 2014 Conference on Designing Interactive Systems},
 series = {DIS '14},
 year = {2014},
 isbn = {978-1-4503-2902-6},
 location = {Vancouver, BC, Canada},
 pages = {3--4},
 numpages = {2},
 url = {http://doi.acm.org/10.1145/2598510.2605004},
 doi = {10.1145/2598510.2605004},
 acmid = {2605004},
 publisher = {ACM},
 address = {New York, NY, USA},
 keywords = {campus city collaboration, design thinking, dialogue, innovation, sustainability education, sustainable cities},
}

@inproceedings{Strohecker:2004:IIF:1017833.1017865,
 author = {Strohecker, Carol and Butler, Deirdre},
 title = {The Informal Informing the Formal to Form New Models of Learning},
 booktitle = {Proceedings of the 2004 Conference on Interaction Design and Children: Building a Community},
 series = {IDC '04},
 year = {2004},
 isbn = {1-58113-791-5},
 location = {Maryland},
 pages = {151--152},
 numpages = {2},
 url = {http://doi.acm.org/10.1145/1017833.1017865},
 doi = {10.1145/1017833.1017865},
 acmid = {1017865},
 publisher = {ACM},
 address = {New York, NY, USA},
 keywords = {computational materials, constructionist learning, mobile computing, multimodal representations, professional development, public opinion, sensors},
}

@inproceedings{dosSantos:2011:RTE:2132936.2132942,
 author = {dos Santos, Cicero Nogueira and Carvalho, Davi Lopes},
 title = {Rule and Tree Ensembles for Unrestricted Coreference Resolution},
 booktitle = {Proceedings of the Fifteenth Conference on Computational Natural Language Learning: Shared Task},
 series = {CONLL Shared Task '11},
 year = {2011},
 isbn = {9781937284084},
 location = {Portland, Oregon},
 pages = {51--55},
 numpages = {5},
 url = {http://dl.acm.org/citation.cfm?id=2132936.2132942},
 acmid = {2132942},
 publisher = {Association for Computational Linguistics},
 address = {Stroudsburg, PA, USA},
}

@article{Astrachan:2009:OCE:1595453.1595476,
 author = {Astrachan, Owen},
 title = {Out-of-the-box: Cogito Ergo Hack},
 journal = {SIGCSE Bull.},
 issue_date = {June 2009},
 volume = {41},
 number = {2},
 month = jun,
 year = {2009},
 issn = {0097-8418},
 pages = {80--81},
 numpages = {2},
 url = {http://doi.acm.org/10.1145/1595453.1595476},
 doi = {10.1145/1595453.1595476},
 acmid = {1595476},
 publisher = {ACM},
 address = {New York, NY, USA},
}

@inproceedings{Majumdar:2019:DCG:3297001.3297013,
 author = {Majumdar, Angshul},
 title = {Deeply Coupled Graph Structured Autoencoder for Domain Adaptation},
 booktitle = {Proceedings of the ACM India Joint International Conference on Data Science and Management of Data},
 series = {CoDS-COMAD '19},
 year = {2019},
 isbn = {978-1-4503-6207-8},
 location = {Kolkata, India},
 pages = {94--102},
 numpages = {9},
 url = {http://doi.acm.org/10.1145/3297001.3297013},
 doi = {10.1145/3297001.3297013},
 acmid = {3297013},
 publisher = {ACM},
 address = {New York, NY, USA},
 keywords = {deep learning, graphical models, representation learning},
}

@inproceedings{Vallance:2018:FNP:3283289.3283292,
 author = {Vallance, Michael and Kurashige, Yuto and Magaki, Takurou},
 title = {Fukushima Nuclear Plant As a Synthetic Learning Environment},
 booktitle = {SIGGRAPH Asia 2018 Posters},
 series = {SA '18},
 year = {2018},
 isbn = {978-1-4503-6063-0},
 location = {Tokyo, Japan},
 pages = {44:1--44:2},
 articleno = {44},
 numpages = {2},
 url = {http://doi.acm.org/10.1145/3283289.3283292},
 doi = {10.1145/3283289.3283292},
 acmid = {3283292},
 publisher = {ACM},
 address = {New York, NY, USA},
 keywords = {antidisciplinary, design, learning science},
}

@article{Borden:2011:FOL:2016016.2024704,
 author = {Borden, Jeff},
 title = {The Future of Online Learning},
 journal = {eLearn},
 issue_date = {August 2011},
 volume = {2011},
 number = {8},
 month = aug,
 year = {2011},
 issn = {1535-394X},
 articleno = {8},
 url = {http://doi.acm.org/10.1145/2016016.2024704},
 doi = {10.1145/2016016.2024704},
 acmid = {2024704},
 publisher = {ACM},
 address = {New York, NY, USA},
}

@inproceedings{Fernandes:2010:HDU:1870535.1870544,
 author = {Fernandes, Eraldo R. and Crestana, Carlos E. M. and Milidi\'{u}, Ruy L.},
 title = {Hedge Detection Using the RelHunter Approach},
 booktitle = {Proceedings of the Fourteenth Conference on Computational Natural Language Learning --- Shared Task},
 series = {CoNLL '10: Shared Task},
 year = {2010},
 isbn = {978-1-932432-84-8},
 location = {Uppsala, Sweden},
 pages = {64--69},
 numpages = {6},
 url = {http://dl.acm.org/citation.cfm?id=1870535.1870544},
 acmid = {1870544},
 publisher = {Association for Computational Linguistics},
 address = {Stroudsburg, PA, USA},
}

@article{Carr-Chellman:2016:FPE:3022733.3026475,
 author = {Carr-Chellman, Davin},
 title = {Freirean Principles for E-learning},
 journal = {eLearn},
 issue_date = {12-01-2016},
 volume = {2016},
 number = {12},
 month = dec,
 year = {2016},
 issn = {1535-394X},
 articleno = {2},
 url = {http://doi.acm.org/10.1145/3022733.3026475},
 doi = {10.1145/3022733.3026475},
 acmid = {3026475},
 publisher = {ACM},
 address = {New York, NY, USA},
}

@article{Greengard:2011:OUD:2016016.2018696,
 author = {Greengard, Samuel},
 title = {The Oxford Union Debate on Informal Learning, Style or Substance?},
 journal = {eLearn},
 issue_date = {August 2011},
 volume = {2011},
 number = {8},
 month = aug,
 year = {2011},
 issn = {1535-394X},
 articleno = {2},
 url = {http://doi.acm.org/10.1145/2016016.2018696},
 doi = {10.1145/2016016.2018696},
 acmid = {2018696},
 publisher = {ACM},
 address = {New York, NY, USA},
}

@inproceedings{Najafi:2009:TLS:1599503.1599594,
 author = {Najafi, Hedieh},
 title = {Transforming Learning in Science Classrooms: A Hybrid Knowledge Community Approach},
 booktitle = {Proceedings of the 9th International Conference on Computer Supported Collaborative Learning - Volume 2},
 series = {CSCL'09},
 year = {2009},
 isbn = {978-1-4092-8598-4},
 location = {Rhodes, Greece},
 pages = {261--263},
 numpages = {3},
 url = {http://dl.acm.org/citation.cfm?id=1599503.1599594},
 acmid = {1599594},
 publisher = {International Society of the Learning Sciences},
}

@inproceedings{Pea:2007:ISU:1599600.1599756,
 author = {Pea, Roy and Goldman, Shelley and Lindgren, Robb and Rosen, Joe},
 title = {An Interactive Session Using a Tool to Support Distributed Conversations Around Digital Video},
 booktitle = {Proceedings of the 8th Iternational Conference on Computer Supported Collaborative Learning},
 series = {CSCL'07},
 year = {2007},
 isbn = {978-0-6151-5436-7},
 location = {New Brunswick, New Jersey, USA},
 pages = {828--829},
 numpages = {2},
 url = {http://dl.acm.org/citation.cfm?id=1599600.1599756},
 acmid = {1599756},
 publisher = {International Society of the Learning Sciences},
}

@inproceedings{Kou:2010:LBR:1871437.1871764,
 author = {Kou, Zhenzhen and Chang, Yi and Zheng, Zhaohui and Zha, Hongyuan},
 title = {Learning to Blend Rankings: A Monotonic Transformation to Blend Rankings from Heterogeneous Domains},
 booktitle = {Proceedings of the 19th ACM International Conference on Information and Knowledge Management},
 series = {CIKM '10},
 year = {2010},
 isbn = {978-1-4503-0099-5},
 location = {Toronto, ON, Canada},
 pages = {1921--1924},
 numpages = {4},
 url = {http://doi.acm.org/10.1145/1871437.1871764},
 doi = {10.1145/1871437.1871764},
 acmid = {1871764},
 publisher = {ACM},
 address = {New York, NY, USA},
 keywords = {blending, monotonic transformation, quadratic programming, ranking},
}

@inproceedings{Zhang:2016:LTA:3005358.3005360,
 author = {Zhang, Qian and Laffont, Pierre-Yves and Sim, Terence},
 title = {Lighting Transfer Across Multiple Views Through Local Color Transforms},
 booktitle = {SIGGRAPH ASIA 2016 Technical Briefs},
 series = {SA '16},
 year = {2016},
 isbn = {978-1-4503-4541-5},
 location = {Macau},
 pages = {11:1--11:4},
 articleno = {11},
 numpages = {4},
 url = {http://doi.acm.org/10.1145/3005358.3005360},
 doi = {10.1145/3005358.3005360},
 acmid = {3005360},
 publisher = {ACM},
 address = {New York, NY, USA},
 keywords = {image editing, photo collection, relighting, time-lapse},
}

@article{Arasu:2009:LST:1687627.1687686,
 author = {Arasu, Arvind and Chaudhuri, Surajit and Kaushik, Raghav},
 title = {Learning String Transformations from Examples},
 journal = {Proc. VLDB Endow.},
 issue_date = {August 2009},
 volume = {2},
 number = {1},
 month = aug,
 year = {2009},
 issn = {2150-8097},
 pages = {514--525},
 numpages = {12},
 url = {https://doi.org/10.14778/1687627.1687686},
 doi = {10.14778/1687627.1687686},
 acmid = {1687686},
 publisher = {VLDB Endowment},
}

@article{Qiu:2015:LTC:2789272.2789279,
 author = {Qiu, Qiang and Sapiro, Guillermo},
 title = {Learning Transformations for Clustering and Classification},
 journal = {J. Mach. Learn. Res.},
 issue_date = {January 2015},
 volume = {16},
 number = {1},
 month = jan,
 year = {2015},
 issn = {1532-4435},
 pages = {187--225},
 numpages = {39},
 url = {http://dl.acm.org/citation.cfm?id=2789272.2789279},
 acmid = {2789279},
 publisher = {JMLR.org},
 keywords = {classification, feature learning, low-rank transformation, nuclear norm, subspace clustering},
}

@article{Clear:2011:ADC:2038876.2038878,
 author = {Clear, Tony},
 title = {Affective Dimensions of Computing Education: An 'Education As Drama' Approach?},
 journal = {ACM Inroads},
 issue_date = {December 2011},
 volume = {2},
 number = {4},
 month = dec,
 year = {2011},
 issn = {2153-2184},
 pages = {12--13},
 numpages = {2},
 url = {http://doi.acm.org/10.1145/2038876.2038878},
 doi = {10.1145/2038876.2038878},
 acmid = {2038878},
 publisher = {ACM},
 address = {New York, NY, USA},
}

@article{Arafeh:2018:OLB:3192702.3185178,
 author = {Arafeh, Alia},
 title = {Online Learning: Bridging the Cultural Gaps: A Review of Culture and Online Learning: Global Perspectives and Research.},
 journal = {eLearn},
 issue_date = {03-01-2018},
 volume = {2018},
 number = {3},
 month = mar,
 year = {2018},
 issn = {1535-394X},
 articleno = {1},
 url = {http://doi.acm.org/10.1145/3192702.3185178},
 doi = {10.1145/3192702.3185178},
 acmid = {3185178},
 publisher = {ACM},
 address = {New York, NY, USA},
}

@article{Topi:2007:UMC:1345375.1345385,
 author = {Topi, Heikki},
 title = {Update on the IS Model Curriculum Revision Project},
 journal = {SIGCSE Bull.},
 issue_date = {December 2007},
 volume = {39},
 number = {4},
 month = dec,
 year = {2007},
 issn = {0097-8418},
 pages = {15--16},
 numpages = {2},
 url = {http://doi.acm.org/10.1145/1345375.1345385},
 doi = {10.1145/1345375.1345385},
 acmid = {1345385},
 publisher = {ACM},
 address = {New York, NY, USA},
}

@inproceedings{Bauer:2004:DDD:1027802.1027819,
 author = {Bauer, Nancy J.},
 title = {Demand, Drag, or Deal: Persuading Faculty to Transform Higher Education},
 booktitle = {Proceedings of the 32Nd Annual ACM SIGUCCS Conference on User Services},
 series = {SIGUCCS '04},
 year = {2004},
 isbn = {1-58113-869-5},
 location = {Baltimore, MD, USA},
 pages = {66--68},
 numpages = {3},
 url = {http://doi.acm.org/10.1145/1027802.1027819},
 doi = {10.1145/1027802.1027819},
 acmid = {1027819},
 publisher = {ACM},
 address = {New York, NY, USA},
 keywords = {faculty development, multimedia, teaching, technology, training},
}

@article{Clear:2011:TIP:1963533.1963536,
 author = {Clear, Tony},
 title = {THINKING ISSUES: A 'Potted Guide' to Quality Assurance for Computing Capstone Projects},
 journal = {ACM Inroads},
 issue_date = {June 2011},
 volume = {2},
 number = {2},
 month = jun,
 year = {2011},
 issn = {2153-2184},
 pages = {14--15},
 numpages = {2},
 url = {http://doi.acm.org/10.1145/1963533.1963536},
 doi = {10.1145/1963533.1963536},
 acmid = {1963536},
 publisher = {ACM},
 address = {New York, NY, USA},
}

@inproceedings{Monserrat:2018:NIC:3205851.3205853,
 author = {Monserrat, Toni-Jan Keith P. and Pitagan, Ferdinand and Albacea, Eliezer},
 title = {Narrative Instructional Creation Toolkit for Interactive Platforms for Learning},
 booktitle = {Proceedings of the Asian HCI Symposium'18 on Emerging Research Collection},
 series = {Asian HCI Symposium'18},
 year = {2018},
 isbn = {978-1-4503-5641-1},
 location = {Montreal, QC, Canada},
 pages = {5--8},
 numpages = {4},
 url = {http://doi.acm.org/10.1145/3205851.3205853},
 doi = {10.1145/3205851.3205853},
 acmid = {3205853},
 publisher = {ACM},
 address = {New York, NY, USA},
 keywords = {Constructivism, Interactive learning platforms, Narrative method},
}

@inproceedings{Halstead-Nussloch:2003:CDP:765891.765964,
 author = {Halstead-Nussloch, Richard and Konneh, Doris and Woodruff, Robert},
 title = {Communities of Design Practice in Electronic Government},
 booktitle = {CHI '03 Extended Abstracts on Human Factors in Computing Systems},
 series = {CHI EA '03},
 year = {2003},
 isbn = {1-58113-637-4},
 location = {Ft. Lauderdale, Florida, USA},
 pages = {744--745},
 numpages = {2},
 url = {http://doi.acm.org/10.1145/765891.765964},
 doi = {10.1145/765891.765964},
 acmid = {765964},
 publisher = {ACM},
 address = {New York, NY, USA},
 keywords = {computer supported cooperative work (CSCW), e-commerce, e-learning and education, empirical methods, qualitative, participatory design and cooperative design, social and legal issues, social computing and social navigation, virtual community and community computing},
}

@inproceedings{Campos:2018:WMI:3213818.3213837,
 author = {Campos, Fabio and Soster, Tatiana},
 title = {What's a Makerspace for?: Investigating the Integration of Makerspaces into Schools and Communities},
 booktitle = {Proceedings of the Conference on Creativity and Making in Education},
 series = {FabLearn Europe'18},
 year = {2018},
 isbn = {978-1-4503-5371-7},
 location = {Trondheim, Norway},
 pages = {106--107},
 numpages = {2},
 url = {http://doi.acm.org/10.1145/3213818.3213837},
 doi = {10.1145/3213818.3213837},
 acmid = {3213837},
 publisher = {ACM},
 address = {New York, NY, USA},
 keywords = {Makerspaces, community, culture, curriculum, identity},
}

@inproceedings{Bigus:2000:ABL:336595.337066,
 author = {Bigus, Joseph P.},
 title = {The Agent Building and Learning Environment},
 booktitle = {Proceedings of the Fourth International Conference on Autonomous Agents},
 series = {AGENTS '00},
 year = {2000},
 isbn = {1-58113-230-1},
 location = {Barcelona, Spain},
 pages = {108--109},
 numpages = {2},
 url = {http://doi.acm.org/10.1145/336595.337066},
 doi = {10.1145/336595.337066},
 acmid = {337066},
 publisher = {ACM},
 address = {New York, NY, USA},
 keywords = {JavaBeans, fuzzy logic, genetic algorithms, intelligent agents, neural networks, software agents},
}

@inproceedings{Minnes:2018:WCW:3159450.3159620,
 author = {Minnes, Mia and Maxwell, Bruce and Taylor, Stephanie R. and Barry, Phillip},
 title = {Writing in CS: Why and How?},
 booktitle = {Proceedings of the 49th ACM Technical Symposium on Computer Science Education},
 series = {SIGCSE '18},
 year = {2018},
 isbn = {978-1-4503-5103-4},
 location = {Baltimore, Maryland, USA},
 pages = {402--403},
 numpages = {2},
 url = {http://doi.acm.org/10.1145/3159450.3159620},
 doi = {10.1145/3159450.3159620},
 acmid = {3159620},
 publisher = {ACM},
 address = {New York, NY, USA},
 keywords = {assessment, communication, curriculum design, professional development, writing},
}

@inproceedings{SanDiego:2008:PPE:1452392.1452434,
 author = {San Diego, Jonathan Padilla and Barrow, Alastair and Cox, Margaret and Harwin, William},
 title = {PHANTOM Prototype: Exploring the Potential for Learning with Multimodal Features in Dentistry},
 booktitle = {Proceedings of the 10th International Conference on Multimodal Interfaces},
 series = {ICMI '08},
 year = {2008},
 isbn = {978-1-60558-198-9},
 location = {Chania, Crete, Greece},
 pages = {201--202},
 numpages = {2},
 url = {http://doi.acm.org/10.1145/1452392.1452434},
 doi = {10.1145/1452392.1452434},
 acmid = {1452434},
 publisher = {ACM},
 address = {New York, NY, USA},
 keywords = {haptics, multimodality, technology-enhanced learning, virtual reality},
}

@inproceedings{Salehi:2012:CEI:2396636.2396708,
 author = {Salehi, Shima and Schneider, Bertrand and Blikstein, Paulo},
 title = {Comparing the Effect of Interactive Tabletops and Desktops on Students' Cognition},
 booktitle = {Proceedings of the 2012 ACM International Conference on Interactive Tabletops and Surfaces},
 series = {ITS '12},
 year = {2012},
 isbn = {978-1-4503-1209-7},
 location = {Cambridge, Massachusetts, USA},
 pages = {391--394},
 numpages = {4},
 url = {http://doi.acm.org/10.1145/2396636.2396708},
 doi = {10.1145/2396636.2396708},
 acmid = {2396708},
 publisher = {ACM},
 address = {New York, NY, USA},
 keywords = {collaborative learning, education, multi-touch interaction, tabletop},
}

@inproceedings{zhuhadar:2014:MES:2661334.2661409,
 author = {zhuhadar, Leyla and Carson, Bryan and Daday, Jerry},
 title = {Moving from Entrenched Structure to a Universal Design},
 booktitle = {Proceedings of the 16th International ACM SIGACCESS Conference on Computers \& Accessibility},
 series = {ASSETS '14},
 year = {2014},
 isbn = {978-1-4503-2720-6},
 location = {Rochester, New York, USA},
 pages = {265--266},
 numpages = {2},
 url = {http://doi.acm.org/10.1145/2661334.2661409},
 doi = {10.1145/2661334.2661409},
 acmid = {2661409},
 publisher = {ACM},
 address = {New York, NY, USA},
 keywords = {accessibility, stem., universal design, video captioning},
}

@inproceedings{Samuels:2018:AHC:3170427.3186526,
 author = {Samuels, Janice Tisha and Mathew, Anijo P. and Kommanivanh, Chantala and Kwon, Daniel and Gomez, Liz and Thunder, B'Rael Ali and Velazquez, Daria and Martinez, Millie and LaQueens, Leah},
 title = {Art, Human Computer Interaction, and Shared Experiences: A Gun Violence Prevention Intervention},
 booktitle = {Extended Abstracts of the 2018 CHI Conference on Human Factors in Computing Systems},
 series = {CHI EA '18},
 year = {2018},
 isbn = {978-1-4503-5621-3},
 location = {Montreal QC, Canada},
 pages = {D404:1--D404:4},
 articleno = {D404},
 numpages = {4},
 url = {http://doi.acm.org/10.1145/3170427.3186526},
 doi = {10.1145/3170427.3186526},
 acmid = {3186526},
 publisher = {ACM},
 address = {New York, NY, USA},
 keywords = {activism, community informatics, design, interaction design, public art, social change, social justice},
}

@inproceedings{Govender:2007:CRE:1268784.1268841,
 author = {Govender, Desmond Wesley and Maharaj, Manoj},
 title = {Challenges with Respect to the e-Readiness of Secondary School Teachers in Kwazulu-Natal, South Africa},
 booktitle = {Proceedings of the 12th Annual SIGCSE Conference on Innovation and Technology in Computer Science Education},
 series = {ITiCSE '07},
 year = {2007},
 isbn = {978-1-59593-610-3},
 location = {Dundee, Scotland},
 pages = {191--195},
 numpages = {5},
 url = {http://doi.acm.org/10.1145/1268784.1268841},
 doi = {10.1145/1268784.1268841},
 acmid = {1268841},
 publisher = {ACM},
 address = {New York, NY, USA},
 keywords = {ICT integration, ICT interventions, organisational challenges, technology competence},
}

@article{Govender:2007:CRE:1269900.1268841,
 author = {Govender, Desmond Wesley and Maharaj, Manoj},
 title = {Challenges with Respect to the e-Readiness of Secondary School Teachers in Kwazulu-Natal, South Africa},
 journal = {SIGCSE Bull.},
 issue_date = {September 2007},
 volume = {39},
 number = {3},
 month = jun,
 year = {2007},
 issn = {0097-8418},
 pages = {191--195},
 numpages = {5},
 url = {http://doi.acm.org/10.1145/1269900.1268841},
 doi = {10.1145/1269900.1268841},
 acmid = {1268841},
 publisher = {ACM},
 address = {New York, NY, USA},
 keywords = {ICT integration, ICT interventions, organisational challenges, technology competence},
}

@inproceedings{Guerrero:2018:UFC:3284179.3284294,
 author = {Guerrero, Mar\'{\i}a del Mar L\'{o}pez and Guerrero, Gema L\'{o}pez and Mesa, Juan Carlos Garc\'{\i}a and Jim{\'e}nez, Mar\'{\i}a Auxiliadora L\'{o}pez and Leal, Pablo Montoro},
 title = {Using Flipped Classroom at University to Improve the Chemistry Learning},
 booktitle = {Proceedings of the Sixth International Conference on Technological Ecosystems for Enhancing Multiculturality},
 series = {TEEM'18},
 year = {2018},
 isbn = {978-1-4503-6518-5},
 location = {Salamanca, Spain},
 pages = {698--702},
 numpages = {5},
 url = {http://doi.acm.org/10.1145/3284179.3284294},
 doi = {10.1145/3284179.3284294},
 acmid = {3284294},
 publisher = {ACM},
 address = {New York, NY, USA},
 keywords = {Chemistry, Flipped classroom, innovation at university, learning},
}

@inproceedings{Rolim:2017:LSP:3097368.3097417,
 author = {Rolim, Reudismam and Soares, Gustavo and D'Antoni, Loris and Polozov, Oleksandr and Gulwani, Sumit and Gheyi, Rohit and Suzuki, Ryo and Hartmann, Bj\"{o}rn},
 title = {Learning Syntactic Program Transformations from Examples},
 booktitle = {Proceedings of the 39th International Conference on Software Engineering},
 series = {ICSE '17},
 year = {2017},
 isbn = {978-1-5386-3868-2},
 location = {Buenos Aires, Argentina},
 pages = {404--415},
 numpages = {12},
 url = {https://doi.org/10.1109/ICSE.2017.44},
 doi = {10.1109/ICSE.2017.44},
 acmid = {3097417},
 publisher = {IEEE Press},
 address = {Piscataway, NJ, USA},
 keywords = {program synthesis, program transformation, refactoring, tutoring systems},
}

@article{Brill:1995:TEL:218355.218367,
 author = {Brill, Eric},
 title = {Transformation-based Error-driven Learning and Natural Language Processing: A Case Study in Part-of-speech Tagging},
 journal = {Comput. Linguist.},
 issue_date = {December 1995},
 volume = {21},
 number = {4},
 month = dec,
 year = {1995},
 issn = {0891-2017},
 pages = {543--565},
 numpages = {23},
 url = {http://dl.acm.org/citation.cfm?id=218355.218367},
 acmid = {218367},
 publisher = {MIT Press},
 address = {Cambridge, MA, USA},
}

@inproceedings{Brill:1993:AGI:1075671.1075726,
 author = {Brill, Eric},
 title = {Automatic Grammar Induction and Parsing Free Text: A Transformation-based Approach},
 booktitle = {Proceedings of the Workshop on Human Language Technology},
 series = {HLT '93},
 year = {1993},
 isbn = {1-55860-324-7},
 location = {Princeton, New Jersey},
 pages = {237--242},
 numpages = {6},
 url = {https://doi.org/10.3115/1075671.1075726},
 doi = {10.3115/1075671.1075726},
 acmid = {1075726},
 publisher = {Association for Computational Linguistics},
 address = {Stroudsburg, PA, USA},
}

@inproceedings{Yukawa:2005:SCS:1149293.1149389,
 author = {Yukawa, Joyce},
 title = {Story-lines: A Case Study of Online Learning Using Narrative Analysis},
 booktitle = {Proceedings of th 2005 Conference on Computer Support for Collaborative Learning: Learning 2005: The Next 10 Years!},
 series = {CSCL '05},
 year = {2005},
 isbn = {0-8058-5782-6},
 location = {Taipei, Taiwan},
 pages = {732--736},
 numpages = {5},
 url = {http://dl.acm.org/citation.cfm?id=1149293.1149389},
 acmid = {1149389},
 publisher = {International Society of the Learning Sciences},
 keywords = {action research, affective domain, co-construction of knowledge, co-reflection, distance learning, narrative analysis, wiki},
}

@inproceedings{Adams:2010:CPE:1854360.1854508,
 author = {Adams, Robin and Forin, Tiago and Srinivasan, Saranya and Mann, Llewellyn},
 title = {Cross-disciplinary Practice in Engineering Contexts: A Developmental Phenomenographical Perspective},
 booktitle = {Proceedings of the 9th International Conference of the Learning Sciences - Volume 1},
 series = {ICLS '10},
 year = {2010},
 location = {Chicago, Illinois},
 pages = {1158--1165},
 numpages = {8},
 url = {http://dl.acm.org/citation.cfm?id=1854360.1854508},
 acmid = {1854508},
 publisher = {International Society of the Learning Sciences},
}

@inproceedings{Dove:2017:CAD:3121283.3121310,
 author = {Dove, Graham and Biskjaer, Michael Mose and Lundqvist, Caroline and Olesen, Jeanette Falk and Halskov, Kim},
 title = {Constraints and Ambiguity: Some Design Strategies for Supporting Small-scale Creativity in the Classroom},
 booktitle = {Proceedings of the European Conference on Cognitive Ergonomics 2017},
 series = {ECCE 2017},
 year = {2017},
 isbn = {978-1-4503-5256-7},
 location = {Ume\&aring;, Sweden},
 pages = {69--76},
 numpages = {8},
 url = {http://doi.acm.org/10.1145/3121283.3121310},
 doi = {10.1145/3121283.3121310},
 acmid = {3121310},
 publisher = {ACM},
 address = {New York, NY, USA},
 keywords = {Reflective learning, creativity, design strategies, empirical study},
}

@inproceedings{Vilain:2000:PPR:1117601.1117641,
 author = {Vilain, Marc and Day, David},
 title = {Phrase Parsing with Rule Sequence Processors: An Application to the Shared CoNLL Task},
 booktitle = {Proceedings of the 2Nd Workshop on Learning Language in Logic and the 4th Conference on Computational Natural Language Learning - Volume 7},
 series = {ConLL '00},
 year = {2000},
 location = {Lisbon, Portugal},
 pages = {160--162},
 numpages = {3},
 url = {https://doi.org/10.3115/1117601.1117641},
 doi = {10.3115/1117601.1117641},
 acmid = {1117641},
 publisher = {Association for Computational Linguistics},
 address = {Stroudsburg, PA, USA},
}

@article{Butin:2012:MD:2241156.2263018,
 author = {Butin, Dan W.},
 title = {What MIT Should Have Done},
 journal = {eLearn},
 issue_date = {June 2012},
 volume = {2012},
 number = {6},
 month = jun,
 year = {2012},
 issn = {1535-394X},
 articleno = {3},
 url = {http://doi.acm.org/10.1145/2241156.2263018},
 doi = {10.1145/2241156.2263018},
 acmid = {2263018},
 publisher = {ACM},
 address = {New York, NY, USA},
}

@inproceedings{Guynup:2005:FFT:1187358.1187401,
 author = {Guynup, Stephen and Demmers, Jim},
 title = {Fake Fun: Transforming the Challenges of Learning to Play},
 booktitle = {ACM SIGGRAPH 2005 Educators Program},
 series = {SIGGRAPH '05},
 year = {2005},
 location = {Los Angeles, California},
 articleno = {35},
 url = {http://doi.acm.org/10.1145/1187358.1187401},
 doi = {10.1145/1187358.1187401},
 acmid = {1187401},
 publisher = {ACM},
 address = {New York, NY, USA},
}

@inproceedings{VanWart:2015:CSM:2787622.2787751,
 author = {Van Wart, Sarah Jane},
 title = {Computer Science Meets Social Studies: Embedding CS in the Study of Locally Grounded Civic Issues},
 booktitle = {Proceedings of the Eleventh Annual International Conference on International Computing Education Research},
 series = {ICER '15},
 year = {2015},
 isbn = {978-1-4503-3630-7},
 location = {Omaha, Nebraska, USA},
 pages = {281--282},
 numpages = {2},
 url = {http://doi.acm.org/10.1145/2787622.2787751},
 doi = {10.1145/2787622.2787751},
 acmid = {2787751},
 publisher = {ACM},
 address = {New York, NY, USA},
 keywords = {broadening participation, computational thinking, data science education, interdisciplinary approaches},
}

@inproceedings{Lui:2014:UMT:2559206.2574796,
 author = {Lui, Michelle and Kuhn, Alex and Acosta, Alisa and Ni\~{n}o-Soto, Maria I. and Quintana, Chris and Slotta, James D.},
 title = {Using Mobile Tools in Immersive Environments to Support Science Inquiry},
 booktitle = {CHI '14 Extended Abstracts on Human Factors in Computing Systems},
 series = {CHI EA '14},
 year = {2014},
 isbn = {978-1-4503-2474-8},
 location = {Toronto, Ontario, Canada},
 pages = {403--406},
 numpages = {4},
 url = {http://doi.acm.org/10.1145/2559206.2574796},
 doi = {10.1145/2559206.2574796},
 acmid = {2574796},
 publisher = {ACM},
 address = {New York, NY, USA},
 keywords = {digitally augmented physical space, mobile computing, science inquiry, smart classroom, visualizations},
}

@inproceedings{Vasilchenko:2018:VCO:3206505.3206596,
 author = {Vasilchenko, Anna and Wilde, Adriana and Snow, Stephen and Balaam, Madeline and Devlin, Marie},
 title = {Video Coursework: Opportunity and Challenge for HCI Education},
 booktitle = {Proceedings of the 2018 International Conference on Advanced Visual Interfaces},
 series = {AVI '18},
 year = {2018},
 isbn = {978-1-4503-5616-9},
 location = {Castiglione della Pescaia, Grosseto, Italy},
 pages = {87:1--87:3},
 articleno = {87},
 numpages = {3},
 url = {http://doi.acm.org/10.1145/3206505.3206596},
 doi = {10.1145/3206505.3206596},
 acmid = {3206596},
 publisher = {ACM},
 address = {New York, NY, USA},
}

@inproceedings{Govindaraj:2018:PSN:3290511.3290581,
 author = {Govindaraj, Anandraj and Silverajah, V. S. Giita},
 title = {A Preliminary Study in the Need of Designing and Implementing Technology Coaching Programme},
 booktitle = {Proceedings of the 10th International Conference on Education Technology and Computers},
 series = {ICETC '18},
 year = {2018},
 isbn = {978-1-4503-6517-8},
 location = {Tokyo, Japan},
 pages = {17--21},
 numpages = {5},
 url = {http://doi.acm.org/10.1145/3290511.3290581},
 doi = {10.1145/3290511.3290581},
 acmid = {3290581},
 publisher = {ACM},
 address = {New York, NY, USA},
 keywords = {SAMR model, coaching, professional development},
}

@inproceedings{Lin:2014:DFP:2556420.2558857,
 author = {Lin, Peyina and Roque, Ricarose and Wardrip, Peter and Ahn, June and Shapiro, R. Benjamin},
 title = {Designing Futures for Peer-to-peer Learning @ CSCW},
 booktitle = {Proceedings of the Companion Publication of the 17th ACM Conference on Computer Supported Cooperative Work \&\#38; Social Computing},
 series = {CSCW Companion '14},
 year = {2014},
 isbn = {978-1-4503-2541-7},
 location = {Baltimore, Maryland, USA},
 pages = {327--330},
 numpages = {4},
 url = {http://doi.acm.org/10.1145/2556420.2558857},
 doi = {10.1145/2556420.2558857},
 acmid = {2558857},
 publisher = {ACM},
 address = {New York, NY, USA},
 keywords = {education, future workshops, online learning, open learning, peer-to-peer learning, prototyping, workshop},
}

@inproceedings{Campos:2017:CBC:3078072.3091991,
 author = {Campos, Fabio and Blikstein, Paulo and Azhar, Ali},
 title = {The Conference of the Birds: A Collaborative Storytelling Environment for Literacy Development},
 booktitle = {Proceedings of the 2017 Conference on Interaction Design and Children},
 series = {IDC '17},
 year = {2017},
 isbn = {978-1-4503-4921-5},
 location = {Stanford, California, USA},
 pages = {729--732},
 numpages = {4},
 url = {http://doi.acm.org/10.1145/3078072.3091991},
 doi = {10.1145/3078072.3091991},
 acmid = {3091991},
 publisher = {ACM},
 address = {New York, NY, USA},
 keywords = {collaborative narratives, digital storytelling, literacy development, tangible interaction},
}

@inproceedings{Vale:2003:FRS:1082060.1082075,
 author = {Vale, Paul},
 title = {Having Fun and Raising Standards},
 booktitle = {Proceedings of the International Federation for Information Processing Working Group 3.5 Open Conference on Young Children and Learning Technologies - Volume 34},
 series = {CRPIT '03},
 year = {2003},
 isbn = {1-920682-16-3},
 location = {Sydney, Australia},
 pages = {95--98},
 numpages = {4},
 url = {http://dl.acm.org/citation.cfm?id=1082060.1082075},
 acmid = {1082075},
 publisher = {Australian Computer Society, Inc.},
 address = {Darlinghurst, Australia, Australia},
 keywords = {effective pedagogies, learning processes, project based learning, research, standards},
}

@inproceedings{Jain:2017:MCM:3059454.3078697,
 author = {Jain, Ajit},
 title = {Measuring Creativity: Multi-Scale Visual and Conceptual Design Analysis},
 booktitle = {Proceedings of the 2017 ACM SIGCHI Conference on Creativity and Cognition},
 series = {C\&\#38;C '17},
 year = {2017},
 isbn = {978-1-4503-4403-6},
 location = {Singapore, Singapore},
 pages = {490--495},
 numpages = {6},
 url = {http://doi.acm.org/10.1145/3059454.3078697},
 doi = {10.1145/3059454.3078697},
 acmid = {3078697},
 publisher = {ACM},
 address = {New York, NY, USA},
 keywords = {computational modeling, creativity evaluation, crowdsourcing, curation, metrics, visual design},
}

@article{Wanyiri:2015:FWD:2797212.2785984,
 author = {Wanyiri, Juliet},
 title = {Foondi Workshops: Democratizing Technology in Africa},
 journal = {interactions},
 issue_date = {July - August 2015},
 volume = {22},
 number = {4},
 month = jun,
 year = {2015},
 issn = {1072-5520},
 pages = {67--69},
 numpages = {3},
 url = {http://doi.acm.org/10.1145/2785984},
 doi = {10.1145/2785984},
 acmid = {2785984},
 publisher = {ACM},
 address = {New York, NY, USA},
}

@article{Hipple:2012:PL:2157652.2162137,
 author = {Hipple, Christine and Mattingly, Karen},
 title = {Power to the Learners},
 journal = {eLearn},
 issue_date = {March 2012},
 volume = {2012},
 number = {3},
 month = mar,
 year = {2012},
 issn = {1535-394X},
 articleno = {3},
 url = {http://doi.acm.org/10.1145/2157652.2162137},
 doi = {10.1145/2157652.2162137},
 acmid = {2162137},
 publisher = {ACM},
 address = {New York, NY, USA},
}

@inproceedings{Lewis:2009:MMM:1599503.1599539,
 author = {Lewis, Sarah and Pea, Roy and Rosen, Joe},
 title = {Mobltz: A Mobile Multimedia Tool for Informal Learning},
 booktitle = {Proceedings of the 9th International Conference on Computer Supported Collaborative Learning - Volume 2},
 series = {CSCL'09},
 year = {2009},
 isbn = {978-1-4092-8598-4},
 location = {Rhodes, Greece},
 pages = {106--108},
 numpages = {3},
 url = {http://dl.acm.org/citation.cfm?id=1599503.1599539},
 acmid = {1599539},
 publisher = {International Society of the Learning Sciences},
}

@article{Kahler:1996:CSI:242206.242323,
 author = {Kahler, Helge and Rohde, Markus},
 title = {Changing to Stay Itself},
 journal = {SIGOIS Bull.},
 issue_date = {Dec. 1996},
 volume = {17},
 number = {3},
 month = dec,
 year = {1996},
 issn = {0894-0819},
 pages = {62--64},
 numpages = {3},
 url = {http://doi.acm.org/10.1145/242206.242323},
 doi = {10.1145/242206.242323},
 acmid = {242323},
 publisher = {ACM},
 address = {New York, NY, USA},
}

@inproceedings{Oh:2019:GSS:3300115.3312516,
 author = {Oh, Lih-Bin},
 title = {Goal Setting and Self-regulated Experiential Learning in a Paired Internship Program},
 booktitle = {Proceedings of the ACM Conference on Global Computing Education},
 series = {CompEd '19},
 year = {2019},
 isbn = {978-1-4503-6259-7},
 location = {Chengdu,Sichuan, China},
 pages = {239--239},
 numpages = {1},
 url = {http://doi.acm.org/10.1145/3300115.3312516},
 doi = {10.1145/3300115.3312516},
 acmid = {3312516},
 publisher = {ACM},
 address = {New York, NY, USA},
 keywords = {experiential learning, goal setting, internship, self-regulation},
}

@inproceedings{Ahearn:2013:PTI:2485760.2485838,
 author = {Ahearn, Amy and Kizza, Vincent and Martinez, Jos{\'e} Douglas},
 title = {PuppetPlay: Testing Interactive Puppets to Promote Reading Comprehension in Uganda \&\#38; El Salvador},
 booktitle = {Proceedings of the 12th International Conference on Interaction Design and Children},
 series = {IDC '13},
 year = {2013},
 isbn = {978-1-4503-1918-8},
 location = {New York, New York, USA},
 pages = {317--319},
 numpages = {3},
 url = {http://doi.acm.org/10.1145/2485760.2485838},
 doi = {10.1145/2485760.2485838},
 acmid = {2485838},
 publisher = {ACM},
 address = {New York, NY, USA},
 keywords = {literacy, marginalized children, puppetry, tangible interfaces},
}

@inproceedings{Pan:2004:ULS:996350.996392,
 author = {Pan, Bing and Gay, Geri and Saylor, John and Hembrooke, Helene and Henderson, David},
 title = {Usability, Learning, and Subjective Experience: User Evaluation of K-MODDL in an Undergraduate Class},
 booktitle = {Proceedings of the 4th ACM/IEEE-CS Joint Conference on Digital Libraries},
 series = {JCDL '04},
 year = {2004},
 isbn = {1-58113-832-6},
 location = {Tuscon, AZ, USA},
 pages = {188--189},
 numpages = {2},
 url = {http://doi.acm.org/10.1145/996350.996392},
 doi = {10.1145/996350.996392},
 acmid = {996392},
 publisher = {ACM},
 address = {New York, NY, USA},
 keywords = {digital library, evaluation, experience, learning, usability},
}

@inproceedings{Jacob:2017:TLI:3059454.3078699,
 author = {Jacob, Mikhail},
 title = {Towards Lifelong Interactive Learning For Open-ended Embodied Narrative Improvisation},
 booktitle = {Proceedings of the 2017 ACM SIGCHI Conference on Creativity and Cognition},
 series = {C\&\#38;C '17},
 year = {2017},
 isbn = {978-1-4503-4403-6},
 location = {Singapore, Singapore},
 pages = {502--507},
 numpages = {6},
 url = {http://doi.acm.org/10.1145/3059454.3078699},
 doi = {10.1145/3059454.3078699},
 acmid = {3078699},
 publisher = {ACM},
 address = {New York, NY, USA},
 keywords = {embodied narrative, generalized hypergraph, imitation learning, improvisation, modeling creativity, vr},
}

@inproceedings{Donaldson:2019:DWL:3311890.3311897,
 author = {Donaldson, Jonan and Barany, Amanda},
 title = {Designerly Ways of Learning: FabLearn 2019 Eighth Annual Conference, March 9-10, 2019},
 booktitle = {Proceedings of FabLearn 2019},
 series = {FL2019},
 year = {2019},
 isbn = {978-1-4503-6244-3},
 location = {New York, NY, USA},
 pages = {50--56},
 numpages = {7},
 url = {http://doi.acm.org/10.1145/3311890.3311897},
 doi = {10.1145/3311890.3311897},
 acmid = {3311897},
 publisher = {ACM},
 address = {New York, NY, USA},
 keywords = {Constructionist Learning, Design Thinking, Design-based Learning, Identity Exploration, Situated Learning},
}

@inproceedings{Aggarwal:2003:TSD:956750.956756,
 author = {Aggarwal, Charu C.},
 title = {Towards Systematic Design of Distance Functions for Data Mining Applications},
 booktitle = {Proceedings of the Ninth ACM SIGKDD International Conference on Knowledge Discovery and Data Mining},
 series = {KDD '03},
 year = {2003},
 isbn = {1-58113-737-0},
 location = {Washington, D.C.},
 pages = {9--18},
 numpages = {10},
 url = {http://doi.acm.org/10.1145/956750.956756},
 doi = {10.1145/956750.956756},
 acmid = {956756},
 publisher = {ACM},
 address = {New York, NY, USA},
 keywords = {data mining, distance functions, user interaction},
}

@inproceedings{Ortiz:2018:ECS:3242671.3242687,
 author = {Ortiz, Pablo and Harrell, D. Fox},
 title = {Enabling Critical Self-Reflection Through Roleplay with Chimeria: Grayscale},
 booktitle = {Proceedings of the 2018 Annual Symposium on Computer-Human Interaction in Play},
 series = {CHI PLAY '18},
 year = {2018},
 isbn = {978-1-4503-5624-4},
 location = {Melbourne, VIC, Australia},
 pages = {353--364},
 numpages = {12},
 url = {http://doi.acm.org/10.1145/3242671.3242687},
 doi = {10.1145/3242671.3242687},
 acmid = {3242687},
 publisher = {ACM},
 address = {New York, NY, USA},
 keywords = {interactive narrative, learning, reflection, roleplay},
}

@inproceedings{Al-Mubaid:2016:EDT:2890602.2890606,
 author = {Al-Mubaid, Hisham and Abukmail, Ahmed and Bettayeb, Said},
 title = {Empowering Deep Thinking to Support Critical Thinking in Teaching and Learning},
 booktitle = {Proceedings of the 2016 ACM SIGMIS Conference on Computers and People Research},
 series = {SIGMIS-CPR '16},
 year = {2016},
 isbn = {978-1-4503-4203-2},
 location = {Alexandria, Virginia, USA},
 pages = {69--75},
 numpages = {7},
 url = {http://doi.acm.org/10.1145/2890602.2890606},
 doi = {10.1145/2890602.2890606},
 acmid = {2890606},
 publisher = {ACM},
 address = {New York, NY, USA},
 keywords = {critical thinking, deep thinking, quality teaching},
}

@inproceedings{Simon:2009:TYA:1862712.1862735,
 author = {Simon},
 title = {Ten Years of the Australasian Computing Education Conference},
 booktitle = {Proceedings of the Eleventh Australasian Conference on Computing Education - Volume 95},
 series = {ACE '09},
 year = {2009},
 isbn = {978-1-920682-76-7},
 location = {Wellington, New Zealand},
 pages = {157--164},
 numpages = {8},
 url = {http://dl.acm.org/citation.cfm?id=1862712.1862735},
 acmid = {1862735},
 publisher = {Australian Computer Society, Inc.},
 address = {Darlinghurst, Australia, Australia},
 keywords = {classifying publications, computing education},
}

@inproceedings{Deni:2018:PET:3290511.3290512,
 author = {Deni, Ann Rosnida Md and Zainal, Zainor Izat},
 title = {Padlet As an Educational Tool: Pedagogical Considerations and Lessons Learnt},
 booktitle = {Proceedings of the 10th International Conference on Education Technology and Computers},
 series = {ICETC '18},
 year = {2018},
 isbn = {978-1-4503-6517-8},
 location = {Tokyo, Japan},
 pages = {156--162},
 numpages = {7},
 url = {http://doi.acm.org/10.1145/3290511.3290512},
 doi = {10.1145/3290511.3290512},
 acmid = {3290512},
 publisher = {ACM},
 address = {New York, NY, USA},
 keywords = {Padlet, technology implementation, undergraduate studies, web 2.0 tools},
}

@inproceedings{Chu:2010:ACP:1873951.1874067,
 author = {Chu, Wei-Ta and Liu, Wen-Long and Yu, Jen-Yu},
 title = {Age Classification for Pose Variant and Occluded Faces},
 booktitle = {Proceedings of the 18th ACM International Conference on Multimedia},
 series = {MM '10},
 year = {2010},
 isbn = {978-1-60558-933-6},
 location = {Firenze, Italy},
 pages = {743--746},
 numpages = {4},
 url = {http://doi.acm.org/10.1145/1873951.1874067},
 doi = {10.1145/1873951.1874067},
 acmid = {1874067},
 publisher = {ACM},
 address = {New York, NY, USA},
 keywords = {age classification, object class invariant, occlusion, pose variant},
}

@inproceedings{Nawaz:2012:CFI:2160881.2160905,
 author = {Nawaz, Ather},
 title = {A Conceptual Framework of Information Learning and Flow in Relation to Websites' Information Architecture},
 booktitle = {Proceedings of the 4th International Conference on Intercultural Collaboration},
 series = {ICIC '12},
 year = {2012},
 isbn = {978-1-4503-0818-2},
 location = {Bengaluru, India},
 pages = {141--144},
 numpages = {4},
 url = {http://doi.acm.org/10.1145/2160881.2160905},
 doi = {10.1145/2160881.2160905},
 acmid = {2160905},
 publisher = {ACM},
 address = {New York, NY, USA},
 keywords = {architecture, flow, human-computer interaction., information learning, knowledge acquisition information},
}

@inproceedings{Worsley:2015:MLA:2818346.2829995,
 author = {Worsley, Marcelo and Chiluiza, Katherine and Grafsgaard, Joseph F. and Ochoa, Xavier},
 title = {2015 Multimodal Learning and Analytics Grand Challenge},
 booktitle = {Proceedings of the 2015 ACM on International Conference on Multimodal Interaction},
 series = {ICMI '15},
 year = {2015},
 isbn = {978-1-4503-3912-4},
 location = {Seattle, Washington, USA},
 pages = {525--529},
 numpages = {5},
 url = {http://doi.acm.org/10.1145/2818346.2829995},
 doi = {10.1145/2818346.2829995},
 acmid = {2829995},
 publisher = {ACM},
 address = {New York, NY, USA},
 keywords = {design challenge, human computer interaction, learning environments},
}

@inproceedings{Bopp:2015:SBS:2702613.2732852,
 author = {Bopp, Julia Ayumi and Mekler, Elisa D. and Opwis, Klaus},
 title = {"It Was Sad But Still Good": Gratifications of Emotionally Moving Game Experiences},
 booktitle = {Proceedings of the 33rd Annual ACM Conference Extended Abstracts on Human Factors in Computing Systems},
 series = {CHI EA '15},
 year = {2015},
 isbn = {978-1-4503-3146-3},
 location = {Seoul, Republic of Korea},
 pages = {1193--1198},
 numpages = {6},
 url = {http://doi.acm.org/10.1145/2702613.2732852},
 doi = {10.1145/2702613.2732852},
 acmid = {2732852},
 publisher = {ACM},
 address = {New York, NY, USA},
 keywords = {emotion, games, gratification, player experience},
}

@inproceedings{Qiong:2019:RTR:3338188.3338205,
 author = {Qiong, Li},
 title = {Research on Teaching Reform of Educational Technology Public Course Under the Background of Educational Information 2.0},
 booktitle = {Proceedings of the 5th International Conference on Frontiers of Educational Technologies},
 series = {ICFET 2019},
 year = {2019},
 isbn = {978-1-4503-6293-1},
 location = {Beijing, China},
 pages = {44--47},
 numpages = {4},
 url = {http://doi.acm.org/10.1145/3338188.3338205},
 doi = {10.1145/3338188.3338205},
 acmid = {3338205},
 publisher = {ACM},
 address = {New York, NY, USA},
 keywords = {Education information 2.0, education technology public course, mixed learning mode},
}

@inproceedings{Oh:2019:WTU:3290607.3312765,
 author = {Oh, Kyue Taek and Shin, Jaemyung and Kim, Jaejeung and Song, In Suk and Lee, Uichin and Park, Eunil and Han, Jinyoung and Ko, Minsam},
 title = {Wake-Up Task: Understanding Users in Task-based Mobile Alarm App},
 booktitle = {Extended Abstracts of the 2019 CHI Conference on Human Factors in Computing Systems},
 series = {CHI EA '19},
 year = {2019},
 isbn = {978-1-4503-5971-9},
 location = {Glasgow, Scotland Uk},
 pages = {LBW0253:1--LBW0253:6},
 articleno = {LBW0253},
 numpages = {6},
 url = {http://doi.acm.org/10.1145/3290607.3312765},
 doi = {10.1145/3290607.3312765},
 acmid = {3312765},
 publisher = {ACM},
 address = {New York, NY, USA},
 keywords = {alarmy, app usage behavior, inconvenient interaction, mobile alarm, wake-up task},
}

@inproceedings{Filsell:2002:RPT:820060.820065,
 author = {Filsell, Jenny and Barnes, Alan},
 title = {Researching Pedagogy and Teaching Methodologies That Transform Student Learning in South Australian Classrooms},
 booktitle = {Proceedings of the Seventh World Conference on Computers in Education Conference on Computers in Education: Australian Topics - Volume 8},
 series = {CRPIT '02},
 year = {2002},
 isbn = {0-909925-86-0},
 location = {Copenhagen, Denmark},
 pages = {23--30},
 numpages = {8},
 url = {http://dl.acm.org/citation.cfm?id=820060.820065},
 acmid = {820065},
 publisher = {Australian Computer Society, Inc.},
 address = {Darlinghurst, Australia, Australia},
}

@inproceedings{Sein-Echaluce:2015:EI:2808580.2808592,
 author = {Sein-Echaluce, Mar\'{\i}a Luisa and Fidalgo-Blanco, \'{A}ngel and Pedro, Neuza},
 title = {Educational Innovation},
 booktitle = {Proceedings of the 3rd International Conference on Technological Ecosystems for Enhancing Multiculturality},
 series = {TEEM '15},
 year = {2015},
 isbn = {978-1-4503-3442-6},
 location = {Porto, Portugal},
 pages = {73--76},
 numpages = {4},
 url = {http://doi.acm.org/10.1145/2808580.2808592},
 doi = {10.1145/2808580.2808592},
 acmid = {2808592},
 publisher = {ACM},
 address = {New York, NY, USA},
 keywords = {adaptive learning, educational innovation, learning communities, learning contents management systems, teamwork competence},
}

@article{Yadin:2008:FIL:1473195.1473227,
 author = {Yadin, Aharon and Or-Bach, Rachel},
 title = {Fostering Individual Learning: When and How},
 journal = {SIGCSE Bull.},
 issue_date = {December 2008},
 volume = {40},
 number = {4},
 month = nov,
 year = {2008},
 issn = {0097-8418},
 pages = {83--86},
 numpages = {4},
 url = {http://doi.acm.org/10.1145/1473195.1473227},
 doi = {10.1145/1473195.1473227},
 acmid = {1473227},
 publisher = {ACM},
 address = {New York, NY, USA},
 keywords = {effective learning, individual assignments, individual learning},
}

@inproceedings{Galanis:2014:TFB:2669711.2669932,
 author = {Galanis, Nikolas and Alier, Marc and Casany, Mar\'{\i}a Jos{\'e} and Mayol, Enric and Severance, Charles},
 title = {TSUGI: A Framework for Building PHP-based Learning Tools},
 booktitle = {Proceedings of the Second International Conference on Technological Ecosystems for Enhancing Multiculturality},
 series = {TEEM '14},
 year = {2014},
 isbn = {978-1-4503-2896-8},
 location = {Salamanca, Spain},
 pages = {409--413},
 numpages = {5},
 url = {http://doi.acm.org/10.1145/2669711.2669932},
 doi = {10.1145/2669711.2669932},
 acmid = {2669932},
 publisher = {ACM},
 address = {New York, NY, USA},
 keywords = {IMS LTI, LMS, TSUGI, e-learning, elearning, interoperability},
}

@inproceedings{Jacobson:2008:RLI:1487207.1487357,
 author = {Jacobson, Michael J. and Miao, Chunyan and Kim, Beaumie and Shen, Zhiqi and Chavez, Mark},
 title = {Research into Learning in an Intelligent Agent Augmented Multi-user Virtual Environment},
 booktitle = {Proceedings of the 2008 IEEE/WIC/ACM International Conference on Web Intelligence and Intelligent Agent Technology - Volume 03},
 series = {WI-IAT '08},
 year = {2008},
 isbn = {978-0-7695-3496-1},
 pages = {348--351},
 numpages = {4},
 url = {https://doi.org/10.1109/WIIAT.2008.402},
 doi = {10.1109/WIIAT.2008.402},
 acmid = {1487357},
 publisher = {IEEE Computer Society},
 address = {Washington, DC, USA},
 keywords = {multi-user virtual environments, intelligent agents, learning, science education},
}

@inproceedings{Zahn:2009:PKB:1600053.1600138,
 author = {Zahn, Carmen and Krauskopf, Karsten and Hesse, Friedrich W. and Pea, Roy},
 title = {Participation in Knowledge Building "Revisited": Reflective Discussion and Information Design with Advanced Digital Video Technology},
 booktitle = {Proceedings of the 9th International Conference on Computer Supported Collaborative Learning - Volume 1},
 series = {CSCL'09},
 year = {2009},
 isbn = {978-1-4092-8598-4},
 location = {Rhodes, Greece},
 pages = {596--600},
 numpages = {5},
 url = {http://dl.acm.org/citation.cfm?id=1600053.1600138},
 acmid = {1600138},
 publisher = {International Society of the Learning Sciences},
}

@proceedings{Batra:2016:3009977,
 title = {ICVGIP '16: Proceedings of the Tenth Indian Conference on Computer Vision, Graphics and Image Processing},
 year = {2016},
 isbn = {978-1-4503-4753-2},
 location = {Guwahati, Assam, India},
 publisher = {ACM},
 address = {New York, NY, USA},
}

@inproceedings{Carter:2008:PCM:1459359.1459508,
 author = {Carter, Scott and Denoue, Laurent},
 title = {PicNTell: A Camcorder Metaphor for Screen Recording},
 booktitle = {Proceedings of the 16th ACM International Conference on Multimedia},
 series = {MM '08},
 year = {2008},
 isbn = {978-1-60558-303-7},
 location = {Vancouver, British Columbia, Canada},
 pages = {869--872},
 numpages = {4},
 url = {http://doi.acm.org/10.1145/1459359.1459508},
 doi = {10.1145/1459359.1459508},
 acmid = {1459508},
 publisher = {ACM},
 address = {New York, NY, USA},
 keywords = {multimedia recording and playback, natural input, screencasting},
}

@article{Clear:2007:CCP:1345375.1345383,
 author = {Clear, Tony},
 title = {Computing Capstone Projects and the Role of Failure in Education},
 journal = {SIGCSE Bull.},
 issue_date = {December 2007},
 volume = {39},
 number = {4},
 month = dec,
 year = {2007},
 issn = {0097-8418},
 pages = {13--15},
 numpages = {3},
 url = {http://doi.acm.org/10.1145/1345375.1345383},
 doi = {10.1145/1345375.1345383},
 acmid = {1345383},
 publisher = {ACM},
 address = {New York, NY, USA},
}

@inproceedings{Otero:2016:BCC:2930674.2935996,
 author = {Otero, Nancy and Blikstein, Paulo},
 title = {Barcino, Creation of a Cross-Disciplinary City},
 booktitle = {Proceedings of the The 15th International Conference on Interaction Design and Children},
 series = {IDC '16},
 year = {2016},
 isbn = {978-1-4503-4313-8},
 location = {Manchester, United Kingdom},
 pages = {694--700},
 numpages = {7},
 url = {http://doi.acm.org/10.1145/2930674.2935996},
 doi = {10.1145/2930674.2935996},
 acmid = {2935996},
 publisher = {ACM},
 address = {New York, NY, USA},
 keywords = {digital-fabrication, fablab@school, laser cutter, maker spaces, multidisciplinary content, project-based learning},
}

@inproceedings{Blikstein:2014:RPI:2593968.2597649,
 author = {Blikstein, Paulo},
 title = {Reempowering Powerful Ideas: Designers' Mission in the Age of Ubiquitous Technology},
 booktitle = {Proceedings of the 2014 Conference on Interaction Design and Children},
 series = {IDC '14},
 year = {2014},
 isbn = {978-1-4503-2272-0},
 location = {Aarhus, Denmark},
 pages = {1--4},
 numpages = {4},
 url = {http://doi.acm.org/10.1145/2593968.2597649},
 doi = {10.1145/2593968.2597649},
 acmid = {2597649},
 publisher = {ACM},
 address = {New York, NY, USA},
 keywords = {constructionism, constructivism, education, interaction design, makers' movement, physical computing, robotics},
}

@inproceedings{Fouse:2011:CSS:1979742.1979706,
 author = {Fouse, Adam and Weibel, Nadir and Hutchins, Edwin and Hollan, James D.},
 title = {ChronoViz: A System for Supporting Navigation of Time-coded Data},
 booktitle = {CHI '11 Extended Abstracts on Human Factors in Computing Systems},
 series = {CHI EA '11},
 year = {2011},
 isbn = {978-1-4503-0268-5},
 location = {Vancouver, BC, Canada},
 pages = {299--304},
 numpages = {6},
 url = {http://doi.acm.org/10.1145/1979742.1979706},
 doi = {10.1145/1979742.1979706},
 acmid = {1979706},
 publisher = {ACM},
 address = {New York, NY, USA},
 keywords = {behavioral research, digital paper, interactive visualization, multimodal interaction},
}

@inproceedings{Merchan:2016:MSC:3012430.3012610,
 author = {Merch\'{a}n, Mar\'{\i}a Dolores and Canedo, M. Mar and L\'{o}pez-Gil, Francisco Javier and Usero, Jos{\'e} Luis},
 title = {Motivating Students of Chemical Engineering Through a Cooperative Work Recording Educational Videos},
 booktitle = {Proceedings of the Fourth International Conference on Technological Ecosystems for Enhancing Multiculturality},
 series = {TEEM '16},
 year = {2016},
 isbn = {978-1-4503-4747-1},
 location = {Salamanca, Spain},
 pages = {805--809},
 numpages = {5},
 url = {http://doi.acm.org/10.1145/3012430.3012610},
 doi = {10.1145/3012430.3012610},
 acmid = {3012610},
 publisher = {ACM},
 address = {New York, NY, USA},
 keywords = {cooperative work, flipped classroom, motivation},
}

@inproceedings{Ahmad:1998:EVL:353053.353094,
 author = {Ahmad, Rami and Piccoli, Gabriele and Ives, Blake},
 title = {Effectiveness of Virtual Learning Environments in Basic Skills Business Education: A Field Study in Progress},
 booktitle = {Proceedings of the International Conference on Information Systems},
 series = {ICIS '98},
 year = {1998},
 location = {Helsinki, Finland},
 pages = {352--357},
 numpages = {6},
 url = {http://dl.acm.org/citation.cfm?id=353053.353094},
 acmid = {353094},
 publisher = {Association for Information Systems},
 address = {Atlanta, GA, USA},
}

@inproceedings{Guler:2013:IEI:2485760.2485801,
 author = {Guler, Sibel Deren and Rule, Michael Everett},
 title = {Invent-abling: Enabling Inventiveness Through Craft},
 booktitle = {Proceedings of the 12th International Conference on Interaction Design and Children},
 series = {IDC '13},
 year = {2013},
 isbn = {978-1-4503-1918-8},
 location = {New York, New York, USA},
 pages = {368--371},
 numpages = {4},
 url = {http://doi.acm.org/10.1145/2485760.2485801},
 doi = {10.1145/2485760.2485801},
 acmid = {2485801},
 publisher = {ACM},
 address = {New York, NY, USA},
 keywords = {construction kit, electronics, girl-centric toys, interactive learning, smart materials},
}

@inproceedings{Suzuki:2017:EDS:3027063.3053187,
 author = {Suzuki, Ryo and Soares, Gustavo and Glassman, Elena and Head, Andrew and D'Antoni, Loris and Hartmann, Bj\"{o}rn},
 title = {Exploring the Design Space of Automatically Synthesized Hints for Introductory Programming Assignments},
 booktitle = {Proceedings of the 2017 CHI Conference Extended Abstracts on Human Factors in Computing Systems},
 series = {CHI EA '17},
 year = {2017},
 isbn = {978-1-4503-4656-6},
 location = {Denver, Colorado, USA},
 pages = {2951--2958},
 numpages = {8},
 url = {http://doi.acm.org/10.1145/3027063.3053187},
 doi = {10.1145/3027063.3053187},
 acmid = {3053187},
 publisher = {ACM},
 address = {New York, NY, USA},
 keywords = {automated feedback, program synthesis, programming education},
}

@inproceedings{Ardianto:2014:USM:2686612.2686627,
 author = {Ardianto, Danny},
 title = {Understanding Social Media-enabled Participation and Resilience in Urban Farming Communities},
 booktitle = {Proceedings of the 26th Australian Computer-Human Interaction Conference on Designing Futures: The Future of Design},
 series = {OzCHI '14},
 year = {2014},
 isbn = {978-1-4503-0653-9},
 location = {Sydney, New South Wales, Australia},
 pages = {111--114},
 numpages = {4},
 url = {http://doi.acm.org/10.1145/2686612.2686627},
 doi = {10.1145/2686612.2686627},
 acmid = {2686627},
 publisher = {ACM},
 address = {New York, NY, USA},
 keywords = {participation, resilience, social media, urban farming},
}

@inproceedings{Kleiman:2013:RET:2485760.2485861,
 author = {Kleiman, Jonathan and Pope, Michael and Blikstein, Paulo},
 title = {RoyoBlocks: An Exploration in Tangible Literacy Learning},
 booktitle = {Proceedings of the 12th International Conference on Interaction Design and Children},
 series = {IDC '13},
 year = {2013},
 isbn = {978-1-4503-1918-8},
 location = {New York, New York, USA},
 pages = {543--546},
 numpages = {4},
 url = {http://doi.acm.org/10.1145/2485760.2485861},
 doi = {10.1145/2485760.2485861},
 acmid = {2485861},
 publisher = {ACM},
 address = {New York, NY, USA},
 keywords = {RFID, interaction design, literacy, plush toys, tangible learning},
}

@inproceedings{Brinson:2012:SDC:2282338.2282387,
 author = {Brinson, Peter and ValaNejad, Kurosh},
 title = {Subjective Documentary: The Cat and the Coup},
 booktitle = {Proceedings of the International Conference on the Foundations of Digital Games},
 series = {FDG '12},
 year = {2012},
 isbn = {978-1-4503-1333-9},
 location = {Raleigh, North Carolina},
 pages = {246--249},
 numpages = {4},
 url = {http://doi.acm.org/10.1145/2282338.2282387},
 doi = {10.1145/2282338.2282387},
 acmid = {2282387},
 publisher = {ACM},
 address = {New York, NY, USA},
 keywords = {CIA, Iran, Mossadegh, coup d'{\'e}tat, democracy, game design, history, persian miniatures, war},
}

@article{Brown:2008:PD:1472987.1472988,
 author = {Brown, John Seely and Thomas, Doug},
 title = {The Power of Dispositions},
 journal = {Ubiquity},
 volume = {2008},
 number = {November},
 month = nov,
 year = {2008},
 issn = {1530-2180},
 articleno = {4},
 url = {http://doi.acm.org/10.1145/1472987.1472988},
 doi = {10.1145/1472987.1472988},
 acmid = {1472988},
 publisher = {ACM},
 address = {New York, NY, USA},
}

@inproceedings{Mostrom:2009:CSS:1562877.1562935,
 author = {Mostr\"{o}m, Jan Erik and Boustedt, Jonas and Eckerdal, Anna and McCartney, Robert and Sanders, Kate and Thomas, Lynda and Zander, Carol},
 title = {Computer Science Student Transformations: Changes and Causes},
 booktitle = {Proceedings of the 14th Annual ACM SIGCSE Conference on Innovation and Technology in Computer Science Education},
 series = {ITiCSE '09},
 year = {2009},
 isbn = {978-1-60558-381-5},
 location = {Paris, France},
 pages = {181--185},
 numpages = {5},
 url = {http://doi.acm.org/10.1145/1562877.1562935},
 doi = {10.1145/1562877.1562935},
 acmid = {1562935},
 publisher = {ACM},
 address = {New York, NY, USA},
 keywords = {student biographies, threshold concepts, transformations},
}

@article{Mostrom:2009:CSS:1595496.1562935,
 author = {Mostr\"{o}m, Jan Erik and Boustedt, Jonas and Eckerdal, Anna and McCartney, Robert and Sanders, Kate and Thomas, Lynda and Zander, Carol},
 title = {Computer Science Student Transformations: Changes and Causes},
 journal = {SIGCSE Bull.},
 issue_date = {September 2009},
 volume = {41},
 number = {3},
 month = jul,
 year = {2009},
 issn = {0097-8418},
 pages = {181--185},
 numpages = {5},
 url = {http://doi.acm.org/10.1145/1595496.1562935},
 doi = {10.1145/1595496.1562935},
 acmid = {1562935},
 publisher = {ACM},
 address = {New York, NY, USA},
 keywords = {student biographies, threshold concepts, transformations},
}

@inproceedings{Proctor:2017:IFW:3078072.3084324,
 author = {Proctor, Chris and Blikstein, Paulo},
 title = {Interactive Fiction: Weaving Together Literacies of Text and Code},
 booktitle = {Proceedings of the 2017 Conference on Interaction Design and Children},
 series = {IDC '17},
 year = {2017},
 isbn = {978-1-4503-4921-5},
 location = {Stanford, California, USA},
 pages = {555--560},
 numpages = {6},
 url = {http://doi.acm.org/10.1145/3078072.3084324},
 doi = {10.1145/3078072.3084324},
 acmid = {3084324},
 publisher = {ACM},
 address = {New York, NY, USA},
 keywords = {computational literacy, computer science education, sociocultural learning theory, sociolinguistics},
}

@inproceedings{Pollini:2011:EIL:2037296.2037316,
 author = {Pollini, Alessandro and Giusti, Leonardo and Napoletano, Linda},
 title = {Emerging Informal Learning 2.0 Practices: A Preliminary Exploration},
 booktitle = {Proceedings of the 9th ACM SIGCHI Italian Chapter International Conference on Computer-Human Interaction: Facing Complexity},
 series = {CHItaly},
 year = {2011},
 isbn = {978-1-4503-0876-2},
 location = {Alghero, Italy},
 pages = {71--75},
 numpages = {5},
 url = {http://doi.acm.org/10.1145/2037296.2037316},
 doi = {10.1145/2037296.2037316},
 acmid = {2037316},
 publisher = {ACM},
 address = {New York, NY, USA},
 keywords = {computer science education, curriculum, informal learning, information systems education, technology-enhanced learning, web 2.0},
}

@inproceedings{Chaiyama:2018:IDB:3268808.3268816,
 author = {Chaiyama, Nuanphan},
 title = {The Instructional Design Blended Learning Model by Using Active Learning Activities to Develop Learning Skills in 21st Century for Higher Students},
 booktitle = {Proceedings of the 2Nd International Conference on E-Society, E-Education and E-Technology},
 series = {ICSET 2018},
 year = {2018},
 isbn = {978-1-4503-6528-4},
 location = {Taipei, Taiwan},
 pages = {5--9},
 numpages = {5},
 url = {http://doi.acm.org/10.1145/3268808.3268816},
 doi = {10.1145/3268808.3268816},
 acmid = {3268816},
 publisher = {ACM},
 address = {New York, NY, USA},
 keywords = {Active Learning Activity, Blended Learning, Learning Skills in 21st Century},
}

@inproceedings{Blikstein:2012:BMM:2307096.2307150,
 author = {Blikstein, Paulo and Fuhrmann, Tamar and Greene, Daniel and Salehi, Shima},
 title = {Bifocal Modeling: Mixing Real and Virtual Labs for Advanced Science Learning},
 booktitle = {Proceedings of the 11th International Conference on Interaction Design and Children},
 series = {IDC '12},
 year = {2012},
 isbn = {978-1-4503-1007-9},
 location = {Bremen, Germany},
 pages = {296--299},
 numpages = {4},
 url = {http://doi.acm.org/10.1145/2307096.2307150},
 doi = {10.1145/2307096.2307150},
 acmid = {2307150},
 publisher = {ACM},
 address = {New York, NY, USA},
 keywords = {computer modeling, constructivism, physical computing, sensing},
}

@inproceedings{Campos:2018:FCE:3202185.3210780,
 author = {Campos, Fabio and Garcia, Leiny},
 title = {Fostering Civic Engagement Through Native Maps: A Preliminary Study},
 booktitle = {Proceedings of the 17th ACM Conference on Interaction Design and Children},
 series = {IDC '18},
 year = {2018},
 isbn = {978-1-4503-5152-2},
 location = {Trondheim, Norway},
 pages = {605--610},
 numpages = {6},
 url = {http://doi.acm.org/10.1145/3202185.3210780},
 doi = {10.1145/3202185.3210780},
 acmid = {3210780},
 publisher = {ACM},
 address = {New York, NY, USA},
 keywords = {HCI, citizen education, civic engagement, native maps, participatory design, place-based learning},
}

@inproceedings{Fonseca:2018:LSC:3290511.3290550,
 author = {Fonseca, Ingrid and Jim{\'e}nez, Milthon Betancourt},
 title = {Learning Strategies in Colombian University Students},
 booktitle = {Proceedings of the 10th International Conference on Education Technology and Computers},
 series = {ICETC '18},
 year = {2018},
 isbn = {978-1-4503-6517-8},
 location = {Tokyo, Japan},
 pages = {231--234},
 numpages = {4},
 url = {http://doi.acm.org/10.1145/3290511.3290550},
 doi = {10.1145/3290511.3290550},
 acmid = {3290550},
 publisher = {ACM},
 address = {New York, NY, USA},
 keywords = {CEVEAPEU, higher education, learning strategies, university},
}

@inproceedings{Zhuhadar:2015:UDI:2740908.2744712,
 author = {Zhuhadar, Leyla and Carson, Bryan and Daday, Jerry and Nasraoui, Olfa},
 title = {A Universal Design Infrastructure for Multimodal Presentation of Materials in STEM Programs: Universal Design},
 booktitle = {Proceedings of the 24th International Conference on World Wide Web},
 series = {WWW '15 Companion},
 year = {2015},
 isbn = {978-1-4503-3473-0},
 location = {Florence, Italy},
 pages = {569--574},
 numpages = {6},
 url = {http://doi.acm.org/10.1145/2740908.2744712},
 doi = {10.1145/2740908.2744712},
 acmid = {2744712},
 publisher = {ACM},
 address = {New York, NY, USA},
 keywords = {accessibility, stem, universal design, video captioning},
}

@inproceedings{Brosda:2016:UAE:2957265.2964198,
 author = {Brosda, Constantin and Bartsch, Silke and Oppermann, Leif and Schaal, Steffen},
 title = {On the Use of Audio in the Educational Location Based Game Platform MILE},
 booktitle = {Proceedings of the 18th International Conference on Human-Computer Interaction with Mobile Devices and Services Adjunct},
 series = {MobileHCI '16},
 year = {2016},
 isbn = {978-1-4503-4413-5},
 location = {Florence, Italy},
 pages = {1049--1054},
 numpages = {6},
 url = {http://doi.acm.org/10.1145/2957265.2964198},
 doi = {10.1145/2957265.2964198},
 acmid = {2964198},
 publisher = {ACM},
 address = {New York, NY, USA},
 keywords = {audio, cognitive load, education, location based game, nutrition},
}

@inproceedings{Miller:2012:MTC:2148131.2148185,
 author = {Miller, Andrea and Rosenbaum, Claire and Blikstein, Paulo},
 title = {MagneTracks: A Tangible Constructionist Toolkit for Newtonian Physics},
 booktitle = {Proceedings of the Sixth International Conference on Tangible, Embedded and Embodied Interaction},
 series = {TEI '12},
 year = {2012},
 isbn = {978-1-4503-1174-8},
 location = {Kingston, Ontario, Canada},
 pages = {253--256},
 numpages = {4},
 url = {http://doi.acm.org/10.1145/2148131.2148185},
 doi = {10.1145/2148131.2148185},
 acmid = {2148185},
 publisher = {ACM},
 address = {New York, NY, USA},
 keywords = {cognitive load, constructionism, constructivism, design, dynamic tangible interaction, scaffolding, vertical interfaces},
}

@inproceedings{Pipatjumroenkul:2019:DUM:3306500.3306568,
 author = {Pipatjumroenkul, Yaowaluk and Siripattanakul, Sutithap and Sompong, Narong},
 title = {Development of Using Model on Project-based Blended e-Learning Courseware for Teacher's ICT Skills in 21st Century in the Central Region of Thailand},
 booktitle = {Proceedings of the 10th International Conference on E-Education, E-Business, E-Management and E-Learning},
 series = {IC4E '19},
 year = {2019},
 isbn = {978-1-4503-6602-1},
 location = {Tokyo, Japan},
 pages = {103--107},
 numpages = {5},
 url = {http://doi.acm.org/10.1145/3306500.3306568},
 doi = {10.1145/3306500.3306568},
 acmid = {3306568},
 publisher = {ACM},
 address = {New York, NY, USA},
 keywords = {ICT4T-C21 model, e-learning courseware, project-based learning, teacher's ICT skills},
}

@inproceedings{Hakimzadeh:2011:SIA:2070364.2070386,
 author = {Hakimzadeh, Hossein and Adaikkalavan, Raman and Batzinger, Robert},
 title = {Successful Implementation of an Active Learning Laboratory in Computer Science},
 booktitle = {Proceedings of the 39th Annual ACM SIGUCCS Conference on User Services},
 series = {SIGUCCS '11},
 year = {2011},
 isbn = {978-1-4503-1023-9},
 location = {San Diego, California, USA},
 pages = {83--86},
 numpages = {4},
 url = {http://doi.acm.org/10.1145/2070364.2070386},
 doi = {10.1145/2070364.2070386},
 acmid = {2070386},
 publisher = {ACM},
 address = {New York, NY, USA},
 keywords = {active learning, active learning classrooms, active learning pedagogical methods},
}

@article{Zhu:2017:AJT:3115404.3115409,
 author = {Zhu, Erkang and He, Yeye and Chaudhuri, Surajit},
 title = {Auto-join: Joining Tables by Leveraging Transformations},
 journal = {Proc. VLDB Endow.},
 issue_date = {June 2017},
 volume = {10},
 number = {10},
 month = jun,
 year = {2017},
 issn = {2150-8097},
 pages = {1034--1045},
 numpages = {12},
 url = {https://doi.org/10.14778/3115404.3115409},
 doi = {10.14778/3115404.3115409},
 acmid = {3115409},
 publisher = {VLDB Endowment},
}

@inproceedings{Lewthwaite:2016:EPC:2899475.2899490,
 author = {Lewthwaite, Sarah and Sloan, David},
 title = {Exploring Pedagogical Culture for Accessibility Education in Computing Science},
 booktitle = {Proceedings of the 13th Web for All Conference},
 series = {W4A '16},
 year = {2016},
 isbn = {978-1-4503-4138-7},
 location = {Montreal, Canada},
 pages = {3:1--3:4},
 articleno = {3},
 numpages = {4},
 url = {http://doi.acm.org/10.1145/2899475.2899490},
 doi = {10.1145/2899475.2899490},
 acmid = {2899490},
 publisher = {ACM},
 address = {New York, NY, USA},
 keywords = {disabled people, education, guidelines, pedagogy, social inclusion, teaching and learning, user experience, web accessibility},
}

@article{Blevis:2010:DCB:1744161.1744176,
 author = {Blevis, Eli},
 title = {Design Challenge Based Learning (DCBL) and Sustainable Pedagogical Practice},
 journal = {Interactions},
 issue_date = {May + June 2010},
 volume = {17},
 number = {3},
 month = may,
 year = {2010},
 issn = {1072-5520},
 pages = {64--69},
 numpages = {6},
 url = {http://doi.acm.org/10.1145/1744161.1744176},
 doi = {10.1145/1744161.1744176},
 acmid = {1744176},
 publisher = {ACM},
 address = {New York, NY, USA},
}

@inproceedings{Rutherfoord:2013:FCY:2512276.2512299,
 author = {Rutherfoord, Rebecca H. and Rutherfoord, James K.},
 title = {Flipping the Classroom: Is It for You?},
 booktitle = {Proceedings of the 14th Annual ACM SIGITE Conference on Information Technology Education},
 series = {SIGITE '13},
 year = {2013},
 isbn = {978-1-4503-2239-3},
 location = {Orlando, Florida, USA},
 pages = {19--22},
 numpages = {4},
 url = {http://doi.acm.org/10.1145/2512276.2512299},
 doi = {10.1145/2512276.2512299},
 acmid = {2512299},
 publisher = {ACM},
 address = {New York, NY, USA},
 keywords = {blended classroom, flipped classroom, hybrid, virtual education},
}

@article{Uneson:2014:EBR:2597757.2534189,
 author = {Uneson, Marcus},
 title = {When Errors Become the Rule: Twenty Years with Transformation-Based Learning},
 journal = {ACM Comput. Surv.},
 issue_date = {April 2014},
 volume = {46},
 number = {4},
 month = apr,
 year = {2014},
 issn = {0360-0300},
 pages = {50:1--50:51},
 articleno = {50},
 numpages = {51},
 url = {http://doi.acm.org/10.1145/2534189},
 doi = {10.1145/2534189},
 acmid = {2534189},
 publisher = {ACM},
 address = {New York, NY, USA},
 keywords = {Transformation-based learning, brill tagging, computational linguistics, error-driven rule learning, natural language processing, sequential classification, supervised learning},
}

@inproceedings{Chang:2018:DOP:3159450.3159505,
 author = {Chang, Yunjeong and Cintron, Leslie and Cohoon, James P. and Tychonievich, Luther},
 title = {Diversity-focused Online Professional Development for Community College Computing Faculty: Participant Motivations and Perceptions},
 booktitle = {Proceedings of the 49th ACM Technical Symposium on Computer Science Education},
 series = {SIGCSE '18},
 year = {2018},
 isbn = {978-1-4503-5103-4},
 location = {Baltimore, Maryland, USA},
 pages = {783--788},
 numpages = {6},
 url = {http://doi.acm.org/10.1145/3159450.3159505},
 doi = {10.1145/3159450.3159505},
 acmid = {3159505},
 publisher = {ACM},
 address = {New York, NY, USA},
 keywords = {community college, diversity, in-service training, motivation, online course, perceptions, professional development},
}

@inproceedings{Raczinski:2013:CSU:2466627.2466648,
 author = {Raczinski, Fania and Yang, Hongji and Hugill, Andrew},
 title = {Creative Search Using Pataphysics},
 booktitle = {Proceedings of the 9th ACM Conference on Creativity \&\#38; Cognition},
 series = {C\&\#38;C '13},
 year = {2013},
 isbn = {978-1-4503-2150-1},
 location = {Sydney, Australia},
 pages = {274--280},
 numpages = {7},
 url = {http://doi.acm.org/10.1145/2466627.2466648},
 doi = {10.1145/2466627.2466648},
 acmid = {2466648},
 publisher = {ACM},
 address = {New York, NY, USA},
 keywords = {creative computing, creative technologies, information retrieval, pataphysics},
}

@inproceedings{Campbell:2003:LC:611892.611942,
 author = {Campbell, Andrea Beth and Pargas, Roy P.},
 title = {Laptops in the Classroom},
 booktitle = {Proceedings of the 34th SIGCSE Technical Symposium on Computer Science Education},
 series = {SIGCSE '03},
 year = {2003},
 isbn = {1-58113-648-X},
 location = {Reno, Navada, USA},
 pages = {98--102},
 numpages = {5},
 url = {http://doi.acm.org/10.1145/611892.611942},
 doi = {10.1145/611892.611942},
 acmid = {611942},
 publisher = {ACM},
 address = {New York, NY, USA},
 keywords = {CS ed research, animation, classroom management, communication skills, curriculum issues, distance education, human-computer interface, information technology, laptop-enhanced courses, pedagogy, visualization, web-based techniques},
}

@article{Campbell:2003:LC:792548.611942,
 author = {Campbell, Andrea Beth and Pargas, Roy P.},
 title = {Laptops in the Classroom},
 journal = {SIGCSE Bull.},
 issue_date = {January 2003},
 volume = {35},
 number = {1},
 month = jan,
 year = {2003},
 issn = {0097-8418},
 pages = {98--102},
 numpages = {5},
 url = {http://doi.acm.org/10.1145/792548.611942},
 doi = {10.1145/792548.611942},
 acmid = {611942},
 publisher = {ACM},
 address = {New York, NY, USA},
 keywords = {CS ed research, animation, classroom management, communication skills, curriculum issues, distance education, human-computer interface, information technology, laptop-enhanced courses, pedagogy, visualization, web-based techniques},
}

@inproceedings{Harmon:2007:CTA:1622123.1622144,
 author = {Harmon, Cyrus},
 title = {Computational Tools for the Analysis of Spatial Patterns of Gene Expression in Common Lisp},
 booktitle = {Proceedings of the 2007 International Lisp Conference},
 series = {ILC '07},
 year = {2009},
 isbn = {978-1-59593-618-9},
 location = {Cambridge, United Kingdom},
 pages = {18:1--18:12},
 articleno = {18},
 numpages = {12},
 url = {http://doi.acm.org/10.1145/1622123.1622144},
 doi = {10.1145/1622123.1622144},
 acmid = {1622144},
 publisher = {ACM},
 address = {New York, NY, USA},
}

@inproceedings{Brown:2006:RCS:1135777.1135827,
 author = {Brown, Elizabeth and Brailsford, Tim and Fisher, Tony and Moore, Adam and Ashman, Helen},
 title = {Reappraising Cognitive Styles in Adaptive Web Applications},
 booktitle = {Proceedings of the 15th International Conference on World Wide Web},
 series = {WWW '06},
 year = {2006},
 isbn = {1-59593-323-9},
 location = {Edinburgh, Scotland},
 pages = {327--335},
 numpages = {9},
 url = {http://doi.acm.org/10.1145/1135777.1135827},
 doi = {10.1145/1135777.1135827},
 acmid = {1135827},
 publisher = {ACM},
 address = {New York, NY, USA},
 keywords = {adaptive hypermedia, cognitive styles, user modelling, user trials, web applications},
}

@inproceedings{Toyama:2011:TAI:1940761.1940772,
 author = {Toyama, Kentaro},
 title = {Technology As Amplifier in International Development},
 booktitle = {Proceedings of the 2011 iConference},
 series = {iConference '11},
 year = {2011},
 isbn = {978-1-4503-0121-3},
 location = {Seattle, Washington, USA},
 pages = {75--82},
 numpages = {8},
 url = {http://doi.acm.org/10.1145/1940761.1940772},
 doi = {10.1145/1940761.1940772},
 acmid = {1940772},
 publisher = {ACM},
 address = {New York, NY, USA},
 keywords = {ICT4D, ICTD, amplification model, information and communication technology for development, technology as amplifier, technology as magnifier},
}

@inproceedings{Mitgutsch:2012:PDS:2282338.2282364,
 author = {Mitgutsch, Konstantin and Alvarado, Narda},
 title = {Purposeful by Design?: A Serious Game Design Assessment Framework},
 booktitle = {Proceedings of the International Conference on the Foundations of Digital Games},
 series = {FDG '12},
 year = {2012},
 isbn = {978-1-4503-1333-9},
 location = {Raleigh, North Carolina},
 pages = {121--128},
 numpages = {8},
 url = {http://doi.acm.org/10.1145/2282338.2282364},
 doi = {10.1145/2282338.2282364},
 acmid = {2282364},
 publisher = {ACM},
 address = {New York, NY, USA},
 keywords = {assessment, educational game design, game design, learning in games, serious games},
}

@inproceedings{Mann:2016:FFF:2858036.2858251,
 author = {Mann, Anne-Marie and Hinrichs, Uta and Read, Janet C. and Quigley, Aaron},
 title = {Facilitator, Functionary, Friend or Foe?: Studying the Role of iPads Within Learning Activities Across a School Year},
 booktitle = {Proceedings of the 2016 CHI Conference on Human Factors in Computing Systems},
 series = {CHI '16},
 year = {2016},
 isbn = {978-1-4503-3362-7},
 location = {San Jose, California, USA},
 pages = {1833--1845},
 numpages = {13},
 url = {http://doi.acm.org/10.1145/2858036.2858251},
 doi = {10.1145/2858036.2858251},
 acmid = {2858251},
 publisher = {ACM},
 address = {New York, NY, USA},
 keywords = {classrooms, education, evaluation, tablets, young children},
}

@inproceedings{Fass:2014:FTH:2559206.2578875,
 author = {Fass, John},
 title = {A Funny Thing Happened on the Way to the Website: Telling About Browsing},
 booktitle = {CHI '14 Extended Abstracts on Human Factors in Computing Systems},
 series = {CHI EA '14},
 year = {2014},
 isbn = {978-1-4503-2474-8},
 location = {Toronto, Ontario, Canada},
 pages = {675--684},
 numpages = {10},
 url = {http://doi.acm.org/10.1145/2559206.2578875},
 doi = {10.1145/2559206.2578875},
 acmid = {2578875},
 publisher = {ACM},
 address = {New York, NY, USA},
 keywords = {data environments, digital objects, display, interfaces, materiality, physical interactions},
}

@inproceedings{Majeed:2017:TDE:3026480.3026492,
 author = {Majeed, Asim},
 title = {Technology Diffusion in Educational Institutions for Innovative Learning},
 booktitle = {Proceedings of the 8th International Conference on E-Education, E-Business, E-Management and E-Learning},
 series = {IC4E '17},
 year = {2017},
 isbn = {978-1-4503-4821-8},
 location = {Kuala Lumpur, Malaysia},
 pages = {40--45},
 numpages = {6},
 url = {http://doi.acm.org/10.1145/3026480.3026492},
 doi = {10.1145/3026480.3026492},
 acmid = {3026492},
 publisher = {ACM},
 address = {New York, NY, USA},
 keywords = {Diffusion, Education, Higher, Institution, Technology},
}

@inproceedings{Tomkin:2014:PMU:2556325.2566245,
 author = {Tomkin, Jonathan H. and Charlevoix, Donna},
 title = {Do Professors Matter?: Using an a/B Test to Evaluate the Impact of Instructor Involvement on MOOC Student Outcomes},
 booktitle = {Proceedings of the First ACM Conference on Learning @ Scale Conference},
 series = {L@S '14},
 year = {2014},
 isbn = {978-1-4503-2669-8},
 location = {Atlanta, Georgia, USA},
 pages = {71--78},
 numpages = {8},
 url = {http://doi.acm.org/10.1145/2556325.2566245},
 doi = {10.1145/2556325.2566245},
 acmid = {2566245},
 publisher = {ACM},
 address = {New York, NY, USA},
 keywords = {a/b testing, collaborative learning., mooc},
}

@inproceedings{Kwek:1999:ALM:307400.307413,
 author = {Kwek, Stephen S.},
 title = {An Apprentice Learning Model (Extended Abstract)},
 booktitle = {Proceedings of the Twelfth Annual Conference on Computational Learning Theory},
 series = {COLT '99},
 year = {1999},
 isbn = {1-58113-167-4},
 location = {Santa Cruz, California, USA},
 pages = {63--74},
 numpages = {12},
 url = {http://doi.acm.org/10.1145/307400.307413},
 doi = {10.1145/307400.307413},
 acmid = {307413},
 publisher = {ACM},
 address = {New York, NY, USA},
}

@inproceedings{Shinners-Kennedy:2013:ITC:2493394.2493396,
 author = {Shinners-Kennedy, Dermot and Fincher, Sally A.},
 title = {Identifying Threshold Concepts: From Dead End to a New Direction},
 booktitle = {Proceedings of the Ninth Annual International ACM Conference on International Computing Education Research},
 series = {ICER '13},
 year = {2013},
 isbn = {978-1-4503-2243-0},
 location = {San Diego, San California, USA},
 pages = {9--18},
 numpages = {10},
 url = {http://doi.acm.org/10.1145/2493394.2493396},
 doi = {10.1145/2493394.2493396},
 acmid = {2493396},
 publisher = {ACM},
 address = {New York, NY, USA},
 keywords = {hindsight bias, pck, threshold concepts},
}

@inproceedings{Jiuqing:2015:PRV:2789116.2789134,
 author = {Jiuqing, Wan and Menglin, Xing},
 title = {Person Re-identification via Efficient Inference in Fully Connected CRF},
 booktitle = {Proceedings of the 9th International Conference on Distributed Smart Cameras},
 series = {ICDSC '15},
 year = {2015},
 isbn = {978-1-4503-3681-9},
 location = {Seville, Spain},
 pages = {104--109},
 numpages = {6},
 url = {http://doi.acm.org/10.1145/2789116.2789134},
 doi = {10.1145/2789116.2789134},
 acmid = {2789134},
 publisher = {ACM},
 address = {New York, NY, USA},
 keywords = {fully-connected, person re-identification, probabilistic inference},
}

@inproceedings{Chen:2016:TME:2883851.2883951,
 author = {Chen, Ye and Yu, Bei and Zhang, Xuewei and Yu, Yihan},
 title = {Topic Modeling for Evaluating Students' Reflective Writing: A Case Study of Pre-service Teachers' Journals},
 booktitle = {Proceedings of the Sixth International Conference on Learning Analytics \& Knowledge},
 series = {LAK '16},
 year = {2016},
 isbn = {978-1-4503-4190-5},
 location = {Edinburgh, United Kingdom},
 pages = {1--5},
 numpages = {5},
 url = {http://doi.acm.org/10.1145/2883851.2883951},
 doi = {10.1145/2883851.2883951},
 acmid = {2883951},
 publisher = {ACM},
 address = {New York, NY, USA},
 keywords = {LDA, automated grading, education, journal writing, learning analytics, reflection, text mining, topic modeling},
}

@inproceedings{Aone:1996:ULR:992628.992641,
 author = {Aone, Chinatsu and Hausman, Kevin},
 title = {Unsupervised Learning of a Rule-based Spanish Part of Speech Tagger},
 booktitle = {Proceedings of the 16th Conference on Computational Linguistics - Volume 1},
 series = {COLING '96},
 year = {1996},
 location = {Copenhagen, Denmark},
 pages = {53--58},
 numpages = {6},
 url = {https://doi.org/10.3115/992628.992641},
 doi = {10.3115/992628.992641},
 acmid = {992641},
 publisher = {Association for Computational Linguistics},
 address = {Stroudsburg, PA, USA},
}

@inproceedings{Grover:2013:UDP:2445196.2445404,
 author = {Grover, Shuchi and Pea, Roy},
 title = {Using a Discourse-intensive Pedagogy and Android's App Inventor for Introducing Computational Concepts to Middle School Students},
 booktitle = {Proceeding of the 44th ACM Technical Symposium on Computer Science Education},
 series = {SIGCSE '13},
 year = {2013},
 isbn = {978-1-4503-1868-6},
 location = {Denver, Colorado, USA},
 pages = {723--728},
 numpages = {6},
 url = {http://doi.acm.org/10.1145/2445196.2445404},
 doi = {10.1145/2445196.2445404},
 acmid = {2445404},
 publisher = {ACM},
 address = {New York, NY, USA},
 keywords = {CS ed research, K-12 instruction, android, app inventor, computational thinking, experience report, introductory programming, middle school},
}

@inproceedings{Mays:1964:CLA:1464052.1464110,
 author = {Mays, C. Hugh},
 title = {Comments on Learning and Adaptive Machines for Pattern Recognition},
 booktitle = {Proceedings of the October 27-29, 1964, Fall Joint Computer Conference, Part I},
 series = {AFIPS '64 (Fall, part I)},
 year = {1964},
 location = {San Francisco, California},
 pages = {623--630},
 numpages = {8},
 url = {http://doi.acm.org/10.1145/1464052.1464110},
 doi = {10.1145/1464052.1464110},
 acmid = {1464110},
 publisher = {ACM},
 address = {New York, NY, USA},
}

@inproceedings{Thomas:2010:HST:1734263.1734366,
 author = {Thomas, Lynda and Zander, Carol and Eckerdal, Anna},
 title = {Harnessing Surprise: Tales from Students' Transformational Biographies},
 booktitle = {Proceedings of the 41st ACM Technical Symposium on Computer Science Education},
 series = {SIGCSE '10},
 year = {2010},
 isbn = {978-1-4503-0006-3},
 location = {Milwaukee, Wisconsin, USA},
 pages = {300--304},
 numpages = {5},
 url = {http://doi.acm.org/10.1145/1734263.1734366},
 doi = {10.1145/1734263.1734366},
 acmid = {1734366},
 publisher = {ACM},
 address = {New York, NY, USA},
 keywords = {attitudinal factors, student biographies, surprise, threshold concepts, transformation, work experience},
}

@inproceedings{Jalal:2013:EAE:2536853.2536896,
 author = {Jalal, Syed Asim and Gibbins, Nicholas and Millard, David and Al-Hashimi, Bashir and Aljohani, Naif Radi},
 title = {Energy-Aware Adaptation of Educational Multimedia in Mobile Learning},
 booktitle = {Proceedings of International Conference on Advances in Mobile Computing \&\#38; Multimedia},
 series = {MoMM '13},
 year = {2013},
 isbn = {978-1-4503-2106-8},
 location = {Vienna, Austria},
 pages = {434:434--434:439},
 articleno = {434},
 numpages = {6},
 url = {http://doi.acm.org/10.1145/2536853.2536896},
 doi = {10.1145/2536853.2536896},
 acmid = {2536896},
 publisher = {ACM},
 address = {New York, NY, USA},
 keywords = {Battery Saving, Energy Efficiency, Mobile Learning, Multimedia Learning},
}

@inproceedings{Zhang:2018:DCB:3242840.3242849,
 author = {Zhang, Deheng and Tao, Jinxu and Ye, Zhongfu and Qiu, Bensheng and Xu, Jinzhang},
 title = {Deformation Corrected Blind Compressed Sensing (DC-BCS): A Novel Framework for Dynamic MRI Reconstruction},
 booktitle = {Proceedings of the 2018 2Nd International Conference on Algorithms, Computing and Systems},
 series = {ICACS '18},
 year = {2018},
 isbn = {978-1-4503-6509-3},
 location = {Beijing, China},
 pages = {160--164},
 numpages = {5},
 url = {http://doi.acm.org/10.1145/3242840.3242849},
 doi = {10.1145/3242840.3242849},
 acmid = {3242849},
 publisher = {ACM},
 address = {New York, NY, USA},
 keywords = {Dynamic MRI, blind compressed sensing, deformation correction, image reconstruction},
}

@inproceedings{Rankin:2006:PKG:1179295.1179340,
 author = {Rankin, Yolanda A. and Gold, Rachel and Gooch, Bruce},
 title = {Playing for Keeps: Gaming As a Language Learning Tool},
 booktitle = {ACM SIGGRAPH 2006 Educators Program},
 series = {SIGGRAPH '06},
 year = {2006},
 isbn = {1-59593-364-6},
 location = {Boston, Massachusetts},
 articleno = {44},
 url = {http://doi.acm.org/10.1145/1179295.1179340},
 doi = {10.1145/1179295.1179340},
 acmid = {1179340},
 publisher = {ACM},
 address = {New York, NY, USA},
}

@inproceedings{Brill:1993:AGI:981574.981609,
 author = {Brill, Eric},
 title = {Automatic Grammar Induction and Parsing Free Text: A Transformation-based Approach},
 booktitle = {Proceedings of the 31st Annual Meeting on Association for Computational Linguistics},
 series = {ACL '93},
 year = {1993},
 location = {Columbus, Ohio},
 pages = {259--265},
 numpages = {7},
 url = {https://doi.org/10.3115/981574.981609},
 doi = {10.3115/981574.981609},
 acmid = {981609},
 publisher = {Association for Computational Linguistics},
 address = {Stroudsburg, PA, USA},
}

@inproceedings{Mostrom:2008:CEA:1404520.1404533,
 author = {Mostr\"{o}m, Jan Erik and Boustedt, Jonas and Eckerdal, Anna and McCartney, Robert and Sanders, Kate and Thomas, Lynda and Zander, Carol},
 title = {Concrete Examples of Abstraction As Manifested in Students' Transformative Experiences},
 booktitle = {Proceedings of the Fourth International Workshop on Computing Education Research},
 series = {ICER '08},
 year = {2008},
 isbn = {978-1-60558-216-0},
 location = {Sydney, Australia},
 pages = {125--136},
 numpages = {12},
 url = {http://doi.acm.org/10.1145/1404520.1404533},
 doi = {10.1145/1404520.1404533},
 acmid = {1404533},
 publisher = {ACM},
 address = {New York, NY, USA},
 keywords = {abstraction, learning theory, threshold concepts, transformation},
}

@inproceedings{Nylen:2017:ECI:3141880.3141899,
 author = {Nyl{\'e}n, Aletta and Isom\"{o}tt\"{o}nen, Ville},
 title = {Exploring the Critical Incident Technique to Encourage Reflection During Project-based Learning},
 booktitle = {Proceedings of the 17th Koli Calling International Conference on Computing Education Research},
 series = {Koli Calling '17},
 year = {2017},
 isbn = {978-1-4503-5301-4},
 location = {Koli, Finland},
 pages = {88--97},
 numpages = {10},
 url = {http://doi.acm.org/10.1145/3141880.3141899},
 doi = {10.1145/3141880.3141899},
 acmid = {3141899},
 publisher = {ACM},
 address = {New York, NY, USA},
 keywords = {computing education, professional competencies, project based learning, reflection},
}

@inproceedings{Vat:2000:TES:333334.333351,
 author = {Vat, Kam Hou},
 title = {Training e-Commerce Support Personnel for Enterprises Through Action Learning},
 booktitle = {Proceedings of the 2000 ACM SIGCPR Conference on Computer Personnel Research},
 series = {SIGCPR '00},
 year = {2000},
 isbn = {1-58113-228-X},
 location = {Chicago, Illinois, USA},
 pages = {39--44},
 numpages = {6},
 url = {http://doi.acm.org/10.1145/333334.333351},
 doi = {10.1145/333334.333351},
 acmid = {333351},
 publisher = {ACM},
 address = {New York, NY, USA},
 keywords = {action learning, electronic commerce, informal study group},
}

@inproceedings{Saab:2005:SCD:1149293.1149365,
 author = {Saab, Nadira and van Joolingen, Wouter},
 title = {Supporting Collaborative Discovery Learning by Presenting a Tool},
 booktitle = {Proceedings of th 2005 Conference on Computer Support for Collaborative Learning: Learning 2005: The Next 10 Years!},
 series = {CSCL '05},
 year = {2005},
 isbn = {0-8058-5782-6},
 location = {Taipei, Taiwan},
 pages = {541--546},
 numpages = {6},
 url = {http://dl.acm.org/citation.cfm?id=1149293.1149365},
 acmid = {1149365},
 publisher = {International Society of the Learning Sciences},
 keywords = {cognitive tools, collaborative discovery learning, communication, discourse analysis},
}

@inproceedings{Camilleri:2013:CSI:2460296.2460341,
 author = {Camilleri, Vanessa and de Freitas, Sara and Montebello, Matthew and McDonagh-Smith, Paul},
 title = {A Case Study Inside Virtual Worlds: Use of Analytics for Immersive Spaces},
 booktitle = {Proceedings of the Third International Conference on Learning Analytics and Knowledge},
 series = {LAK '13},
 year = {2013},
 isbn = {978-1-4503-1785-6},
 location = {Leuven, Belgium},
 pages = {230--234},
 numpages = {5},
 url = {http://doi.acm.org/10.1145/2460296.2460341},
 doi = {10.1145/2460296.2460341},
 acmid = {2460341},
 publisher = {ACM},
 address = {New York, NY, USA},
 keywords = {corporate training, data analytics, higher education, pre-service teachers, virtual worlds},
}

@inproceedings{Argamon:1998:MAL:980451.980857,
 author = {Argamon, Shlomo and Dagan, Ido and Krymolowski, Yuval},
 title = {A Memory-based Approach to Learning Shallow Natural Language Patterns},
 booktitle = {Proceedings of the 17th International Conference on Computational Linguistics - Volume 1},
 series = {COLING '98},
 year = {1998},
 location = {Montreal, Quebec, Canada},
 pages = {67--73},
 numpages = {7},
 url = {https://doi.org/10.3115/980451.980857},
 doi = {10.3115/980451.980857},
 acmid = {980857},
 publisher = {Association for Computational Linguistics},
 address = {Stroudsburg, PA, USA},
}

@inproceedings{Argamon:1998:MAL:980845.980857,
 author = {Argamon, Shlomo and Dagan, Ido and Krymolowski, Yuval},
 title = {A Memory-based Approach to Learning Shallow Natural Language Patterns},
 booktitle = {Proceedings of the 36th Annual Meeting of the Association for Computational Linguistics and 17th International Conference on Computational Linguistics - Volume 1},
 series = {ACL '98/COLING '98},
 year = {1998},
 location = {Montreal, Quebec, Canada},
 pages = {67--73},
 numpages = {7},
 url = {https://doi.org/10.3115/980845.980857},
 doi = {10.3115/980845.980857},
 acmid = {980857},
 publisher = {Association for Computational Linguistics},
 address = {Stroudsburg, PA, USA},
}

@inproceedings{Trabelsi:2016:SAE:2978192.2978229,
 author = {Trabelsi, Zouheir and Al Matrooshi, Mohammed and Al Bairaq, Saeed},
 title = {A Smartphone App for Enhancing Students' Hands-on Learning on Network and DoS Attacks Traffic Generation},
 booktitle = {Proceedings of the 17th Annual Conference on Information Technology Education},
 series = {SIGITE '16},
 year = {2016},
 isbn = {978-1-4503-4452-4},
 location = {Boston, Massachusetts, USA},
 pages = {48--53},
 numpages = {6},
 url = {http://doi.acm.org/10.1145/2978192.2978229},
 doi = {10.1145/2978192.2978229},
 acmid = {2978229},
 publisher = {ACM},
 address = {New York, NY, USA},
 keywords = {android mobile educational apps, dos attacks, network packet generator, security hands-on labs, smartphones},
}

@inproceedings{Zahn:2005:ADV:1149293.1149390,
 author = {Zahn, Carmen and Hesse, Friedrich and Finke, Matthias and Pea, Roy and Mills, Michael and Rosen, Joseph},
 title = {Advanced Digital Video Technologies to Support Collaborative Learning in School Education and Beyond},
 booktitle = {Proceedings of th 2005 Conference on Computer Support for Collaborative Learning: Learning 2005: The Next 10 Years!},
 series = {CSCL '05},
 year = {2005},
 isbn = {0-8058-5782-6},
 location = {Taipei, Taiwan},
 pages = {737--742},
 numpages = {6},
 url = {http://dl.acm.org/citation.cfm?id=1149293.1149390},
 acmid = {1149390},
 publisher = {International Society of the Learning Sciences},
 keywords = {advanced video technologies in school education, cognitive tools, collaborative knowledge construction, teacher education},
}

@inproceedings{Ma:2007:DAC:1273496.1273569,
 author = {Ma, Yong and Lao, Shihong and Takikawa, Erina and Kawade, Masato},
 title = {Discriminant Analysis in Correlation Similarity Measure Space},
 booktitle = {Proceedings of the 24th International Conference on Machine Learning},
 series = {ICML '07},
 year = {2007},
 isbn = {978-1-59593-793-3},
 location = {Corvalis, Oregon, USA},
 pages = {577--584},
 numpages = {8},
 url = {http://doi.acm.org/10.1145/1273496.1273569},
 doi = {10.1145/1273496.1273569},
 acmid = {1273569},
 publisher = {ACM},
 address = {New York, NY, USA},
}

@inproceedings{Pea:2006:CCV:1150034.1150109,
 author = {Pea, Roy and Lindgren, Robb and Rosen, Joseph},
 title = {Computer-supported Collaborative Video Analysis},
 booktitle = {Proceedings of the 7th International Conference on Learning Sciences},
 series = {ICLS '06},
 year = {2006},
 isbn = {0-8058-6174-2},
 location = {Bloomington, Indiana},
 pages = {516--521},
 numpages = {6},
 url = {http://dl.acm.org/citation.cfm?id=1150034.1150109},
 acmid = {1150109},
 publisher = {International Society of the Learning Sciences},
}

@inproceedings{Arnold:2014:BIC:2567574.2567593,
 author = {Arnold, Kimberly E. and Lynch, Grace and Huston, Daniel and Wong, Lorna and Jorn, Linda and Olsen, Christopher W.},
 title = {Building Institutional Capacities and Competencies for Systemic Learning Analytics Initiatives},
 booktitle = {Proceedings of the Fourth International Conference on Learning Analytics And Knowledge},
 series = {LAK '14},
 year = {2014},
 isbn = {978-1-4503-2664-3},
 location = {Indianapolis, Indiana, USA},
 pages = {257--260},
 numpages = {4},
 url = {http://doi.acm.org/10.1145/2567574.2567593},
 doi = {10.1145/2567574.2567593},
 acmid = {2567593},
 publisher = {ACM},
 address = {New York, NY, USA},
 keywords = {capacity building, cultural change, higher education, leadership, learning analytics, sustainability, systemic application},
}

@inproceedings{Heersink:2010:MHS:1734263.1734413,
 author = {Heersink, Daniel and Moskal, Barbara M.},
 title = {Measuring High School Students' Attitudes Toward Computing},
 booktitle = {Proceedings of the 41st ACM Technical Symposium on Computer Science Education},
 series = {SIGCSE '10},
 year = {2010},
 isbn = {978-1-4503-0006-3},
 location = {Milwaukee, Wisconsin, USA},
 pages = {446--450},
 numpages = {5},
 url = {http://doi.acm.org/10.1145/1734263.1734413},
 doi = {10.1145/1734263.1734413},
 acmid = {1734413},
 publisher = {ACM},
 address = {New York, NY, USA},
 keywords = {assessment, high school computing, outreach},
}

@inproceedings{Brill:1994:RRP:1075812.1075869,
 author = {Brill, Eric},
 title = {A Report of Recent Progress in Transformation-based Error-driven Learning},
 booktitle = {Proceedings of the Workshop on Human Language Technology},
 series = {HLT '94},
 year = {1994},
 isbn = {1-55860-357-3},
 location = {Plainsboro, NJ},
 pages = {256--261},
 numpages = {6},
 url = {https://doi.org/10.3115/1075812.1075869},
 doi = {10.3115/1075812.1075869},
 acmid = {1075869},
 publisher = {Association for Computational Linguistics},
 address = {Stroudsburg, PA, USA},
}

@inproceedings{Kim:2019:SRS:3318396.3318416,
 author = {Kim, Dongsim and Lee, Myunghwa},
 title = {The Structural Relationship Among Smartphone Dependency, Teaching Presence, Deep Approach to Learning and Satisfaction in Online Deeper Learning},
 booktitle = {Proceedings of the 2019 8th International Conference on Educational and Information Technology},
 series = {ICEIT 2019},
 year = {2019},
 isbn = {978-1-4503-6267-2},
 location = {Cambridge, United Kingdom},
 pages = {27--32},
 numpages = {6},
 url = {http://doi.acm.org/10.1145/3318396.3318416},
 doi = {10.1145/3318396.3318416},
 acmid = {3318416},
 publisher = {ACM},
 address = {New York, NY, USA},
 keywords = {deep approach to learning, satisfaction with courses, smartphone dependency, teaching presence},
}

@inproceedings{Lee:2008:NAA:1596324.1596347,
 author = {Lee, John},
 title = {A Nearest-neighbor Approach to the Automatic Analysis of Ancient Greek Morphology},
 booktitle = {Proceedings of the Twelfth Conference on Computational Natural Language Learning},
 series = {CoNLL '08},
 year = {2008},
 isbn = {978-1-905593-48-4},
 location = {Manchester, United Kingdom},
 pages = {127--134},
 numpages = {8},
 url = {http://dl.acm.org/citation.cfm?id=1596324.1596347},
 acmid = {1596347},
 publisher = {Association for Computational Linguistics},
 address = {Stroudsburg, PA, USA},
}

@inproceedings{Decker:2013:LGG:2445196.2445269,
 author = {Decker, Adrienne and Lawley, Elizabeth Lane},
 title = {Life's a Game and the Game of Life: How Making a Game out of It Can Change Student Behavior},
 booktitle = {Proceeding of the 44th ACM Technical Symposium on Computer Science Education},
 series = {SIGCSE '13},
 year = {2013},
 isbn = {978-1-4503-1868-6},
 location = {Denver, Colorado, USA},
 pages = {233--238},
 numpages = {6},
 url = {http://doi.acm.org/10.1145/2445196.2445269},
 doi = {10.1145/2445196.2445269},
 acmid = {2445269},
 publisher = {ACM},
 address = {New York, NY, USA},
 keywords = {CS1, gamification, retention, student mentoring},
}

@inproceedings{Yuan:2012:MDM:2391181.2391190,
 author = {Yuan, Bo and Chen, Qingcai and Xiang, Yang and Wang, Xiaolong and Ge, Liping and Liu, Zengjian and Liao, Meng and Si, Xianbo},
 title = {A Mixed Deterministic Model for Coreference Resolution},
 booktitle = {Joint Conference on EMNLP and CoNLL - Shared Task},
 series = {CoNLL '12},
 year = {2012},
 location = {Jeju, Republic of Korea},
 pages = {76--82},
 numpages = {7},
 url = {http://dl.acm.org/citation.cfm?id=2391181.2391190},
 acmid = {2391190},
 publisher = {Association for Computational Linguistics},
 address = {Stroudsburg, PA, USA},
}

@inproceedings{Brill:1994:RAP:991250.991346,
 author = {Brill, Eric and Resnik, Philip},
 title = {A Rule-based Approach to Prepositional Phrase Attachment Disambiguation},
 booktitle = {Proceedings of the 15th Conference on Computational Linguistics - Volume 2},
 series = {COLING '94},
 year = {1994},
 location = {Kyoto, Japan},
 pages = {1198--1204},
 numpages = {7},
 url = {https://doi.org/10.3115/991250.991346},
 doi = {10.3115/991250.991346},
 acmid = {991346},
 publisher = {Association for Computational Linguistics},
 address = {Stroudsburg, PA, USA},
}

@inproceedings{Behzadan:2011:CAR:2431518.2431943,
 author = {Behzadan, Amir H. and Iqbal, Asif and Kamat, Vineet R.},
 title = {A Collaborative Augmented Reality Based Modeling Environment for Construction Engineering and Management Education},
 booktitle = {Proceedings of the Winter Simulation Conference},
 series = {WSC '11},
 year = {2011},
 location = {Phoenix, Arizona},
 pages = {3573--3581},
 numpages = {9},
 url = {http://dl.acm.org/citation.cfm?id=2431518.2431943},
 acmid = {2431943},
 publisher = {Winter Simulation Conference},
}

@inproceedings{Yeh:1998:PPS:980432.980803,
 author = {Yeh, Alexander S. and Vilain, Marc B.},
 title = {Some Properties of Preposition and Subordinate Conjunction Attachments},
 booktitle = {Proceedings of the 17th International Conference on Computational Linguistics - Volume 2},
 series = {COLING '98},
 year = {1998},
 location = {Montreal, Quebec, Canada},
 pages = {1436--1442},
 numpages = {7},
 url = {https://doi.org/10.3115/980432.980803},
 doi = {10.3115/980432.980803},
 acmid = {980803},
 publisher = {Association for Computational Linguistics},
 address = {Stroudsburg, PA, USA},
}

@inproceedings{Yeh:1998:PPS:980691.980803,
 author = {Yeh, Alexander S. and Vilain, Marc B.},
 title = {Some Properties of Preposition and Subordinate Conjunction Attachments},
 booktitle = {Proceedings of the 36th Annual Meeting of the Association for Computational Linguistics and 17th International Conference on Computational Linguistics - Volume 2},
 series = {ACL '98/COLING '98},
 year = {1998},
 location = {Montreal, Quebec, Canada},
 pages = {1436--1442},
 numpages = {7},
 url = {https://doi.org/10.3115/980691.980803},
 doi = {10.3115/980691.980803},
 acmid = {980803},
 publisher = {Association for Computational Linguistics},
 address = {Stroudsburg, PA, USA},
}

@inproceedings{Adnan:2010:ATC:1862303.1862316,
 author = {Adnan, Mehnaz and Warren, Jim and Orr, Martin},
 title = {Assessing Text Characteristics of Electronic Discharge Summaries and Their Implications for Patient Readability},
 booktitle = {Proceedings of the Fourth Australasian Workshop on Health Informatics and Knowledge Management - Volume 108},
 series = {HIKM '10},
 year = {2010},
 isbn = {978-1-920682-89-7},
 location = {Brisbane, Australia},
 pages = {77--84},
 numpages = {8},
 url = {http://dl.acm.org/citation.cfm?id=1862303.1862316},
 acmid = {1862316},
 publisher = {Australian Computer Society, Inc.},
 address = {Darlinghurst, Australia, Australia},
 keywords = {abbreviations, consumer health informatics, consumer vocabulary, electronic discharge summary, readability},
}

@inproceedings{Lacy:1997:ETT:266064.266125,
 author = {Lacy, Richard and Supra,Jr., John R.},
 title = {Expanding Technology Training: Using Digitized Video to Facilitate Web-based Learning},
 booktitle = {Proceedings of the 25th Annual ACM SIGUCCS Conference on User Services: Are You Ready?},
 series = {SIGUCCS '97},
 year = {1997},
 isbn = {0-89791-990-4},
 location = {Monterey, California, USA},
 pages = {197--204},
 numpages = {8},
 url = {http://doi.acm.org/10.1145/266064.266125},
 doi = {10.1145/266064.266125},
 acmid = {266125},
 publisher = {ACM},
 address = {New York, NY, USA},
}

@inproceedings{Cesario:2017:OGA:3130859.3131435,
 author = {Ces\'{a}rio, Vanessa and Radeta, Marko and Matos, S\'{o}nia and Nisi, Valentina},
 title = {The Ocean Game: Assessing Children's Engagement and Learning in a Museum Setting Using a Treasure-Hunt Game},
 booktitle = {Extended Abstracts Publication of the Annual Symposium on Computer-Human Interaction in Play},
 series = {CHI PLAY '17 Extended Abstracts},
 year = {2017},
 isbn = {978-1-4503-5111-9},
 location = {Amsterdam, The Netherlands},
 pages = {99--109},
 numpages = {11},
 url = {http://doi.acm.org/10.1145/3130859.3131435},
 doi = {10.1145/3130859.3131435},
 acmid = {3131435},
 publisher = {ACM},
 address = {New York, NY, USA},
 keywords = {children, engagement, indoor location, learning, museums, proximity sensing, treasure-hunt game},
}

@inproceedings{Shen:2017:BIU:3041021.3054152,
 author = {Shen, Chien-wen and Ho, Jung-tsung and Kuo, Ting-Chang and Luong, Thai Ha},
 title = {Behavioral Intention of Using Virtual Reality in Learning},
 booktitle = {Proceedings of the 26th International Conference on World Wide Web Companion},
 series = {WWW '17 Companion},
 year = {2017},
 isbn = {978-1-4503-4914-7},
 location = {Perth, Australia},
 pages = {129--137},
 numpages = {9},
 url = {https://doi.org/10.1145/3041021.3054152},
 doi = {10.1145/3041021.3054152},
 acmid = {3054152},
 publisher = {International World Wide Web Conferences Steering Committee},
 address = {Republic and Canton of Geneva, Switzerland},
 keywords = {behavioral intention, learning style, technology acceptance, virtual reality},
}

@inproceedings{Ku:2013:ACR:2479724.2479732,
 author = {Ku, Chih-Hao and Leroy, Gondy},
 title = {Automated Crime Report Analysis and Classification for e-Government and Decision Support},
 booktitle = {Proceedings of the 14th Annual International Conference on Digital Government Research},
 series = {dg.o '13},
 year = {2013},
 isbn = {978-1-4503-2057-3},
 location = {Quebec, Canada},
 pages = {18--27},
 numpages = {10},
 url = {http://doi.acm.org/10.1145/2479724.2479732},
 doi = {10.1145/2479724.2479732},
 acmid = {2479732},
 publisher = {ACM},
 address = {New York, NY, USA},
 keywords = {classification, natural language processing, similarity measures},
}

@inproceedings{Clear:2005:MPV:1082424.1082431,
 author = {Clear, Tony and Kassabova, Diana},
 title = {Motivational Patterns in Virtual Team Collaboration},
 booktitle = {Proceedings of the 7th Australasian Conference on Computing Education - Volume 42},
 series = {ACE '05},
 year = {2005},
 isbn = {1-920682-24-4},
 location = {Newcastle, New South Wales, Australia},
 pages = {51--58},
 numpages = {8},
 url = {http://dl.acm.org/citation.cfm?id=1082424.1082431},
 acmid = {1082431},
 publisher = {Australian Computer Society, Inc.},
 address = {Darlinghurst, Australia, Australia},
 keywords = {collaborative learning, computer science education research, extrinsic motivation, global virtual teams, groupware, intrinsic motivation, virtual teams},
}

@inproceedings{Furstenberg:2010:DWM:1841853.1841861,
 author = {Furstenberg, Gilberte},
 title = {A Dynamic, Web-based Methodology for Developing Intercultural Understanding},
 booktitle = {Proceedings of the 3rd International Conference on Intercultural Collaboration},
 series = {ICIC '10},
 year = {2010},
 isbn = {978-1-4503-0108-4},
 location = {Copenhagen, Denmark},
 pages = {49--58},
 numpages = {10},
 url = {http://doi.acm.org/10.1145/1841853.1841861},
 doi = {10.1145/1841853.1841861},
 acmid = {1841861},
 publisher = {ACM},
 address = {New York, NY, USA},
 keywords = {co-construction, dynamic methodology, internet, pedagogy, process},
}

@inproceedings{Ahmad:2018:ASM:3208955.3208958,
 author = {Ahmad, Ezak and McPhee, Jamie S. and Degens, Hans and Yap, Moi Hoon},
 title = {Automatic Segmentation of MRI Human Thigh Muscles: Combination of Reliable and Fast Framework Methods for Quadriceps, Femur and Marrow Segmentation},
 booktitle = {Proceedings of the 2018 8th International Conference on Biomedical Engineering and Technology},
 series = {ICBET '18},
 year = {2018},
 isbn = {978-1-4503-6369-3},
 location = {Bali, Indonesia},
 pages = {31--38},
 numpages = {8},
 url = {http://doi.acm.org/10.1145/3208955.3208958},
 doi = {10.1145/3208955.3208958},
 acmid = {3208958},
 publisher = {ACM},
 address = {New York, NY, USA},
 keywords = {Automatic segmentation, Image processing, Magnetic resonance imaging (MRI), Quadriceps, Thigh muscles},
}

@inproceedings{Lipponen:2002:EFC:1658616.1658627,
 author = {Lipponen, Lasse},
 title = {Exploring Foundations for Computer-supported Collaborative Learning},
 booktitle = {Proceedings of the Conference on Computer Support for Collaborative Learning: Foundations for a CSCL Community},
 series = {CSCL '02},
 year = {2002},
 location = {Boulder, Colorado},
 pages = {72--81},
 numpages = {10},
 url = {http://dl.acm.org/citation.cfm?id=1658616.1658627},
 acmid = {1658627},
 publisher = {International Society of the Learning Sciences},
 keywords = {collaboration, collaborative technology, learning theories},
}

@inproceedings{Ko:2018:IMA:3159450.3159475,
 author = {Ko, Andrew J. and Hwa, Leanne and Davis, Katie and Yip, Jason C.},
 title = {Informal Mentoring of Adolescents About Computing: Relationships, Roles, Qualities, and Impact},
 booktitle = {Proceedings of the 49th ACM Technical Symposium on Computer Science Education},
 series = {SIGCSE '18},
 year = {2018},
 isbn = {978-1-4503-5103-4},
 location = {Baltimore, Maryland, USA},
 pages = {598--603},
 numpages = {6},
 url = {http://doi.acm.org/10.1145/3159450.3159475},
 doi = {10.1145/3159450.3159475},
 acmid = {3159475},
 publisher = {ACM},
 address = {New York, NY, USA},
 keywords = {adolescence, informal mentorship, interest development},
}

@inproceedings{Maleko:2012:NPE:2325296.2325364,
 author = {Maleko, Mercy and Hamilton, Margaret and D'Souza, Daryl},
 title = {Novices' Perceptions and Experiences of a Mobile Social Learning Environment for Learning of Programming},
 booktitle = {Proceedings of the 17th ACM Annual Conference on Innovation and Technology in Computer Science Education},
 series = {ITiCSE '12},
 year = {2012},
 isbn = {978-1-4503-1246-2},
 location = {Haifa, Israel},
 pages = {285--290},
 numpages = {6},
 url = {http://doi.acm.org/10.1145/2325296.2325364},
 doi = {10.1145/2325296.2325364},
 acmid = {2325364},
 publisher = {ACM},
 address = {New York, NY, USA},
 keywords = {facebook, interactions, mobile learning, novice programmer, social learning, social networking},
}

@inproceedings{Mbogo:2019:SMM:3287324.3287447,
 author = {Mbogo, Chao},
 title = {A Structured Mentorship Model for Computer Science University Students in Kenya},
 booktitle = {Proceedings of the 50th ACM Technical Symposium on Computer Science Education},
 series = {SIGCSE '19},
 year = {2019},
 isbn = {978-1-4503-5890-3},
 location = {Minneapolis, MN, USA},
 pages = {1109--1115},
 numpages = {7},
 url = {http://doi.acm.org/10.1145/3287324.3287447},
 doi = {10.1145/3287324.3287447},
 acmid = {3287447},
 publisher = {ACM},
 address = {New York, NY, USA},
 keywords = {computer science, kenya, mentorship, model, university},
}

@inproceedings{Devey:2011:HFY:2459936.2459953,
 author = {Devey, Adrian and Carbone, Angela},
 title = {Helping First Year Novice Programming Students PASS},
 booktitle = {Proceedings of the Thirteenth Australasian Computing Education Conference - Volume 114},
 series = {ACE '11},
 year = {2011},
 isbn = {978-1-920682-94-1},
 location = {Perth, Australia},
 pages = {135--144},
 numpages = {10},
 url = {http://dl.acm.org/citation.cfm?id=2459936.2459953},
 acmid = {2459953},
 publisher = {Australian Computer Society, Inc.},
 address = {Darlinghurst, Australia, Australia},
 keywords = {first year programming, peer assisted study},
}

@inproceedings{Backhouse:2005:LIG:1095714.1095740,
 author = {Backhouse, Judy},
 title = {Learning Individual Group Skills for Software Analysis and Design in Africa},
 booktitle = {Proceedings of the 6th Conference on Information Technology Education},
 series = {SIGITE '05},
 year = {2005},
 isbn = {1-59593-252-6},
 location = {Newark, NJ, USA},
 pages = {107--112},
 numpages = {6},
 url = {http://doi.acm.org/10.1145/1095714.1095740},
 doi = {10.1145/1095714.1095740},
 acmid = {1095740},
 publisher = {ACM},
 address = {New York, NY, USA},
 keywords = {group skills, groups, learning groups, reflective practice, teams},
}

@inproceedings{MacDowell:2017:AMP:3141798.3141806,
 author = {MacDowell, Paula and Ralph, Rachel and Ng, David},
 title = {App Making for Pro-Social and Environmental Change at an Equity-Oriented Makeathon},
 booktitle = {Proceedings of the 7th Annual Conference on Creativity and Fabrication in Education},
 series = {FabLearn '17},
 year = {2017},
 isbn = {978-1-4503-6349-5},
 location = {Stanford, CA, USA},
 pages = {7:1--7:8},
 articleno = {7},
 numpages = {8},
 url = {http://doi.acm.org/10.1145/3141798.3141806},
 doi = {10.1145/3141798.3141806},
 acmid = {3141806},
 publisher = {ACM},
 address = {New York, NY, USA},
 keywords = {App making, change making, computing education, creative coding, equity, girls, greening making, maker pedagogy},
}

@inproceedings{Saada:2012:GOT:2404962.2405010,
 author = {Saada, Hajer and Dolques, Xavier and Huchard, Marianne and Nebut, Cl{\'e}mentine and Sahraoui, Houari},
 title = {Generation of Operational Transformation Rules from Examples of Model Transformations},
 booktitle = {Proceedings of the 15th International Conference on Model Driven Engineering Languages and Systems},
 series = {MODELS'12},
 year = {2012},
 isbn = {978-3-642-33665-2},
 location = {Innsbruck, Austria},
 pages = {546--561},
 numpages = {16},
 url = {https://doi.org/10.1007/978-3-642-33666-9_35},
 doi = {10.1007/978-3-642-33666-9_35},
 acmid = {2405010},
 publisher = {Springer-Verlag},
 address = {Berlin, Heidelberg},
}

@inproceedings{Linehan:2017:MHP:3027063.3052753,
 author = {Linehan, Conor and Kirman, Ben},
 title = {MC Hammer Presents: The Hammer of Transformative Nostalgification - Designing for Engagement at Scale},
 booktitle = {Proceedings of the 2017 CHI Conference Extended Abstracts on Human Factors in Computing Systems},
 series = {CHI EA '17},
 year = {2017},
 isbn = {978-1-4503-4656-6},
 location = {Denver, Colorado, USA},
 pages = {735--746},
 numpages = {12},
 url = {http://doi.acm.org/10.1145/3027063.3052753},
 doi = {10.1145/3027063.3052753},
 acmid = {3052753},
 publisher = {ACM},
 address = {New York, NY, USA},
 keywords = {stop! hammertime!},
}

@inproceedings{Farkas:2010:CST:1870535.1870536,
 author = {Farkas, Rich\'{a}rd and Vincze, Veronika and M\'{o}ra, Gy\"{o}rgy and Csirik, J\'{a}nos and Szarvas, Gy\"{o}rgy},
 title = {The CoNLL-2010 Shared Task: Learning to Detect Hedges and Their Scope in Natural Language Text},
 booktitle = {Proceedings of the Fourteenth Conference on Computational Natural Language Learning --- Shared Task},
 series = {CoNLL '10: Shared Task},
 year = {2010},
 isbn = {978-1-932432-84-8},
 location = {Uppsala, Sweden},
 pages = {1--12},
 numpages = {12},
 url = {http://dl.acm.org/citation.cfm?id=1870535.1870536},
 acmid = {1870536},
 publisher = {Association for Computational Linguistics},
 address = {Stroudsburg, PA, USA},
}

@inproceedings{Fischer:2007:DSE:1599600.1599602,
 author = {Fischer, Gerhard},
 title = {Designing Socio-technical Environments in Support of Meta-design and Social Creativity},
 booktitle = {Proceedings of the 8th Iternational Conference on Computer Supported Collaborative Learning},
 series = {CSCL'07},
 year = {2007},
 isbn = {978-0-6151-5436-7},
 location = {New Brunswick, New Jersey, USA},
 pages = {2--11},
 numpages = {10},
 url = {http://dl.acm.org/citation.cfm?id=1599600.1599602},
 acmid = {1599602},
 publisher = {International Society of the Learning Sciences},
 keywords = {design, gift-wrapping, meta-design, reflective communities, social creativity, social production, socio-technical environments, symmetry of ignorance},
}

@inproceedings{Martinez:2010:CSD:1709886.1709915,
 author = {Martinez, Christopher and Kemp, Randy and Birchfield, David and Campana, Ellen and Ingalls, Todd and Gkisedtanamoogk},
 title = {Culturally Sensible Digital Place-making: Design of the Mediated Xicanindio Resolana},
 booktitle = {Proceedings of the Fourth International Conference on Tangible, Embedded, and Embodied Interaction},
 series = {TEI '10},
 year = {2010},
 isbn = {978-1-60558-841-4},
 location = {Cambridge, Massachusetts, USA},
 pages = {161--168},
 numpages = {8},
 url = {http://doi.acm.org/10.1145/1709886.1709915},
 doi = {10.1145/1709886.1709915},
 acmid = {1709915},
 publisher = {ACM},
 address = {New York, NY, USA},
 keywords = {cultural interface, culturally sensible design, indigenous media, mixed-reality learning, social interaction},
}

@inproceedings{Markauskaite:2008:ESD:1599871.1599875,
 author = {Markauskaite, Lina and Reimann, Peter},
 title = {Enhancing and Scaling-up Design-based Research: The Potential of e-Research},
 booktitle = {Proceedings of the 8th International Conference on International Conference for the Learning Sciences - Volume 2},
 series = {ICLS'08},
 year = {2008},
 location = {Utrecht, The Netherlands},
 pages = {27--34},
 numpages = {8},
 url = {http://dl.acm.org/citation.cfm?id=1599871.1599875},
 acmid = {1599875},
 publisher = {International Society of the Learning Sciences},
}

@inproceedings{Vainio:2014:LHH:2686893.2686914,
 author = {Vainio, Janne and Korhonen, Ilkka and Kentt\"{a}, Outi and J\"{a}rvinen, Joona and Kaipainen, Kirsikka},
 title = {Learning Healthy Habits with a Mobile Self-intervention},
 booktitle = {Proceedings of the 8th International Conference on Pervasive Computing Technologies for Healthcare},
 series = {PervasiveHealth '14},
 year = {2014},
 isbn = {978-1-63190-011-2},
 location = {Oldenburg, Germany},
 pages = {150--157},
 numpages = {8},
 url = {http://dx.doi.org/10.4108/icst.pervasivehealth.2014.254951},
 doi = {10.4108/icst.pervasivehealth.2014.254951},
 acmid = {2686914},
 publisher = {ICST (Institute for Computer Sciences, Social-Informatics and Telecommunications Engineering)},
 address = {ICST, Brussels, Belgium, Belgium},
 keywords = {behavior change, dialogue support, habit change, learning theories, mobile intervention design, pilot test},
}

@inproceedings{Kulkarni:1992:PLG:130385.130405,
 author = {Kulkarni, S. R. and Tsitsiklis, J. N. and Mitter, S. K. and Zeitouni, O.},
 title = {PAC Learning with Generalized Samples and an Application to Stochastic Geometry},
 booktitle = {Proceedings of the Fifth Annual Workshop on Computational Learning Theory},
 series = {COLT '92},
 year = {1992},
 isbn = {0-89791-497-X},
 location = {Pittsburgh, Pennsylvania, USA},
 pages = {172--179},
 numpages = {8},
 url = {http://doi.acm.org/10.1145/130385.130405},
 doi = {10.1145/130385.130405},
 acmid = {130405},
 publisher = {ACM},
 address = {New York, NY, USA},
}

@inproceedings{Bakharia:2016:CFL:2883851.2883944,
 author = {Bakharia, Aneesha and Corrin, Linda and de Barba, Paula and Kennedy, Gregor and Ga\v{s}evi\'{c}, Dragan and Mulder, Raoul and Williams, David and Dawson, Shane and Lockyer, Lori},
 title = {A Conceptual Framework Linking Learning Design with Learning Analytics},
 booktitle = {Proceedings of the Sixth International Conference on Learning Analytics \& Knowledge},
 series = {LAK '16},
 year = {2016},
 isbn = {978-1-4503-4190-5},
 location = {Edinburgh, United Kingdom},
 pages = {329--338},
 numpages = {10},
 url = {http://doi.acm.org/10.1145/2883851.2883944},
 doi = {10.1145/2883851.2883944},
 acmid = {2883944},
 publisher = {ACM},
 address = {New York, NY, USA},
 keywords = {intervention design, learning analytics, learning design},
}

@article{Yadav:2017:CTT:3069398.2994591,
 author = {Yadav, Aman and Stephenson, Chris and Hong, Hai},
 title = {Computational Thinking for Teacher Education},
 journal = {Commun. ACM},
 issue_date = {April 2017},
 volume = {60},
 number = {4},
 month = mar,
 year = {2017},
 issn = {0001-0782},
 pages = {55--62},
 numpages = {8},
 url = {http://doi.acm.org/10.1145/2994591},
 doi = {10.1145/2994591},
 acmid = {2994591},
 publisher = {ACM},
 address = {New York, NY, USA},
}

@inproceedings{Satta:1997:STL:976909.979674,
 author = {Satta, Giorgio and Henderson, John C.},
 title = {String Transformation Learning},
 booktitle = {Proceedings of the 35th Annual Meeting of the Association for Computational Linguistics and Eighth Conference of the European Chapter of the Association for Computational Linguistics},
 series = {ACL '98/EACL '98},
 year = {1997},
 location = {Madrid, Spain},
 pages = {444--451},
 numpages = {8},
 url = {https://doi.org/10.3115/976909.979674},
 doi = {10.3115/976909.979674},
 acmid = {979674},
 publisher = {Association for Computational Linguistics},
 address = {Stroudsburg, PA, USA},
}

@inproceedings{Satta:1997:STL:979617.979674,
 author = {Satta, Giorgio and Henderson, John C.},
 title = {String Transformation Learning},
 booktitle = {Proceedings of the Eighth Conference on European Chapter of the Association for Computational Linguistics},
 series = {EACL '97},
 year = {1997},
 location = {Madrid, Spain},
 pages = {444--451},
 numpages = {8},
 url = {https://doi.org/10.3115/979617.979674},
 doi = {10.3115/979617.979674},
 acmid = {979674},
 publisher = {Association for Computational Linguistics},
 address = {Stroudsburg, PA, USA},
}

@inproceedings{Bayliss:2009:IDG:1536513.1536526,
 author = {Bayliss, Jessica D. and Schwartz, David I.},
 title = {Instructional Design As Game Design},
 booktitle = {Proceedings of the 4th International Conference on Foundations of Digital Games},
 series = {FDG '09},
 year = {2009},
 isbn = {978-1-60558-437-9},
 location = {Orlando, Florida},
 pages = {10--17},
 numpages = {8},
 url = {http://doi.acm.org/10.1145/1536513.1536526},
 doi = {10.1145/1536513.1536526},
 acmid = {1536526},
 publisher = {ACM},
 address = {New York, NY, USA},
 keywords = {computer science pedagogy, game design, instructional design},
}

@inproceedings{Stahl:2002:CTF:1658616.1658626,
 author = {Stahl, Gerry},
 title = {Contributions to a Theoretical Framework for CSCL},
 booktitle = {Proceedings of the Conference on Computer Support for Collaborative Learning: Foundations for a CSCL Community},
 series = {CSCL '02},
 year = {2002},
 location = {Boulder, Colorado},
 pages = {62--71},
 numpages = {10},
 url = {http://dl.acm.org/citation.cfm?id=1658616.1658626},
 acmid = {1658626},
 publisher = {International Society of the Learning Sciences},
 keywords = {CSCL, artifacts, collaborative knowledge building, computer support, conversation analysis, perspectives, theory},
}

@inproceedings{Zahn:2010:DVT:1854360.1854439,
 author = {Zahn, Carmen and Krauskopf, Karsten and Hesse, Friedrich W. and Pea, Roy},
 title = {Digital Video Tools in the Classroom: Empirical Studies on Constructivist Learning with Audio-visual Media in the Domain of History},
 booktitle = {Proceedings of the 9th International Conference of the Learning Sciences - Volume 1},
 series = {ICLS '10},
 year = {2010},
 location = {Chicago, Illinois},
 pages = {620--627},
 numpages = {8},
 url = {http://dl.acm.org/citation.cfm?id=1854360.1854439},
 acmid = {1854439},
 publisher = {International Society of the Learning Sciences},
}

@inproceedings{Newstetter:2008:LLI:1599936.1600030,
 author = {Newstetter, Wendy and Johri, Aditya and Wulf, Volker},
 title = {Laboratory Learning: Industry and University Research As Site for Situated and Distributed Cognition},
 booktitle = {Proceedings of the 8th International Conference on International Conference for the Learning Sciences - Volume 3},
 series = {ICLS'08},
 year = {2008},
 location = {Utrecht, The Netherlands},
 pages = {290--297},
 numpages = {8},
 url = {http://dl.acm.org/citation.cfm?id=1599936.1600030},
 acmid = {1600030},
 publisher = {International Society of the Learning Sciences},
}

@inproceedings{Antoniou:2015:MSC:2801948.2801959,
 author = {Antoniou, Angeliki and O'Brien, Jamie and Bardon, Tiphaine and Barnes, Andrew and Virk, Dane},
 title = {Micro-augmentations: Situated Calibration of a Novel Non-tactile, Peripheral Museum Technology},
 booktitle = {Proceedings of the 19th Panhellenic Conference on Informatics},
 series = {PCI '15},
 year = {2015},
 isbn = {978-1-4503-3551-5},
 location = {Athens, Greece},
 pages = {229--234},
 numpages = {6},
 url = {http://doi.acm.org/10.1145/2801948.2801959},
 doi = {10.1145/2801948.2801959},
 acmid = {2801959},
 publisher = {ACM},
 address = {New York, NY, USA},
 keywords = {augmented reality, museum},
}

@inproceedings{Balaban:2015:ECM:2876341.2876355,
 author = {Balaban, Mariusz and Russell, Sara and Mastaglio, Thomas W. and Dykes, Paulette},
 title = {The Evaluation of a Constructive Modeling and Simulation Approach in Teaching Port Management Skills},
 booktitle = {Proceedings of the 48th Annual Simulation Symposium},
 series = {ANSS '15},
 year = {2015},
 isbn = {978-1-5108-0099-1},
 location = {Alexandria, Virginia},
 pages = {102--110},
 numpages = {9},
 url = {http://dl.acm.org/citation.cfm?id=2876341.2876355},
 acmid = {2876355},
 publisher = {Society for Computer Simulation International},
 address = {San Diego, CA, USA},
 keywords = {logistics, manager skill set, modeling and simulation teaching, port management},
}

@inproceedings{Kepler:2010:VMM:1868701.1868704,
 author = {Kepler, Fabio Natanael and Finger, Marcelo},
 title = {Variable-length Markov Models and Ambiguous Words in Portuguese},
 booktitle = {Proceedings of the NAACL HLT 2010 Young Investigators Workshop on Computational Approaches to Languages of the Americas},
 series = {YIWCALA '10},
 year = {2010},
 location = {Los Angeles, California},
 pages = {15--23},
 numpages = {9},
 url = {http://dl.acm.org/citation.cfm?id=1868701.1868704},
 acmid = {1868704},
 publisher = {Association for Computational Linguistics},
 address = {Stroudsburg, PA, USA},
}

@inproceedings{Shyba:2005:DCP:1056224.1056251,
 author = {Shyba, Lori and Tam, James},
 title = {Developing Character Personas and Scenarios: Vital Steps in Theatrical Performance and HCI Goal-directed Design},
 booktitle = {Proceedings of the 5th Conference on Creativity \&Amp; Cognition},
 series = {C\&amp;C '05},
 year = {2005},
 isbn = {1-59593-025-6},
 location = {London, United Kingdom},
 pages = {187--194},
 numpages = {8},
 url = {http://doi.acm.org/10.1145/1056224.1056251},
 doi = {10.1145/1056224.1056251},
 acmid = {1056251},
 publisher = {ACM},
 address = {New York, NY, USA},
 keywords = {creativity},
}

@inproceedings{Tan:2018:DAB:3278721.3278725,
 author = {Tan, Sarah and Caruana, Rich and Hooker, Giles and Lou, Yin},
 title = {Distill-and-Compare: Auditing Black-Box Models Using Transparent Model Distillation},
 booktitle = {Proceedings of the 2018 AAAI/ACM Conference on AI, Ethics, and Society},
 series = {AIES '18},
 year = {2018},
 isbn = {978-1-4503-6012-8},
 location = {New Orleans, LA, USA},
 pages = {303--310},
 numpages = {8},
 url = {http://doi.acm.org/10.1145/3278721.3278725},
 doi = {10.1145/3278721.3278725},
 acmid = {3278725},
 publisher = {ACM},
 address = {New York, NY, USA},
 keywords = {black-box models, distillation, fairness, interpretability},
}

@inproceedings{Palmer:1997:TRA:979617.979658,
 author = {Palmer, David D.},
 title = {A Trainable Rule-based Algorithm for Word Segmentation},
 booktitle = {Proceedings of the Eighth Conference on European Chapter of the Association for Computational Linguistics},
 series = {EACL '97},
 year = {1997},
 location = {Madrid, Spain},
 pages = {321--328},
 numpages = {8},
 url = {https://doi.org/10.3115/979617.979658},
 doi = {10.3115/979617.979658},
 acmid = {979658},
 publisher = {Association for Computational Linguistics},
 address = {Stroudsburg, PA, USA},
}

@inproceedings{Palmer:1997:TRA:976909.979658,
 author = {Palmer, David D.},
 title = {A Trainable Rule-based Algorithm for Word Segmentation},
 booktitle = {Proceedings of the 35th Annual Meeting of the Association for Computational Linguistics and Eighth Conference of the European Chapter of the Association for Computational Linguistics},
 series = {ACL '98/EACL '98},
 year = {1997},
 location = {Madrid, Spain},
 pages = {321--328},
 numpages = {8},
 url = {https://doi.org/10.3115/976909.979658},
 doi = {10.3115/976909.979658},
 acmid = {979658},
 publisher = {Association for Computational Linguistics},
 address = {Stroudsburg, PA, USA},
}

@inproceedings{Clarke-Midura:2018:NPM:3159450.3159525,
 author = {Clarke-Midura, Jody and Poole, Frederick and Pantic, Katarina and Hamilton, Megan and Sun, Chongning and Allan, Vicki},
 title = {How Near Peer Mentoring Affects Middle School Mentees},
 booktitle = {Proceedings of the 49th ACM Technical Symposium on Computer Science Education},
 series = {SIGCSE '18},
 year = {2018},
 isbn = {978-1-4503-5103-4},
 location = {Baltimore, Maryland, USA},
 pages = {664--669},
 numpages = {6},
 url = {http://doi.acm.org/10.1145/3159450.3159525},
 doi = {10.1145/3159450.3159525},
 acmid = {3159525},
 publisher = {ACM},
 address = {New York, NY, USA},
 keywords = {app inventor, middle school youth, near-peer mentors},
}

@inproceedings{AlShibli:2018:AID:3293663.3297155,
 author = {Al Shibli, Murad and Marques, Pascual and Spiridon, Elena},
 title = {Artificial Intelligent Drone-Based Encrypted Machine Learning of Image Extraction Using Pretrained Convolutional Neural Network (CNN)},
 booktitle = {Proceedings of the 2018 International Conference on Artificial Intelligence and Virtual Reality},
 series = {AIVR 2018},
 year = {2018},
 isbn = {978-1-4503-6641-0},
 location = {Nagoya, Japan},
 pages = {72--82},
 numpages = {11},
 url = {http://doi.acm.org/10.1145/3293663.3297155},
 doi = {10.1145/3293663.3297155},
 acmid = {3297155},
 publisher = {ACM},
 address = {New York, NY, USA},
 keywords = {Artificial intelligent, CNN, Cryptology, Drone, Image extraction, Machine learning, Poisson Distribution, Pretrained convolutional neural networks, SVD, UAV, XOR},
}

@inproceedings{Fitzgerald:2019:HTA:3306127.3331842,
 author = {Fitzgerald, Tesca and Short, Elaine and Goel, Ashok and Thomaz, Andrea},
 title = {Human-guided Trajectory Adaptation for Tool Transfer},
 booktitle = {Proceedings of the 18th International Conference on Autonomous Agents and MultiAgent Systems},
 series = {AAMAS '19},
 year = {2019},
 isbn = {978-1-4503-6309-9},
 location = {Montreal QC, Canada},
 pages = {1350--1358},
 numpages = {9},
 url = {http://dl.acm.org/citation.cfm?id=3306127.3331842},
 acmid = {3331842},
 publisher = {International Foundation for Autonomous Agents and Multiagent Systems},
 address = {Richland, SC},
 keywords = {human-robot interaction, interactive learning, transfer learning},
}

@inproceedings{Olsson:2009:CLV:1571941.1571959,
 author = {Olsson, J. Scott and Oard, Douglas W.},
 title = {Combining LVCSR and Vocabulary-independent Ranked Utterance Retrieval for Robust Speech Search},
 booktitle = {Proceedings of the 32Nd International ACM SIGIR Conference on Research and Development in Information Retrieval},
 series = {SIGIR '09},
 year = {2009},
 isbn = {978-1-60558-483-6},
 location = {Boston, MA, USA},
 pages = {91--98},
 numpages = {8},
 url = {http://doi.acm.org/10.1145/1571941.1571959},
 doi = {10.1145/1571941.1571959},
 acmid = {1571959},
 publisher = {ACM},
 address = {New York, NY, USA},
 keywords = {ranked utterance retrieval, speech retrieval, vocabulary-independent spoken term detection},
}

@inproceedings{Swain:2009:IAC:1536513.1536550,
 author = {Swain, Chris},
 title = {Improving Academic-industry Collaboration for Game Research and Education},
 booktitle = {Proceedings of the 4th International Conference on Foundations of Digital Games},
 series = {FDG '09},
 year = {2009},
 isbn = {978-1-60558-437-9},
 location = {Orlando, Florida},
 pages = {191--198},
 numpages = {8},
 url = {http://doi.acm.org/10.1145/1536513.1536550},
 doi = {10.1145/1536513.1536550},
 acmid = {1536550},
 publisher = {ACM},
 address = {New York, NY, USA},
 keywords = {academic-industry collaboration, game design, game education, game innovation, game research, software management},
}

@article{Lin:2013:SAV:2536764.2536773,
 author = {Lin, Kai-Hsiang and Zhuang, Xiaodan and Goudeseune, Camille and King, Sarah and Hasegawa-Johnson, Mark and Huang, Thomas S.},
 title = {Saliency-maximized Audio Visualization and Efficient Audio-visual Browsing for Faster-than-real-time Human Acoustic Event Detection},
 journal = {ACM Trans. Appl. Percept.},
 issue_date = {October 2013},
 volume = {10},
 number = {4},
 month = oct,
 year = {2013},
 issn = {1544-3558},
 pages = {26:1--26:16},
 articleno = {26},
 numpages = {16},
 url = {http://doi.acm.org/10.1145/2536764.2536773},
 doi = {10.1145/2536764.2536773},
 acmid = {2536773},
 publisher = {ACM},
 address = {New York, NY, USA},
 keywords = {Visual salience/saliency, acoustic event detection, audio visualization},
}

@article{Kohavi:2000:KOR:380995.381033,
 author = {Kohavi, Ron and Brodley, Carla E. and Frasca, Brian and Mason, Llew and Zheng, Zijian},
 title = {KDD-Cup 2000 Organizers' Report: Peeling the Onion},
 journal = {SIGKDD Explor. Newsl.},
 issue_date = {Dec. 2000},
 volume = {2},
 number = {2},
 month = dec,
 year = {2000},
 issn = {1931-0145},
 pages = {86--93},
 numpages = {8},
 url = {http://doi.acm.org/10.1145/380995.381033},
 doi = {10.1145/380995.381033},
 acmid = {381033},
 publisher = {ACM},
 address = {New York, NY, USA},
 keywords = {KDD-Cup, best practices, competition, data cleansing, data mining, e-commerce, insight, peeling the onion, real-world data},
}

@inproceedings{Loukis:2016:EES:3003733.3003800,
 author = {Loukis, Euripidis and Arvanitis, Spyros and Kyriakou, Niki and Famelou, Anna and Chatzianastasiadis, Michail Marios and Michailidou, Foteini},
 title = {ERP, e-Commerce, Social Media and Absorptive Capacity of Greek Firms: An Empirical Investigation},
 booktitle = {Proceedings of the 20th Pan-Hellenic Conference on Informatics},
 series = {PCI '16},
 year = {2016},
 isbn = {978-1-4503-4789-1},
 location = {Patras, Greece},
 pages = {26:1--26:6},
 articleno = {26},
 numpages = {6},
 url = {http://doi.acm.org/10.1145/3003733.3003800},
 doi = {10.1145/3003733.3003800},
 acmid = {3003800},
 publisher = {ACM},
 address = {New York, NY, USA},
 keywords = {Absorptive capacity, ERP, Social Media, e-Commerce},
}

@inproceedings{Isomottonen:2018:SGG:3197091.3197126,
 author = {Isom\"{o}tt\"{o}nen, Ville and Nyl{\'e}n, Aletta},
 title = {How Students Get Going: Triggers for Students\&\#39; Learning in Project-based Education},
 booktitle = {Proceedings of the 23rd Annual ACM Conference on Innovation and Technology in Computer Science Education},
 series = {ITiCSE 2018},
 year = {2018},
 isbn = {978-1-4503-5707-4},
 location = {Larnaca, Cyprus},
 pages = {117--122},
 numpages = {6},
 url = {http://doi.acm.org/10.1145/3197091.3197126},
 doi = {10.1145/3197091.3197126},
 acmid = {3197126},
 publisher = {ACM},
 address = {New York, NY, USA},
 keywords = {Project-based learning, critical incident technique, learning triggers, reflection},
}

@inproceedings{Adler:2006:UMH:1220175.1220259,
 author = {Adler, Meni and Elhadad, Michael},
 title = {An Unsupervised Morpheme-based HMM for Hebrew Morphological Disambiguation},
 booktitle = {Proceedings of the 21st International Conference on Computational Linguistics and the 44th Annual Meeting of the Association for Computational Linguistics},
 series = {ACL-44},
 year = {2006},
 location = {Sydney, Australia},
 pages = {665--672},
 numpages = {8},
 url = {https://doi.org/10.3115/1220175.1220259},
 doi = {10.3115/1220175.1220259},
 acmid = {1220259},
 publisher = {Association for Computational Linguistics},
 address = {Stroudsburg, PA, USA},
}

@inproceedings{Carlone:2008:SSI:1599936.1600020,
 author = {Carlone, Heidi and Cook, Melissa and Wong, Jacqueline and Sandoval, William A. and Barton, Angela Calabrese and Tan, Edna and Brickhouse, Nancy},
 title = {Seeing and Supporting Identity Development in Science Education},
 booktitle = {Proceedings of the 8th International Conference on International Conference for the Learning Sciences - Volume 3},
 series = {ICLS'08},
 year = {2008},
 location = {Utrecht, The Netherlands},
 pages = {214--220},
 numpages = {7},
 url = {http://dl.acm.org/citation.cfm?id=1599936.1600020},
 acmid = {1600020},
 publisher = {International Society of the Learning Sciences},
}

@inproceedings{Cosculluela:2018:SPA:3282308.3282327,
 author = {Cosculluela, Jos{\'e} Carlos Ciria},
 title = {A Set of Patterns in Adult Education},
 booktitle = {Proceedings of the 23rd European Conference on Pattern Languages of Programs},
 series = {EuroPLoP '18},
 year = {2018},
 isbn = {978-1-4503-6387-7},
 location = {Irsee, Germany},
 pages = {18:1--18:12},
 articleno = {18},
 numpages = {12},
 url = {http://doi.acm.org/10.1145/3282308.3282327},
 doi = {10.1145/3282308.3282327},
 acmid = {3282327},
 publisher = {ACM},
 address = {New York, NY, USA},
 keywords = {Adult Education, Andragogy, Educational patterns, Lifelong learning},
}

@inproceedings{Roschelle:2002:WWS:1658616.1658624,
 author = {Roschelle, Jeremy and Pea, Roy},
 title = {A Walk on the WILD Side: How Wireless Handhelds May Change CSCL},
 booktitle = {Proceedings of the Conference on Computer Support for Collaborative Learning: Foundations for a CSCL Community},
 series = {CSCL '02},
 year = {2002},
 location = {Boulder, Colorado},
 pages = {51--60},
 numpages = {10},
 url = {http://dl.acm.org/citation.cfm?id=1658616.1658624},
 acmid = {1658624},
 publisher = {International Society of the Learning Sciences},
 keywords = {CSCL controversies, WILD (\&lt;u\&gt;w\&lt;/u\&gt;ireless \&lt;u\&gt;i\&lt;/u\&gt;nternet \&lt;u\&gt;l\&lt;/u\&gt;earning \&lt;u\&gt;d\&lt;/u\&gt;evices), augmentation frameworks, classroom workflow, collaborative learning architectures, data mining, design, handhelds, shared knowledge, wireless networking},
}

@article{Tan:2016:CAT:2942443.2942448,
 author = {Tan, Tian and Qian, Yanmin and Yu, Kai},
 title = {Cluster Adaptive Training for Deep Neural Network Based Acoustic Model},
 journal = {IEEE/ACM Trans. Audio, Speech and Lang. Proc.},
 issue_date = {March 2016},
 volume = {24},
 number = {3},
 month = mar,
 year = {2016},
 issn = {2329-9290},
 pages = {459--468},
 numpages = {10},
 url = {http://dx.doi.org/10.1109/TASLP.2015.2511922},
 doi = {10.1109/TASLP.2015.2511922},
 acmid = {2942448},
 publisher = {IEEE Press},
 address = {Piscataway, NJ, USA},
 keywords = {adaptation, cluster adaptive training, deep neural network},
}

@inproceedings{Gratch:2014:OCI:2615731.2615748,
 author = {Gratch, Jonathan and Lucas, Gale M. and King, Aisha Aisha and Morency, Louis-Philippe},
 title = {It's Only a Computer: The Impact of Human-agent Interaction in Clinical Interviews},
 booktitle = {Proceedings of the 2014 International Conference on Autonomous Agents and Multi-agent Systems},
 series = {AAMAS '14},
 year = {2014},
 isbn = {978-1-4503-2738-1},
 location = {Paris, France},
 pages = {85--92},
 numpages = {8},
 url = {http://dl.acm.org/citation.cfm?id=2615731.2615748},
 acmid = {2615748},
 publisher = {International Foundation for Autonomous Agents and Multiagent Systems},
 address = {Richland, SC},
 keywords = {clinical interviews, computer-assisted assessment, impression management, medical interviews, self-disclosure, virtual humans},
}

@inproceedings{Penzenstadler:2018:EIT:3183377.3183382,
 author = {Penzenstadler, Birgit and Betz, Stefanie and Venters, Colin C. and Chitchyan, Ruzanna and Porras, Jari and Seyff, Norbert and Duboc, Leticia and Becker, Christoph},
 title = {Everything is INTERRELATED: Teaching Software Engineering for Sustainability},
 booktitle = {Proceedings of the 40th International Conference on Software Engineering: Software Engineering Education and Training},
 series = {ICSE-SEET '18},
 year = {2018},
 isbn = {978-1-4503-5660-2},
 location = {Gothenburg, Sweden},
 pages = {153--162},
 numpages = {10},
 url = {http://doi.acm.org/10.1145/3183377.3183382},
 doi = {10.1145/3183377.3183382},
 acmid = {3183382},
 publisher = {ACM},
 address = {New York, NY, USA},
 keywords = {pedagogy, software engineering, sustainability, sustainability design, sustainability education},
}

@inproceedings{Holbert:2016:BTB:2930674.2930718,
 author = {Holbert, Nathan},
 title = {Bots for Tots: Building Inclusive Makerspaces by Leveraging "Ways of Knowing"},
 booktitle = {Proceedings of the The 15th International Conference on Interaction Design and Children},
 series = {IDC '16},
 year = {2016},
 isbn = {978-1-4503-4313-8},
 location = {Manchester, United Kingdom},
 pages = {79--88},
 numpages = {10},
 url = {http://doi.acm.org/10.1145/2930674.2930718},
 doi = {10.1145/2930674.2930718},
 acmid = {2930718},
 publisher = {ACM},
 address = {New York, NY, USA},
 keywords = {Construction, STEM, craft, gender diversity, making, technology},
}

@inproceedings{Celina:2016:SMM:2901790.2901848,
 author = {Celina, Hanna and Kharrufa, Ahmed and Preston, Anne and Comber, Rob and Olivier, Patrick},
 title = {SOLE Meets MOOC: Designing Infrastructure for Online Self-organised Learning with a Social Mission},
 booktitle = {Proceedings of the 2016 ACM Conference on Designing Interactive Systems},
 series = {DIS '16},
 year = {2016},
 isbn = {978-1-4503-4031-1},
 location = {Brisbane, QLD, Australia},
 pages = {484--496},
 numpages = {13},
 url = {http://doi.acm.org/10.1145/2901790.2901848},
 doi = {10.1145/2901790.2901848},
 acmid = {2901848},
 publisher = {ACM},
 address = {New York, NY, USA},
 keywords = {activism, civic education, civic engagement, e-learning, mooc, online learning, sole},
}

@inproceedings{Tisza:2019:RAG:3335055.3335065,
 author = {Tisza, Gabriella and Papavlasopoulou, Sofia and Christidou, Dimitra and Voulgari, Iro and Iivari, Netta and Giannakos, Michail N. and Kinnula, Marianne and Markopoulos, Panos},
 title = {The Role of Age and Gender on Implementing Informal and Non-formal Science Learning Activities for Children},
 booktitle = {Proceedings of the FabLearn Europe 2019 Conference},
 series = {FabLearn Europe '19},
 year = {2019},
 isbn = {978-1-4503-6266-5},
 location = {Oulu, Finland},
 pages = {10:1--10:9},
 articleno = {10},
 numpages = {9},
 url = {http://doi.acm.org/10.1145/3335055.3335065},
 doi = {10.1145/3335055.3335065},
 acmid = {3335065},
 publisher = {ACM},
 address = {New York, NY, USA},
 keywords = {Age, Coding, Education, Gender, Informal, Making, Non-formal, Play, STEM, Science learning},
}

@inproceedings{Lui:2014:SLC:2556288.2557162,
 author = {Lui, Michelle and Kuhn, Alex C. and Acosta, Alisa and Quintana, Chris and Slotta, James D.},
 title = {Supporting Learners in Collecting and Exploring Data from Immersive Simulations in Collective Inquiry},
 booktitle = {Proceedings of the SIGCHI Conference on Human Factors in Computing Systems},
 series = {CHI '14},
 year = {2014},
 isbn = {978-1-4503-2473-1},
 location = {Toronto, Ontario, Canada},
 pages = {2103--2112},
 numpages = {10},
 url = {http://doi.acm.org/10.1145/2556288.2557162},
 doi = {10.1145/2556288.2557162},
 acmid = {2557162},
 publisher = {ACM},
 address = {New York, NY, USA},
 keywords = {digitally augmented physical spaces, large displays, mobile computing, multi-device environments, science inquiry, smart classroom, visualizations},
}

@inproceedings{Lui:2014:SLC:2611528.2557162,
 author = {Lui, Michelle and Kuhn, Alex C. and Acosta, Alisa and Quintana, Chris and Slotta, James D.},
 title = {Supporting Learners in Collecting and Exploring Data from Immersive Simulations in Collective Inquiry},
 booktitle = {Proceedings of the 32Nd Annual ACM Conference on Human Factors in Computing Systems},
 series = {CHI '14},
 year = {2014},
 isbn = {978-1-4503-2473-1},
 location = {Toronto, Ontario, Canada},
 pages = {2103--2112},
 numpages = {10},
 url = {http://doi.acm.org/10.1145/2556288.2557162},
 doi = {10.1145/2556288.2557162},
 acmid = {2557162},
 publisher = {ACM},
 address = {New York, NY, USA},
 keywords = {digitally augmented physical spaces, large displays, mobile computing, multi-device environments, science inquiry, smart classroom, visualizations},
}

@article{Yin:2018:PBP:3197517.3201288,
 author = {Yin, Kangxue and Huang, Hui and Cohen-Or, Daniel and Zhang, Hao},
 title = {P2P-NET: Bidirectional Point Displacement Net for Shape Transform},
 journal = {ACM Trans. Graph.},
 issue_date = {August 2018},
 volume = {37},
 number = {4},
 month = jul,
 year = {2018},
 issn = {0730-0301},
 pages = {152:1--152:13},
 articleno = {152},
 numpages = {13},
 url = {http://doi.acm.org/10.1145/3197517.3201288},
 doi = {10.1145/3197517.3201288},
 acmid = {3201288},
 publisher = {ACM},
 address = {New York, NY, USA},
 keywords = {deep neural network, point cloud processing, point set transform, point-wise displacement},
}

@article{Mori:2013:EAD:2460376.2460381,
 author = {Mori, Daniele and Berta, Riccardo and De Gloria, Alessandro and Fiore, Valentina and Magnani, Lauto},
 title = {An Easy to Author Dialogue Management System for Serious Games},
 journal = {J. Comput. Cult. Herit.},
 issue_date = {May 2013},
 volume = {6},
 number = {2},
 month = may,
 year = {2013},
 issn = {1556-4673},
 pages = {10:1--10:15},
 articleno = {10},
 numpages = {15},
 url = {http://doi.acm.org/10.1145/2460376.2460381},
 doi = {10.1145/2460376.2460381},
 acmid = {2460381},
 publisher = {ACM},
 address = {New York, NY, USA},
 keywords = {Serious games, and natural language, conversational agents, dialogue systems, nonplayer character},
}

@inproceedings{Ko:2017:CMS:3105726.3106177,
 author = {Ko, Andrew J. and Davis, Katie},
 title = {Computing Mentorship in a Software Boomtown: Relationships to Adolescent Interest and Beliefs},
 booktitle = {Proceedings of the 2017 ACM Conference on International Computing Education Research},
 series = {ICER '17},
 year = {2017},
 isbn = {978-1-4503-4968-0},
 location = {Tacoma, Washington, USA},
 pages = {236--244},
 numpages = {9},
 url = {http://doi.acm.org/10.1145/3105726.3106177},
 doi = {10.1145/3105726.3106177},
 acmid = {3106177},
 publisher = {ACM},
 address = {New York, NY, USA},
 keywords = {computing education, interest development, mentorship},
}

@article{Orji:2013:LSG:2559051.2559081,
 author = {Orji, Rita and Vassileva, Julita and Mandryk, Regan L.},
 title = {LunchTime: A Slow-casual Game for Long-term Dietary Behavior Change},
 journal = {Personal Ubiquitous Comput.},
 issue_date = {August    2013},
 volume = {17},
 number = {6},
 month = aug,
 year = {2013},
 issn = {1617-4909},
 pages = {1211--1221},
 numpages = {11},
 url = {http://dx.doi.org/10.1007/s00779-012-0590-6},
 doi = {10.1007/s00779-012-0590-6},
 acmid = {2559081},
 publisher = {Springer-Verlag},
 address = {London, UK, UK},
 keywords = {Attitude change, Behavior change, Casual games, Design, Diet, Food, Goal-based, Health, Human factors, Nutrition, Persuasive game, Slow technology, Theory},
}

@inproceedings{Iacovides:2015:MBF:2702123.2702204,
 author = {Iacovides, Ioanna and Cox, Anna L.},
 title = {Moving Beyond Fun: Evaluating Serious Experience in Digital Games},
 booktitle = {Proceedings of the 33rd Annual ACM Conference on Human Factors in Computing Systems},
 series = {CHI '15},
 year = {2015},
 isbn = {978-1-4503-3145-6},
 location = {Seoul, Republic of Korea},
 pages = {2245--2254},
 numpages = {10},
 url = {http://doi.acm.org/10.1145/2702123.2702204},
 doi = {10.1145/2702123.2702204},
 acmid = {2702204},
 publisher = {ACM},
 address = {New York, NY, USA},
 keywords = {critical play, engagement, evaluation, games, negative experience, positive experience, serious experience},
}

@inproceedings{Palalas:2017:DPA:3136907.3136934,
 author = {Palalas, Agnieszka and Wark, Norine},
 title = {Design Principles for an Adult Literacy Mobile Learning Solution},
 booktitle = {Proceedings of the 16th World Conference on Mobile and Contextual Learning},
 series = {mLearn 2017},
 year = {2017},
 isbn = {978-1-4503-5255-0},
 location = {Larnaca, Cyprus},
 pages = {27:1--27:8},
 articleno = {27},
 numpages = {8},
 url = {http://doi.acm.org/10.1145/3136907.3136934},
 doi = {10.1145/3136907.3136934},
 acmid = {3136934},
 publisher = {ACM},
 address = {New York, NY, USA},
 keywords = {Adult literacy, context, design guidelines, design principles, emotional barriers, learner-determined, mobile literacy learning solution, mobility, motivation},
}

@inproceedings{Mols:2016:IDR:2971485.2971494,
 author = {Mols, Ine and van den Hoven, Elise and Eggen, Berry},
 title = {Informing Design for Reflection: An Overview of Current Everyday Practices},
 booktitle = {Proceedings of the 9th Nordic Conference on Human-Computer Interaction},
 series = {NordiCHI '16},
 year = {2016},
 isbn = {978-1-4503-4763-1},
 location = {Gothenburg, Sweden},
 pages = {21:1--21:10},
 articleno = {21},
 numpages = {10},
 url = {http://doi.acm.org/10.1145/2971485.2971494},
 doi = {10.1145/2971485.2971494},
 acmid = {2971494},
 publisher = {ACM},
 address = {New York, NY, USA},
 keywords = {Reflection, SRIS, design for reflection, everyday life, online questionnaire, reflective design},
}

@inproceedings{Frich:2019:SCP:3325480.3325494,
 author = {Frich, Jonas and Biskjaer, Michael Mose and MacDonald Vermulen, Lindsay and Remy, Christian and Dalsgaard, Peter},
 title = {Strategies in Creative Professionals' Use of Digital Tools Across Domains},
 booktitle = {Proceedings of the 2019 on Creativity and Cognition},
 series = {C\&\#38;C '19},
 year = {2019},
 isbn = {978-1-4503-5917-7},
 location = {San Diego, CA, USA},
 pages = {210--221},
 numpages = {12},
 url = {http://doi.acm.org/10.1145/3325480.3325494},
 doi = {10.1145/3325480.3325494},
 acmid = {3325494},
 publisher = {ACM},
 address = {New York, NY, USA},
 keywords = {creative professionals, creativity, creativity support tools (csts), observational study, strategies},
}

@article{Shivaswamy:2010:MRM:1756006.1756031,
 author = {Shivaswamy, Pannagadatta K. and Jebara, Tony},
 title = {Maximum Relative Margin and Data-Dependent Regularization},
 journal = {J. Mach. Learn. Res.},
 issue_date = {3/1/2010},
 volume = {11},
 month = mar,
 year = {2010},
 issn = {1532-4435},
 pages = {747--788},
 numpages = {42},
 url = {http://dl.acm.org/citation.cfm?id=1756006.1756031},
 acmid = {1756031},
 publisher = {JMLR.org},
}

@inproceedings{Grainger:2005:OFA:1151681.1151683,
 author = {Grainger, Ryan and Tolhurst, Denise},
 title = {Organisational Factors Affecting Teachers' Use and Perception of Information \& Communications Technology},
 booktitle = {Proceedings of the 2005 South East Asia Regional Computer Science Confederation (SEARCC) Conference - Volume 46},
 series = {SEARCC '05},
 year = {2005},
 isbn = {1-920682-28-7},
 location = {Sydney, Australia},
 pages = {13--22},
 numpages = {10},
 url = {http://dl.acm.org/citation.cfm?id=1151681.1151683},
 acmid = {1151683},
 publisher = {Australian Computer Society, Inc.},
 address = {Darlinghurst, Australia, Australia},
 keywords = {learning management systems, management approaches to system implementation, organisational culture, perceptions of leadership, technology acceptance, training},
}

@inproceedings{Gray:2017:DPR:3078072.3079736,
 author = {Gray, James H. and Reardon, Emily and Kotler, Jennifer A.},
 title = {Designing for Parasocial Relationships and Learning: Linear Video, Interactive Media, and Artificial Intelligence},
 booktitle = {Proceedings of the 2017 Conference on Interaction Design and Children},
 series = {IDC '17},
 year = {2017},
 isbn = {978-1-4503-4921-5},
 location = {Stanford, California, USA},
 pages = {227--237},
 numpages = {11},
 url = {http://doi.acm.org/10.1145/3078072.3079736},
 doi = {10.1145/3078072.3079736},
 acmid = {3079736},
 publisher = {ACM},
 address = {New York, NY, USA},
 keywords = {character design, child development, interactive media, learning, parasocial relationships, video},
}

@inproceedings{Ferguson:2017:ECA:3027385.3027396,
 author = {Ferguson, Rebecca and Clow, Doug},
 title = {Where is the Evidence?: A Call to Action for Learning Analytics},
 booktitle = {Proceedings of the Seventh International Learning Analytics \&\#38; Knowledge Conference},
 series = {LAK '17},
 year = {2017},
 isbn = {978-1-4503-4870-6},
 location = {Vancouver, British Columbia, Canada},
 pages = {56--65},
 numpages = {10},
 url = {http://doi.acm.org/10.1145/3027385.3027396},
 doi = {10.1145/3027385.3027396},
 acmid = {3027396},
 publisher = {ACM},
 address = {New York, NY, USA},
 keywords = {access, ethics, evidence, evidence hub, generalisability, learning analytics cycle, reliability, validity},
}

@inproceedings{Almeida:2016:LVT:2858036.2858119,
 author = {Almeida, Teresa and Comber, Rob and Wood, Gavin and Saraf, Dean and Balaam, Madeline},
 title = {On Looking at the Vagina Through Labella},
 booktitle = {Proceedings of the 2016 CHI Conference on Human Factors in Computing Systems},
 series = {CHI '16},
 year = {2016},
 isbn = {978-1-4503-3362-7},
 location = {San Jose, California, USA},
 pages = {1810--1821},
 numpages = {12},
 url = {http://doi.acm.org/10.1145/2858036.2858119},
 doi = {10.1145/2858036.2858119},
 acmid = {2858119},
 publisher = {ACM},
 address = {New York, NY, USA},
 keywords = {feminist HCI, intimate care, learning, on-body interactions, pelvic floor muscles, smartphone technology, wearables, wellbeing, women's experiences, women's health},
}

@inproceedings{Auer:1996:LDT:238061.238164,
 author = {Auer, Peter and Kwek, Stephen and Maass, Wolfgang and Warmuth, Manfred K.},
 title = {Learning of Depth Two Neural Networks with Constant Fan-in at the Hidden Nodes (Extended Abstract)},
 booktitle = {Proceedings of the Ninth Annual Conference on Computational Learning Theory},
 series = {COLT '96},
 year = {1996},
 isbn = {0-89791-811-8},
 location = {Desenzano del Garda, Italy},
 pages = {333--343},
 numpages = {11},
 url = {http://doi.acm.org/10.1145/238061.238164},
 doi = {10.1145/238061.238164},
 acmid = {238164},
 publisher = {ACM},
 address = {New York, NY, USA},
}

@inproceedings{Dadzie:2014:SDC:2598510.2598527,
 author = {Dadzie, Aba-Sah and Benton, Laura and Vasalou, Asimina and Beale, Russell},
 title = {Situated Design for Creative, Reflective, Collaborative, Technology-mediated Learning},
 booktitle = {Proceedings of the 2014 Conference on Designing Interactive Systems},
 series = {DIS '14},
 year = {2014},
 isbn = {978-1-4503-2902-6},
 location = {Vancouver, BC, Canada},
 pages = {83--92},
 numpages = {10},
 url = {http://doi.acm.org/10.1145/2598510.2598527},
 doi = {10.1145/2598510.2598527},
 acmid = {2598527},
 publisher = {ACM},
 address = {New York, NY, USA},
 keywords = {cscl, research through design (rtd), scaffolded learning, touch surfaces, video-making},
}

@inproceedings{Meyers:2016:IVS:2818048.2819987,
 author = {Meyers, Eric M. and Nathan, Lisa P.},
 title = {Impoverished Visions of Sustainability: Encouraging Disruption in Digital Learning Environments},
 booktitle = {Proceedings of the 19th ACM Conference on Computer-Supported Cooperative Work \& Social Computing},
 series = {CSCW '16},
 year = {2016},
 isbn = {978-1-4503-3592-8},
 location = {San Francisco, California, USA},
 pages = {222--232},
 numpages = {11},
 url = {http://doi.acm.org/10.1145/2818048.2819987},
 doi = {10.1145/2818048.2819987},
 acmid = {2819987},
 publisher = {ACM},
 address = {New York, NY, USA},
 keywords = {Sustainability, design, learning applications},
}

@article{Opel:2017:DOR:3071078.3071084,
 author = {Opel, Dawn},
 title = {Designing Online Resources for Safety Net Healthcare Providers: Users' Needs and the Evidence-based Medicine Paradigm},
 journal = {Commun. Des. Q. Rev},
 issue_date = {September 2016},
 volume = {4},
 number = {3},
 month = mar,
 year = {2017},
 issn = {2166-1200},
 pages = {35--45},
 numpages = {11},
 url = {http://doi.acm.org/10.1145/3071078.3071084},
 doi = {10.1145/3071078.3071084},
 acmid = {3071084},
 publisher = {ACM},
 address = {New York, NY, USA},
 keywords = {evidence-based medicine, health communication, healthcare payment and service delivery reform, safety net organizations, systematic review, user research},
}

@inproceedings{Turner:1999:DRA:320297.320331,
 author = {Turner, Phil and Turner, Susan and Horton, Julie},
 title = {From Description to Requirements: An Activity Theoretic Perspective},
 booktitle = {Proceedings of the International ACM SIGGROUP Conference on Supporting Group Work},
 series = {GROUP '99},
 year = {1999},
 isbn = {1-58113-065-1},
 location = {Phoenix, Arizona, USA},
 pages = {286--295},
 numpages = {10},
 url = {http://doi.acm.org/10.1145/320297.320331},
 doi = {10.1145/320297.320331},
 acmid = {320331},
 publisher = {ACM},
 address = {New York, NY, USA},
 keywords = {WWW, activity theory, contextual analysis, ethnography, requirements},
}

@inproceedings{Kardan:2015:PAS:2702123.2702424,
 author = {Kardan, Samad and Conati, Cristina},
 title = {Providing Adaptive Support in an Interactive Simulation for Learning: An Experimental Evaluation},
 booktitle = {Proceedings of the 33rd Annual ACM Conference on Human Factors in Computing Systems},
 series = {CHI '15},
 year = {2015},
 isbn = {978-1-4503-3145-6},
 location = {Seoul, Republic of Korea},
 pages = {3671--3680},
 numpages = {10},
 url = {http://doi.acm.org/10.1145/2702123.2702424},
 doi = {10.1145/2702123.2702424},
 acmid = {2702424},
 publisher = {ACM},
 address = {New York, NY, USA},
 keywords = {intelligent learning environments, interactive simulations, user modeling, user-adaptive interaction},
}

@inproceedings{Head:2017:WRC:3051457.3051467,
 author = {Head, Andrew and Glassman, Elena and Soares, Gustavo and Suzuki, Ryo and Figueredo, Lucas and D'Antoni, Loris and Hartmann, Bj\"{o}rn},
 title = {Writing Reusable Code Feedback at Scale with Mixed-Initiative Program Synthesis},
 booktitle = {Proceedings of the Fourth (2017) ACM Conference on Learning @ Scale},
 series = {L@S '17},
 year = {2017},
 isbn = {978-1-4503-4450-0},
 location = {Cambridge, Massachusetts, USA},
 pages = {89--98},
 numpages = {10},
 url = {http://doi.acm.org/10.1145/3051457.3051467},
 doi = {10.1145/3051457.3051467},
 acmid = {3051467},
 publisher = {ACM},
 address = {New York, NY, USA},
 keywords = {program synthesis, programming education},
}

@inproceedings{Kumar:2019:PSC:3290605.3300537,
 author = {Kumar, Priya C. and Chetty, Marshini and Clegg, Tamara L. and Vitak, Jessica},
 title = {Privacy and Security Considerations For Digital Technology Use in Elementary Schools},
 booktitle = {Proceedings of the 2019 CHI Conference on Human Factors in Computing Systems},
 series = {CHI '19},
 year = {2019},
 isbn = {978-1-4503-5970-2},
 location = {Glasgow, Scotland Uk},
 pages = {307:1--307:13},
 articleno = {307},
 numpages = {13},
 url = {http://doi.acm.org/10.1145/3290605.3300537},
 doi = {10.1145/3290605.3300537},
 acmid = {3300537},
 publisher = {ACM},
 address = {New York, NY, USA},
 keywords = {elementary school, privacy, security, technology use},
}

@inproceedings{Park:2011:PMP:2190025.2190059,
 author = {Park, Eunjung and Pouche, Louis-Noel and Cavazos, John and Cohen, Albert and Sadayappan, P.},
 title = {Predictive Modeling in a Polyhedral Optimization Space},
 booktitle = {Proceedings of the 9th Annual IEEE/ACM International Symposium on Code Generation and Optimization},
 series = {CGO '11},
 year = {2011},
 isbn = {978-1-61284-356-8},
 pages = {119--129},
 numpages = {11},
 url = {http://dl.acm.org/citation.cfm?id=2190025.2190059},
 acmid = {2190059},
 publisher = {IEEE Computer Society},
 address = {Washington, DC, USA},
}

@inproceedings{Schwartzman:2006:QAR:1315803.1315813,
 author = {Schwartzman, Leslie},
 title = {A Qualitative Analysis of Reflective and Defensive Student Responses in a Software Engineering and Design Course},
 booktitle = {Proceedings of the 6th Baltic Sea Conference on Computing Education Research: Koli Calling 2006},
 series = {Baltic Sea '06},
 year = {2006},
 location = {Uppsala, Sweden},
 pages = {46--53},
 numpages = {8},
 url = {http://doi.acm.org/10.1145/1315803.1315813},
 doi = {10.1145/1315803.1315813},
 acmid = {1315813},
 publisher = {ACM},
 address = {New York, NY, USA},
 keywords = {confusion, defensiveness, dynamic of rupture, learning, phenomenology, reflectiveness, student feedback},
}

@inproceedings{Campos:2019:SIT:3311890.3311903,
 author = {Campos, Fabio and Soster, Tatiana and Blikstein, Paulo},
 title = {Sorry, I Was in Teacher Mode Today: Pivotal Tensions and Contradictory Discourses in Real-World Implementations of School Makerspaces},
 booktitle = {Proceedings of FabLearn 2019},
 series = {FL2019},
 year = {2019},
 isbn = {978-1-4503-6244-3},
 location = {New York, NY, USA},
 pages = {96--103},
 numpages = {8},
 url = {http://doi.acm.org/10.1145/3311890.3311903},
 doi = {10.1145/3311890.3311903},
 acmid = {3311903},
 publisher = {ACM},
 address = {New York, NY, USA},
 keywords = {Constructionism, Critical Pedagogy, Culturally-Relevant Pedagogies, Makerspaces, STEM Education, School Reform},
}

@inproceedings{Kang:2019:DSS:3323873.3325029,
 author = {Kang, Peipei and Lin, Zehang and Yang, Zhenguo and Fang, Xiaozhao and Li, Qing and Liu, Wenyin},
 title = {Deep Semantic Space with Intra-class Low-rank Constraint for Cross-modal Retrieval},
 booktitle = {Proceedings of the 2019 on International Conference on Multimedia Retrieval},
 series = {ICMR '19},
 year = {2019},
 isbn = {978-1-4503-6765-3},
 location = {Ottawa ON, Canada},
 pages = {226--234},
 numpages = {9},
 url = {http://doi.acm.org/10.1145/3323873.3325029},
 doi = {10.1145/3323873.3325029},
 acmid = {3325029},
 publisher = {ACM},
 address = {New York, NY, USA},
 keywords = {cross-modal retrieval, deep neural networks, intra-class low-rank, semantic space},
}

@inproceedings{Sanders:2016:TCC:2999541.2999546,
 author = {Sanders, Kate and McCartney, Robert},
 title = {Threshold Concepts in Computing: Past, Present, and Future},
 booktitle = {Proceedings of the 16th Koli Calling International Conference on Computing Education Research},
 series = {Koli Calling '16},
 year = {2016},
 isbn = {978-1-4503-4770-9},
 location = {Koli, Finland},
 pages = {91--100},
 numpages = {10},
 url = {http://doi.acm.org/10.1145/2999541.2999546},
 doi = {10.1145/2999541.2999546},
 acmid = {2999546},
 publisher = {ACM},
 address = {New York, NY, USA},
 keywords = {threshold concepts},
}

@article{Kanamori:2013:CRL:2567709.2567710,
 author = {Kanamori, Takafumi and Takeda, Akiko and Suzuki, Taiji},
 title = {Conjugate Relation Between Loss Functions and Uncertainty Sets in Classification Problems},
 journal = {J. Mach. Learn. Res.},
 issue_date = {January 2013},
 volume = {14},
 number = {1},
 month = jan,
 year = {2013},
 issn = {1532-4435},
 pages = {1461--1504},
 numpages = {44},
 url = {http://dl.acm.org/citation.cfm?id=2567709.2567710},
 acmid = {2567710},
 publisher = {JMLR.org},
 keywords = {consistency, convex conjugate, loss function, uncertainty set},
}

@inproceedings{Margulieux:2017:ULS:3105726.3106168,
 author = {Margulieux, Lauren and Catrambone, Richard},
 title = {Using Learners' Self-Explanations of Subgoals to Guide Initial Problem Solving in App Inventor},
 booktitle = {Proceedings of the 2017 ACM Conference on International Computing Education Research},
 series = {ICER '17},
 year = {2017},
 isbn = {978-1-4503-4968-0},
 location = {Tacoma, Washington, USA},
 pages = {21--29},
 numpages = {9},
 url = {http://doi.acm.org/10.1145/3105726.3106168},
 doi = {10.1145/3105726.3106168},
 acmid = {3106168},
 publisher = {ACM},
 address = {New York, NY, USA},
 keywords = {block-based programming, constructive learning, problem solving, self-explanation, subgoal learning},
}

@inproceedings{Green:2009:FSA:1631097.1631104,
 author = {Green, Stephen J. and Pearson, Elaine J. and Gkatzidou, Stavroula},
 title = {Formal Specification of an Adaptable Personal Learning Environment Using Prolog},
 booktitle = {Proceedings of the 1st ACM SIGMM International Workshop on Media Studies and Implementations That Help Improving Access to Disabled Users},
 series = {MSIADU '09},
 year = {2009},
 isbn = {978-1-60558-764-6},
 location = {Beijing, China},
 pages = {29--38},
 numpages = {10},
 url = {http://doi.acm.org/10.1145/1631097.1631104},
 doi = {10.1145/1631097.1631104},
 acmid = {1631104},
 publisher = {ACM},
 address = {New York, NY, USA},
 keywords = {adaptation, e-learning, personalisation, prolog, specification},
}

@inproceedings{Landsborough:2017:LSS:3067695.3082525,
 author = {Landsborough, Jason and Harding, Stephen and Fugate, Sunny},
 title = {Learning from Super-mutants: Searching Post-apocalyptic Software Ecosystems for Novel Semantics-preserving Transforms},
 booktitle = {Proceedings of the Genetic and Evolutionary Computation Conference Companion},
 series = {GECCO '17},
 year = {2017},
 isbn = {978-1-4503-4939-0},
 location = {Berlin, Germany},
 pages = {1529--1536},
 numpages = {8},
 url = {http://doi.acm.org/10.1145/3067695.3082525},
 doi = {10.1145/3067695.3082525},
 acmid = {3082525},
 publisher = {ACM},
 address = {New York, NY, USA},
 keywords = {genetic algorithm, genetic improvement, search based software engineering, validation},
}

@inproceedings{Fischer:2019:DDW:3326365.3326408,
 author = {Fischer, Rachel and Malan, Beverley},
 title = {The Development of the Digital Wellness Toolkit},
 booktitle = {Proceedings of the 12th International Conference on Theory and Practice of Electronic Governance},
 series = {ICEGOV2019},
 year = {2019},
 isbn = {978-1-4503-6644-1},
 location = {Melbourne, VIC, Australia},
 pages = {329--337},
 numpages = {9},
 url = {http://doi.acm.org/10.1145/3326365.3326408},
 doi = {10.1145/3326365.3326408},
 acmid = {3326408},
 publisher = {ACM},
 address = {New York, NY, USA},
 keywords = {Curriculum, Cyber safety, Cyber security, Digital Wellness, Information Ethics, Information and Communication Technologies, eGovernance},
}

@inproceedings{Vacca:2019:BDC:3311927.3323142,
 author = {Vacca, Ralph},
 title = {Brokering Data: Co-Designing Technology with Latina Teens to Support Communication with Parents: Leveraging Cultural Practices of Latinx Youth Through Co-Design},
 booktitle = {Proceedings of the 18th ACM International Conference on Interaction Design and Children},
 series = {IDC '19},
 year = {2019},
 isbn = {978-1-4503-6690-8},
 location = {Boise, ID, USA},
 pages = {197--207},
 numpages = {11},
 url = {http://doi.acm.org/10.1145/3311927.3323142},
 doi = {10.1145/3311927.3323142},
 acmid = {3323142},
 publisher = {ACM},
 address = {New York, NY, USA},
 keywords = {Latina teens, brokering, codesign, open data, parent communication},
}

@inproceedings{Si:2005:MSE:1076034.1076051,
 author = {Si, Luo and Callan, Jamie},
 title = {Modeling Search Engine Effectiveness for Federated Search},
 booktitle = {Proceedings of the 28th Annual International ACM SIGIR Conference on Research and Development in Information Retrieval},
 series = {SIGIR '05},
 year = {2005},
 isbn = {1-59593-034-5},
 location = {Salvador, Brazil},
 pages = {83--90},
 numpages = {8},
 url = {http://doi.acm.org/10.1145/1076034.1076051},
 doi = {10.1145/1076034.1076051},
 acmid = {1076051},
 publisher = {ACM},
 address = {New York, NY, USA},
 keywords = {model search engine effectiveness},
}

@inproceedings{Putjorn:2017:DUS:3098279.3098525,
 author = {Putjorn, Pruet and Siriaraya, Panote and Ang, Chee Siang and Deravi, Farzin},
 title = {Designing a Ubiquitous Sensor-based Platform to Facilitate Learning for Young Children in Thailand},
 booktitle = {Proceedings of the 19th International Conference on Human-Computer Interaction with Mobile Devices and Services},
 series = {MobileHCI '17},
 year = {2017},
 isbn = {978-1-4503-5075-4},
 location = {Vienna, Austria},
 pages = {30:1--30:13},
 articleno = {30},
 numpages = {13},
 url = {http://doi.acm.org/10.1145/3098279.3098525},
 doi = {10.1145/3098279.3098525},
 acmid = {3098525},
 publisher = {ACM},
 address = {New York, NY, USA},
 keywords = {mobile devices, mobile learning, primary school students, ubiquitous learning environment, wireless sensing},
}

@article{Wu:2019:AAC:3301704.3301713,
 author = {Wu, Yiming and Li, Wei},
 title = {Automatic Audio Chord Recognition With MIDI-Trained Deep Feature and BLSTM-CRF Sequence Decoding Model},
 journal = {IEEE/ACM Trans. Audio, Speech and Lang. Proc.},
 issue_date = {February 2019},
 volume = {27},
 number = {2},
 month = feb,
 year = {2019},
 issn = {2329-9290},
 pages = {355--366},
 numpages = {12},
 url = {https://doi.org/10.1109/TASLP.2018.2879399},
 doi = {10.1109/TASLP.2018.2879399},
 acmid = {3301713},
 publisher = {IEEE Press},
 address = {Piscataway, NJ, USA},
}

@inproceedings{Scarr:2013:TRP:2470654.2466430,
 author = {Scarr, Joey and Cockburn, Andy and Gutwin, Carl and Malacria, Sylvain},
 title = {Testing the Robustness and Performance of Spatially Consistent Interfaces},
 booktitle = {Proceedings of the SIGCHI Conference on Human Factors in Computing Systems},
 series = {CHI '13},
 year = {2013},
 isbn = {978-1-4503-1899-0},
 location = {Paris, France},
 pages = {3139--3148},
 numpages = {10},
 url = {http://doi.acm.org/10.1145/2470654.2466430},
 doi = {10.1145/2470654.2466430},
 acmid = {2466430},
 publisher = {ACM},
 address = {New York, NY, USA},
 keywords = {expertise, revisitation, spatial memory},
}

@inproceedings{Alshanqiti:2015:EVC:3343886.3343900,
 author = {Alshanqiti, Abdullah and Heckel, Reiko},
 title = {Extracting Visual Contracts from Java Programs},
 booktitle = {Proceedings of the 30th IEEE/ACM International Conference on Automated Software Engineering},
 series = {ASE '15},
 year = {2015},
 isbn = {978-1-5090-0024-1},
 location = {Lincoln, Nebraska},
 pages = {104--114},
 numpages = {11},
 url = {https://doi.org/10.1109/ASE.2015.63},
 doi = {10.1109/ASE.2015.63},
 acmid = {3343900},
 publisher = {IEEE Press},
 address = {Piscataway, NJ, USA},
}

@article{Kallasjoki:2014:EUI:2584479.2584490,
 author = {Kallasjoki, Heikki and Gemmeke, Jort F. and Palomaki, Kalle J.},
 title = {Estimating Uncertainty to Improve Exemplar-Based Feature Enhancement for Noise Robust Speech Recognition},
 journal = {IEEE/ACM Trans. Audio, Speech and Lang. Proc.},
 issue_date = {February 2014},
 volume = {22},
 number = {2},
 month = feb,
 year = {2014},
 issn = {2329-9290},
 pages = {368--380},
 numpages = {13},
 url = {http://dx.doi.org/10.1109/TASLP.2013.2292328},
 doi = {10.1109/TASLP.2013.2292328},
 acmid = {2584490},
 publisher = {IEEE Press},
 address = {Piscataway, NJ, USA},
}

@inproceedings{Lee:2017:TAD:3027385.3027386,
 author = {Lee, Alwyn Vwen Yen and Tan, Seng Chee},
 title = {Temporal Analytics with Discourse Analysis: Tracing Ideas and Impact on Communal Discourse},
 booktitle = {Proceedings of the Seventh International Learning Analytics \&\#38; Knowledge Conference},
 series = {LAK '17},
 year = {2017},
 isbn = {978-1-4503-4870-6},
 location = {Vancouver, British Columbia, Canada},
 pages = {120--127},
 numpages = {8},
 url = {http://doi.acm.org/10.1145/3027385.3027386},
 doi = {10.1145/3027385.3027386},
 acmid = {3027386},
 publisher = {ACM},
 address = {New York, NY, USA},
 keywords = {discourse analysis, idea measurement, learning analytics, social network analysis, temporality},
}

@inproceedings{Tong:2016:YSY:2935334.2935343,
 author = {Tong, Lili and Serna, Audrey and Pageaud, Simon and George, S{\'e}bastien and Tabard, Aur{\'e}lien},
 title = {It's Not How You Stand, It's How You Move: F-formations and Collaboration Dynamics in a Mobile Learning Game},
 booktitle = {Proceedings of the 18th International Conference on Human-Computer Interaction with Mobile Devices and Services},
 series = {MobileHCI '16},
 year = {2016},
 isbn = {978-1-4503-4408-1},
 location = {Florence, Italy},
 pages = {318--329},
 numpages = {12},
 url = {http://doi.acm.org/10.1145/2935334.2935343},
 doi = {10.1145/2935334.2935343},
 acmid = {2935343},
 publisher = {ACM},
 address = {New York, NY, USA},
 keywords = {F-formation, collaboration, collaboration dynamics, coordination, group regulation, mobile learning, ubiquitous computing},
}

@inproceedings{Ferguson:2013:ELA:2460296.2460313,
 author = {Ferguson, Rebecca and Wei, Zhongyu and He, Yulan and Buckingham Shum, Simon},
 title = {An Evaluation of Learning Analytics to Identify Exploratory Dialogue in Online Discussions},
 booktitle = {Proceedings of the Third International Conference on Learning Analytics and Knowledge},
 series = {LAK '13},
 year = {2013},
 isbn = {978-1-4503-1785-6},
 location = {Leuven, Belgium},
 pages = {85--93},
 numpages = {9},
 url = {http://doi.acm.org/10.1145/2460296.2460313},
 doi = {10.1145/2460296.2460313},
 acmid = {2460313},
 publisher = {ACM},
 address = {New York, NY, USA},
 keywords = {<i>k</i>-nearest neighbour, MaxEnt, SocialLearn, computational linguistics, cue-phrase matching, discourse analytics, educational assessment, educational dialogue, exploratory dialogue, learning analytics, self-training framework, social learning, social learning analytics, synchronous dialogue},
}

@article{Jain:2012:MKL:2503308.2188402,
 author = {Jain, Prateek and Kulis, Brian and Davis, Jason V. and Dhillon, Inderjit S.},
 title = {Metric and Kernel Learning Using a Linear Transformation},
 journal = {J. Mach. Learn. Res.},
 issue_date = {January 2012},
 volume = {13},
 number = {1},
 month = mar,
 year = {2012},
 issn = {1532-4435},
 pages = {519--547},
 numpages = {29},
 url = {http://dl.acm.org/citation.cfm?id=2503308.2188402},
 acmid = {2188402},
 publisher = {JMLR.org},
 keywords = {kernel learning, linear transformation, logdet divergence, matrix divergences, metric learning},
}

@article{Jain:2012:MKL:2188385.2188402,
 author = {Jain, Prateek and Kulis, Brian and Davis, Jason V. and Dhillon, Inderjit S.},
 title = {Metric and Kernel Learning Using a Linear Transformation},
 journal = {J. Mach. Learn. Res.},
 issue_date = {3/1/2012},
 volume = {13},
 month = mar,
 year = {2012},
 issn = {1532-4435},
 pages = {519--547},
 numpages = {29},
 url = {http://dl.acm.org/citation.cfm?id=2188385.2188402},
 acmid = {2188402},
 publisher = {JMLR.org},
 keywords = {kernel learning, linear transformation, logdet divergence, matrix divergences, metric learning},
}

@article{Baktashmotlagh:2016:DEV:2946645.3007061,
 author = {Baktashmotlagh, Mahsa and Harandi, Mehrtash and Salzmann, Mathieu},
 title = {Distribution-matching Embedding for Visual Domain Adaptation},
 journal = {J. Mach. Learn. Res.},
 issue_date = {January 2016},
 volume = {17},
 number = {1},
 month = jan,
 year = {2016},
 issn = {1532-4435},
 pages = {3760--3789},
 numpages = {30},
 url = {http://dl.acm.org/citation.cfm?id=2946645.3007061},
 acmid = {3007061},
 publisher = {JMLR.org},
 keywords = {distribution matching, domain adaptation, domain invariant representations, hellinger distance, maximum mean discrepancy},
}

@article{Oflazer:2001:BMA:972778.972781,
 author = {Oflazer, Kemal and Nirenburg, Sergei and McShane, Marjorie},
 title = {Bootstrapping Morphological Analyzers by Combining Human Elicitation and Machine Learning},
 journal = {Comput. Linguist.},
 issue_date = {March 2001},
 volume = {27},
 number = {1},
 month = mar,
 year = {2001},
 issn = {0891-2017},
 pages = {59--85},
 numpages = {27},
 url = {https://doi.org/10.1162/089120101300346804},
 doi = {10.1162/089120101300346804},
 acmid = {972781},
 publisher = {MIT Press},
 address = {Cambridge, MA, USA},
}

@article{Yeomans:2019:TTS:3308443.3283071,
 author = {Yeomans, Lucy and Zschaler, Steffen and Coate, Kelly},
 title = {Transformative and Troublesome? Students' and Professional Programmers' Perspectives on Difficult Concepts in Programming},
 journal = {ACM Trans. Comput. Educ.},
 issue_date = {June 2019},
 volume = {19},
 number = {3},
 month = jan,
 year = {2019},
 issn = {1946-6226},
 pages = {23:1--23:27},
 articleno = {23},
 numpages = {27},
 url = {http://doi.acm.org/10.1145/3283071},
 doi = {10.1145/3283071},
 acmid = {3283071},
 publisher = {ACM},
 address = {New York, NY, USA},
 keywords = {Threshold concepts, accidental complexities, computer science curriculum, focus groups, learning programming},
}

@inproceedings{Pitt:2019:BBD:3290605.3300920,
 author = {Pitt, Caroline and Bell, Adam and Onofre, Edgar and Davis, Katie},
 title = {A Badge, Not a Barrier: Designing For-and Throughout-Digital Badge Implementation},
 booktitle = {Proceedings of the 2019 CHI Conference on Human Factors in Computing Systems},
 series = {CHI '19},
 year = {2019},
 isbn = {978-1-4503-5970-2},
 location = {Glasgow, Scotland Uk},
 pages = {690:1--690:14},
 articleno = {690},
 numpages = {14},
 url = {http://doi.acm.org/10.1145/3290605.3300920},
 doi = {10.1145/3290605.3300920},
 acmid = {3300920},
 publisher = {ACM},
 address = {New York, NY, USA},
 keywords = {design methods, design recommendations, digital badges, implementation, informal education, participatory design, sociotechnical system},
}

@article{Isomottonen:2019:SGE:3303943.3277568,
 author = {Isom\"{o}tt\"{o}nen, Ville and Daniels, Mats and Cajander, \AAsa and Pears, Arnold and Mcdermott, Roger},
 title = {Searching for Global Employability: Can Students Capitalize on Enabling Learning Environments?},
 journal = {ACM Trans. Comput. Educ.},
 issue_date = {February 2019},
 volume = {19},
 number = {2},
 month = jan,
 year = {2019},
 issn = {1946-6226},
 pages = {11:1--11:29},
 articleno = {11},
 numpages = {29},
 url = {http://doi.acm.org/10.1145/3277568},
 doi = {10.1145/3277568},
 acmid = {3277568},
 publisher = {ACM},
 address = {New York, NY, USA},
 keywords = {Project-based learning, employability, global software engineering education},
}

@article{Dzeroski:2003:MDM:959242.959245,
 author = {D\v{z}eroski, Sa\v{s}o},
 title = {Multi-relational Data Mining: An Introduction},
 journal = {SIGKDD Explor. Newsl.},
 issue_date = {July 2003},
 volume = {5},
 number = {1},
 month = jul,
 year = {2003},
 issn = {1931-0145},
 pages = {1--16},
 numpages = {16},
 url = {http://doi.acm.org/10.1145/959242.959245},
 doi = {10.1145/959242.959245},
 acmid = {959245},
 publisher = {ACM},
 address = {New York, NY, USA},
 keywords = {inductive logic programming, multi-relational data mining, relational association rules, relational data mining, relational decision trees, relational distance-based methods},
}

@article{Xiong:2016:KIM:2936311.2789212,
 author = {Xiong, Feiyu and Kam, Moshe and Hrebien, Leonid and Wang, Beilun and Qi, Yanjun},
 title = {Kernelized Information-Theoretic Metric Learning for Cancer Diagnosis Using High-Dimensional Molecular Profiling Data},
 journal = {ACM Trans. Knowl. Discov. Data},
 issue_date = {July 2016},
 volume = {10},
 number = {4},
 month = may,
 year = {2016},
 issn = {1556-4681},
 pages = {38:1--38:23},
 articleno = {38},
 numpages = {23},
 url = {http://doi.acm.org/10.1145/2789212},
 doi = {10.1145/2789212},
 acmid = {2789212},
 publisher = {ACM},
 address = {New York, NY, USA},
 keywords = {Metric learning, cancer diagnosis, high-dimensional data},
}

@article{Inala:2017:WIW:3177123.3158090,
 author = {Inala, Jeevana Priya and Singh, Rishabh},
 title = {WebRelate: Integrating Web Data with Spreadsheets Using Examples},
 journal = {Proc. ACM Program. Lang.},
 issue_date = {January 2018},
 volume = {2},
 number = {POPL},
 month = dec,
 year = {2017},
 issn = {2475-1421},
 pages = {2:1--2:28},
 articleno = {2},
 numpages = {28},
 url = {http://doi.acm.org/10.1145/3158090},
 doi = {10.1145/3158090},
 acmid = {3158090},
 publisher = {ACM},
 address = {New York, NY, USA},
 keywords = {Data Integration, Program Synthesis, Spreadsheets, Web Mining},
}

@inproceedings{Iivari:2018:ECT:3210586.3210600,
 author = {Iivari, Netta and Kinnula, Marianne},
 title = {Empowering Children Through Design and Making: Towards Protagonist Role Adoption},
 booktitle = {Proceedings of the 15th Participatory Design Conference: Full Papers - Volume 1},
 series = {PDC '18},
 year = {2018},
 isbn = {978-1-4503-6371-6},
 location = {Hasselt and Genk, Belgium},
 pages = {16:1--16:12},
 articleno = {16},
 numpages = {12},
 url = {http://doi.acm.org/10.1145/3210586.3210600},
 doi = {10.1145/3210586.3210600},
 acmid = {3210600},
 publisher = {ACM},
 address = {New York, NY, USA},
 keywords = {children, design, empowerment, making, materiality, participation},
}

@inproceedings{Carter:2011:MOS:2078856.2078858,
 author = {Carter, Janet and Bouvier, Dennis and Cardell-Oliver, Rachel and Hamilton, Margaret and Kurkovsky, Stanislav and Markham, Stefanie and McClung, O. William and McDermott, Roger and Riedesel, Charles and Shi, Jian and White, Su},
 title = {Motivating All Our Students?},
 booktitle = {Proceedings of the 16th Annual Conference Reports on Innovation and Technology in Computer Science Education - Working Group Reports},
 series = {ITiCSE-WGR '11},
 year = {2011},
 isbn = {978-1-4503-1122-9},
 location = {Darmstadt, Germany},
 pages = {1--18},
 numpages = {18},
 url = {http://doi.acm.org/10.1145/2078856.2078858},
 doi = {10.1145/2078856.2078858},
 acmid = {2078858},
 publisher = {ACM},
 address = {New York, NY, USA},
 keywords = {differentiation in the classroom, learning programming, otivation},
}

@article{Choi:2011:IRL:1953048.2021028,
 author = {Choi, Jaedeug and Kim, Kee-Eung},
 title = {Inverse Reinforcement Learning in Partially Observable Environments},
 journal = {J. Mach. Learn. Res.},
 issue_date = {2/1/2011},
 volume = {12},
 month = jul,
 year = {2011},
 issn = {1532-4435},
 pages = {691--730},
 numpages = {40},
 url = {http://dl.acm.org/citation.cfm?id=1953048.2021028},
 acmid = {2021028},
 publisher = {JMLR.org},
}

@article{Baki:2016:MLA:2943790.2904904,
 author = {Baki, Islem and Sahraoui, Houari},
 title = {Multi-Step Learning and Adaptive Search for Learning Complex Model Transformations from Examples},
 journal = {ACM Trans. Softw. Eng. Methodol.},
 issue_date = {August 2016},
 volume = {25},
 number = {3},
 month = jun,
 year = {2016},
 issn = {1049-331X},
 pages = {20:1--20:37},
 articleno = {20},
 numpages = {37},
 url = {http://doi.acm.org/10.1145/2904904},
 doi = {10.1145/2904904},
 acmid = {2904904},
 publisher = {ACM},
 address = {New York, NY, USA},
 keywords = {Genetic programming, model transformation, model transformation by example, model-driven engineering, simulated annealing},
}

@article{Weinberger:2009:DML:1577069.1577078,
 author = {Weinberger, Kilian Q. and Saul, Lawrence K.},
 title = {Distance Metric Learning for Large Margin Nearest Neighbor Classification},
 journal = {J. Mach. Learn. Res.},
 issue_date = {12/1/2009},
 volume = {10},
 month = jun,
 year = {2009},
 issn = {1532-4435},
 pages = {207--244},
 numpages = {38},
 url = {http://dl.acm.org/citation.cfm?id=1577069.1577078},
 acmid = {1577078},
 publisher = {JMLR.org},
}

@inproceedings{Taylor:2018:PAC:3293881.3295785,
 author = {Taylor, Cynthia and Spacco, Jaime and Bunde, David P. and Butler, Zack and Bort, Heather and Hovey, Christopher Lynnly and Maiorana, Francesco and Zeume, Thomas},
 title = {Propagating the Adoption of CS Educational Innovations},
 booktitle = {Proceedings Companion of the 23rd Annual ACM Conference on Innovation and Technology in Computer Science Education},
 series = {ITiCSE 2018 Companion},
 year = {2018},
 isbn = {978-1-4503-6223-8},
 location = {Larnaca, Cyprus},
 pages = {217--235},
 numpages = {19},
 url = {http://doi.acm.org/10.1145/3293881.3295785},
 doi = {10.1145/3293881.3295785},
 acmid = {3295785},
 publisher = {ACM},
 address = {New York, NY, USA},
 keywords = {educational adoption, educational propagation},
}

@techreport{TheJointTaskForceonComputingCurricula:2015:CGU:2965631,
 author = {The Joint Task Force on Computing Curricula},
 title = {Curriculum Guidelines for Undergraduate Degree Programs in Software Engineering},
 year = {2015},
 publisher = {ACM},
 address = {New York, NY, USA},
}

@inproceedings{Luxton-Reilly:2018:IPS:3293881.3295779,
 author = {Luxton-Reilly, Andrew and Simon and Albluwi, Ibrahim and Becker, Brett A. and Giannakos, Michail and Kumar, Amruth N. and Ott, Linda and Paterson, James and Scott, Michael James and Sheard, Judy and Szabo, Claudia},
 title = {Introductory Programming: A Systematic Literature Review},
 booktitle = {Proceedings Companion of the 23rd Annual ACM Conference on Innovation and Technology in Computer Science Education},
 series = {ITiCSE 2018 Companion},
 year = {2018},
 isbn = {978-1-4503-6223-8},
 location = {Larnaca, Cyprus},
 pages = {55--106},
 numpages = {52},
 url = {http://doi.acm.org/10.1145/3293881.3295779},
 doi = {10.1145/3293881.3295779},
 acmid = {3295779},
 publisher = {ACM},
 address = {New York, NY, USA},
 keywords = {CS1, ITiCSE working group, SLR, introductory programming, literature review, novice programming, overview, review, systematic literature review, systematic review},
}

