@inproceedings{Stanfield:2017:DRP:3107411.3107459,
 author = {Stanfield, Zachary and Coskun, Mustafa and Koyuturk, Mehmet},
 title = {Drug Response Prediction As a Link Prediction Problem},
 booktitle = {Proceedings of the 8th ACM International Conference on Bioinformatics, Computational Biology,and Health Informatics},
 series = {ACM-BCB '17},
 year = {2017},
 isbn = {978-1-4503-4722-8},
 location = {Boston, Massachusetts, USA},
 pages = {638--638},
 numpages = {1},
 url = {http://doi.acm.org/10.1145/3107411.3107459},
 doi = {10.1145/3107411.3107459},
 acmid = {3107459},
 publisher = {ACM},
 address = {New York, NY, USA},
 keywords = {cancer cell line, drug response, protein-protein interaction network, random walk with restart, somatic mutation, link prediction, machine learning},
}

