@inproceedings{Fraher:2010:GTE:1753846.1753960,
 author = {Fraher, Robert and Boyd-Brent, James},
 title = {Gestalt Theory, Engagement and Interaction},
 booktitle = {CHI '10 Extended Abstracts on Human Factors in Computing Systems},
 series = {CHI EA '10},
 year = {2010},
 isbn = {978-1-60558-930-5},
 location = {Atlanta, Georgia, USA},
 pages = {3211--3216},
 numpages = {6},
 url = {http://doi.acm.org/10.1145/1753846.1753960},
 doi = {10.1145/1753846.1753960},
 acmid = {1753960},
 publisher = {ACM},
 address = {New York, NY, USA},
 keywords = {design, gestalt theory, user interfaces},
}

@inproceedings{Alsudani:2009:EAW:1671011.1671077,
 author = {Alsudani, Farah and Casey, Matthew},
 title = {The Effect of Aesthetics on Web Credibility},
 booktitle = {Proceedings of the 23rd British HCI Group Annual Conference on People and Computers: Celebrating People and Technology},
 series = {BCS-HCI '09},
 year = {2009},
 location = {Cambridge, United Kingdom},
 pages = {512--519},
 numpages = {8},
 url = {http://dl.acm.org/citation.cfm?id=1671011.1671077},
 acmid = {1671077},
 publisher = {British Computer Society},
 address = {Swinton, UK, UK},
 keywords = {Gestalt theory, aesthetics, credibility, unity},
}

@inproceedings{Yang:2009:EGT:1632189.1632226,
 author = {Yang, Xin and Shi, Yuanchun},
 title = {Enhanced Gestalt Theory Guided Web Page Segmentation for Mobile Browsing},
 booktitle = {Proceedings of the 2009 IEEE/WIC/ACM International Joint Conference on Web Intelligence and Intelligent Agent Technology - Volume 03},
 series = {WI-IAT '09},
 year = {2009},
 isbn = {978-0-7695-3801-3},
 pages = {46--49},
 numpages = {4},
 url = {https://doi.org/10.1109/WI-IAT.2009.227},
 doi = {10.1109/WI-IAT.2009.227},
 acmid = {1632226},
 publisher = {IEEE Computer Society},
 address = {Washington, DC, USA},
 keywords = {web page segmentation, mobile browsing, gestalt theory},
}

@inproceedings{Paay:2007:GTP:1324892.1324952,
 author = {Paay, Jeni and Kjeldskov, Jesper},
 title = {A Gestalt Theoretic Perspective on the User Experience of Location-based Services},
 booktitle = {Proceedings of the 19th Australasian Conference on Computer-Human Interaction: Entertaining User Interfaces},
 series = {OZCHI '07},
 year = {2007},
 isbn = {978-1-59593-872-5},
 location = {Adelaide, Australia},
 pages = {283--290},
 numpages = {8},
 url = {http://doi.acm.org/10.1145/1324892.1324952},
 doi = {10.1145/1324892.1324952},
 acmid = {1324952},
 publisher = {ACM},
 address = {New York, NY, USA},
 keywords = {Gestalt theory, field study, location-based services},
}

@inproceedings{Steiniger:2006:RIS:1183471.1183484,
 author = {Steiniger, Stefan and Burghardt, Dirk and Weibel, Robert},
 title = {Recognition of Island Structures for Map Generalization},
 booktitle = {Proceedings of the 14th Annual ACM International Symposium on Advances in Geographic Information Systems},
 series = {GIS '06},
 year = {2006},
 isbn = {1-59593-529-0},
 location = {Arlington, Virginia, USA},
 pages = {67--74},
 numpages = {8},
 url = {http://doi.acm.org/10.1145/1183471.1183484},
 doi = {10.1145/1183471.1183484},
 acmid = {1183484},
 publisher = {ACM},
 address = {New York, NY, USA},
 keywords = {cartometrics, gestalt theory, map generalization, minimal spanning tree, perception, polygon patterns, proximity graphs},
}

@inproceedings{Oviatt:2003:TTO:958432.958443,
 author = {Oviatt, Sharon and Coulston, Rachel and Tomko, Stefanie and Xiao, Benfang and Lunsford, Rebecca and Wesson, Matt and Carmichael, Lesley},
 title = {Toward a Theory of Organized Multimodal Integration Patterns During Human-computer Interaction},
 booktitle = {Proceedings of the 5th International Conference on Multimodal Interfaces},
 series = {ICMI '03},
 year = {2003},
 isbn = {1-58113-621-8},
 location = {Vancouver, British Columbia, Canada},
 pages = {44--51},
 numpages = {8},
 url = {http://doi.acm.org/10.1145/958432.958443},
 doi = {10.1145/958432.958443},
 acmid = {958443},
 publisher = {ACM},
 address = {New York, NY, USA},
 keywords = {Gestalt theory, co-timing, entrenchment, error handling, multimodal integration, speech and pen input, task difficulty},
}

@article{Chen:2010:DVS:1754393.1754394,
 author = {Chen, Teh-Chung and Dick, Scott and Miller, James},
 title = {Detecting Visually Similar Web Pages: Application to Phishing Detection},
 journal = {ACM Trans. Internet Technol.},
 issue_date = {May 2010},
 volume = {10},
 number = {2},
 month = jun,
 year = {2010},
 issn = {1533-5399},
 pages = {5:1--5:38},
 articleno = {5},
 numpages = {38},
 url = {http://doi.acm.org/10.1145/1754393.1754394},
 doi = {10.1145/1754393.1754394},
 acmid = {1754394},
 publisher = {ACM},
 address = {New York, NY, USA},
 keywords = {Algorithmic complexity theory, Gestalt theory, Web page similarity, anti-phishing technologies},
}

@inproceedings{Krupl-Sypien:2011:VMW:2034691.2034721,
 author = {Kr\"{u}pl-Sypien, Bernhard and Fayzrakhmanov, Ruslan R. and Holzinger, Wolfgang and Panzenb\"{o}ck, Mathias and Baumgartner, Robert},
 title = {A Versatile Model for Web Page Representation, Information Extraction and Content Re-packaging},
 booktitle = {Proceedings of the 11th ACM Symposium on Document Engineering},
 series = {DocEng '11},
 year = {2011},
 isbn = {978-1-4503-0863-2},
 location = {Mountain View, California, USA},
 pages = {129--138},
 numpages = {10},
 url = {http://doi.acm.org/10.1145/2034691.2034721},
 doi = {10.1145/2034691.2034721},
 acmid = {2034721},
 publisher = {ACM},
 address = {New York, NY, USA},
 keywords = {gestalt theory, web adaptation, web information extraction, web page model, web page understanding},
}

@inproceedings{Chang:2002:GTV:820060.820062,
 author = {Chang, Dempsey and Dooley, Laurence and Tuovinen, Juhani E.},
 title = {Gestalt Theory in Visual Screen Design: A New Look at an Old Subject},
 booktitle = {Proceedings of the Seventh World Conference on Computers in Education Conference on Computers in Education: Australian Topics - Volume 8},
 series = {CRPIT '02},
 year = {2002},
 isbn = {0-909925-86-0},
 location = {Copenhagen, Denmark},
 pages = {5--12},
 numpages = {8},
 url = {http://dl.acm.org/citation.cfm?id=820060.820062},
 acmid = {820062},
 publisher = {Australian Computer Society, Inc.},
 address = {Darlinghurst, Australia, Australia},
}

@inproceedings{Costa:2008:EWS:1456536.1456591,
 author = {Costa, Pedro J.},
 title = {Evaluating Web Site Design},
 booktitle = {Proceedings of the 26th Annual ACM International Conference on Design of Communication},
 series = {SIGDOC '08},
 year = {2008},
 isbn = {978-1-60558-083-8},
 location = {Lisbon, Portugal},
 pages = {265--266},
 numpages = {2},
 url = {http://doi.acm.org/10.1145/1456536.1456591},
 doi = {10.1145/1456536.1456591},
 acmid = {1456591},
 publisher = {ACM},
 address = {New York, NY, USA},
 keywords = {aesthetics, design principles, web, web design},
}

@inproceedings{Chang:2006:DGD:1151804.1151807,
 author = {Chang, Dempsey and Nesbitt, Keith V.},
 title = {Developing Gestalt-based Design Guidelines for Multi-sensory Displays},
 booktitle = {Proceedings of the 2005 NICTA-HCSNet Multimodal User Interaction Workshop - Volume 57},
 series = {MMUI '05},
 year = {2006},
 isbn = {1-920-68239-2},
 location = {Sydney, Australia},
 pages = {9--16},
 numpages = {8},
 url = {http://dl.acm.org/citation.cfm?id=1151804.1151807},
 acmid = {1151807},
 publisher = {Australian Computer Society, Inc.},
 address = {Darlinghurst, Australia, Australia},
 keywords = {Gestalt principles, design guidelines, multi-sensory displays},
}

@inproceedings{Balinsky:2010:HPD:1860559.1860624,
 author = {Balinsky, Alexander A. and Balinsky, Helen Y. and Simske, Steven J.},
 title = {On Helmholtz's Principle for Documents Processing},
 booktitle = {Proceedings of the 10th ACM Symposium on Document Engineering},
 series = {DocEng '10},
 year = {2010},
 isbn = {978-1-4503-0231-9},
 location = {Manchester, United Kingdom},
 pages = {283--286},
 numpages = {4},
 url = {http://doi.acm.org/10.1145/1860559.1860624},
 doi = {10.1145/1860559.1860624},
 acmid = {1860624},
 publisher = {ACM},
 address = {New York, NY, USA},
 keywords = {gestalt, helmholtz principle, keyword extraction, meaningful words, rapid change detection},
}

@inproceedings{Wilkinson:1982:EEM:800049.801781,
 author = {Wilkinson, Leland},
 title = {An Experimental Evaluation of Multivariate Graphical Point Representations},
 booktitle = {Proceedings of the 1982 Conference on Human Factors in Computing Systems},
 series = {CHI '82},
 year = {1982},
 location = {Gaithersburg, Maryland, USA},
 pages = {202--209},
 numpages = {8},
 url = {http://doi.acm.org/10.1145/800049.801781},
 doi = {10.1145/800049.801781},
 acmid = {801781},
 publisher = {ACM},
 address = {New York, NY, USA},
}

@inproceedings{Asmah:2018:TIT:3209415.3209423,
 author = {Asmah, Alexander Ekow and Kyobe, Michael},
 title = {Towards an Integrative Theoretical Model For Examining IT Governance Audits},
 booktitle = {Proceedings of the 11th International Conference on Theory and Practice of Electronic Governance},
 series = {ICEGOV '18},
 year = {2018},
 isbn = {978-1-4503-5421-9},
 location = {Galway, Ireland},
 pages = {18--22},
 numpages = {5},
 url = {http://doi.acm.org/10.1145/3209415.3209423},
 doi = {10.1145/3209415.3209423},
 acmid = {3209423},
 publisher = {ACM},
 address = {New York, NY, USA},
 keywords = {COBIT 5, Governance Mechanisms, IT auditing, IT governance},
}

@inproceedings{Chang:2007:GPS:1273714.1273727,
 author = {Chang, Dempsey and Nesbitt, Keith V. and Wilkins, Kevin},
 title = {The Gestalt Principles of Similarity and Proximity Apply to Both the Haptic and Visual Grouping of Elements},
 booktitle = {Proceedings of the Eight Australasian Conference on User Interface - Volume 64},
 series = {AUIC '07},
 year = {2007},
 isbn = {1-920682-46-5},
 location = {Ballarat, Victoria, Australia},
 pages = {79--86},
 numpages = {8},
 url = {http://dl.acm.org/citation.cfm?id=1273714.1273727},
 acmid = {1273727},
 publisher = {Australian Computer Society, Inc.},
 address = {Darlinghurst, Australia, Australia},
 keywords = {gestalt principle of proximity, gestalt principle of similarity, haptic grouping, visual grouping},
}

@incollection{Oviatt:2017:TFM:3015783.3015786,
 author = {Oviatt, Sharon},
 chapter = {Theoretical Foundations of Multimodal Interfaces and Systems},
 title = {The Handbook of Multimodal-Multisensor Interfaces},
 editor = {Oviatt, Sharon and Schuller, Bj\"{o}rn and Cohen, Philip R. and Sonntag, Daniel and Potamianos, Gerasimos and Kr\"{u}ger, Antonio},
 year = {2017},
 isbn = {978-1-97000-167-9},
 pages = {19--50},
 numpages = {32},
 url = {https://doi.org/10.1145/3015783.3015786},
 doi = {10.1145/3015783.3015786},
 acmid = {3015786},
 publisher = {Association for Computing Machinery and Morgan \&\#38; Claypool},
 address = {New York, NY, USA},
}

