@article{Filsinger:1981:APS:1056743.1056746,
 author = {Filsinger, Alan E.},
 title = {Approaching Problem Solving Type Behavior via the Psychological Process of Instrumental Conditioning},
 journal = {SIGART Bull.},
 issue_date = {July 1981},
 number = {77},
 month = jul,
 year = {1981},
 issn = {0163-5719},
 pages = {32--33},
 numpages = {2},
 url = {http://doi.acm.org/10.1145/1056743.1056746},
 doi = {10.1145/1056743.1056746},
 acmid = {1056746},
 publisher = {ACM},
 address = {New York, NY, USA},
}

