@inproceedings{Ritter:2016:MLW:2876034.2876039,
 author = {Ritter, Steve and Yudelson, Michael and Fancsali, Stephen E. and Berman, Susan R.},
 title = {How Mastery Learning Works at Scale},
 booktitle = {Proceedings of the Third (2016) ACM Conference on Learning @ Scale},
 series = {L@S '16},
 year = {2016},
 isbn = {978-1-4503-3726-7},
 location = {Edinburgh, Scotland, UK},
 pages = {71--79},
 numpages = {9},
 url = {http://doi.acm.org/10.1145/2876034.2876039},
 doi = {10.1145/2876034.2876039},
 acmid = {2876039},
 publisher = {ACM},
 address = {New York, NY, USA},
 keywords = {adaptive educational systems, big data, educational outcomes, intelligent tutors, longitudinal data, mastery learning},
}

@article{Doran:1995:CAI:199691.199790,
 author = {Doran, Michael V. and Langan, David D.},
 title = {A Cognitive-based Approach to Introductory Computer Science Courses: Lesson Learned},
 journal = {SIGCSE Bull.},
 issue_date = {March 1995},
 volume = {27},
 number = {1},
 month = mar,
 year = {1995},
 issn = {0097-8418},
 pages = {218--222},
 numpages = {5},
 url = {http://doi.acm.org/10.1145/199691.199790},
 doi = {10.1145/199691.199790},
 acmid = {199790},
 publisher = {ACM},
 address = {New York, NY, USA},
}

@inproceedings{Doran:1995:CAI:199688.199790,
 author = {Doran, Michael V. and Langan, David D.},
 title = {A Cognitive-based Approach to Introductory Computer Science Courses: Lesson Learned},
 booktitle = {Proceedings of the Twenty-sixth SIGCSE Technical Symposium on Computer Science Education},
 series = {SIGCSE '95},
 year = {1995},
 isbn = {0-89791-693-X},
 location = {Nashville, Tennessee, USA},
 pages = {218--222},
 numpages = {5},
 url = {http://doi.acm.org/10.1145/199688.199790},
 doi = {10.1145/199688.199790},
 acmid = {199790},
 publisher = {ACM},
 address = {New York, NY, USA},
}

@article{Scott:2003:BTA:948737.948775,
 author = {Scott, Terry},
 title = {Bloom's Taxonomy Applied to Testing in Computer Science Classes},
 journal = {J. Comput. Sci. Coll.},
 issue_date = {October 2003},
 volume = {19},
 number = {1},
 month = oct,
 year = {2003},
 issn = {1937-4771},
 pages = {267--274},
 numpages = {8},
 url = {http://dl.acm.org/citation.cfm?id=948737.948775},
 acmid = {948775},
 publisher = {Consortium for Computing Sciences in Colleges},
 address = {USA},
}

