@inproceedings{Schueler:2008:MEM:1599871.1599910,
 author = {Schueler, Anne and Scheiter, Katharina and Gerjets, Peter and Rummer, Ralf},
 title = {The Modality Effect in Multimedia Learning: Theoretical and Empirical Limitations},
 booktitle = {Proceedings of the 8th International Conference on International Conference for the Learning Sciences - Volume 2},
 series = {ICLS'08},
 year = {2008},
 location = {Utrecht, The Netherlands},
 pages = {311--318},
 numpages = {8},
 url = {http://dl.acm.org/citation.cfm?id=1599871.1599910},
 acmid = {1599910},
 publisher = {International Society of the Learning Sciences},
}

@inproceedings{Katuk:2010:SBR:1832838.1832843,
 author = {Katuk, Norliza and Ryu, Hokyoung},
 title = {Seeing is Believing?: Rehearsing Mayer's Multimedia Effects in Intelligent Tutoring Systems},
 booktitle = {Proceedings of the 11th International Conference of the NZ Chapter of the ACM Special Interest Group on Human-Computer Interaction},
 series = {CHINZ '10},
 year = {2010},
 isbn = {978-1-4503-0104-6},
 location = {Auckland, New Zealand},
 pages = {25--28},
 numpages = {4},
 url = {http://doi.acm.org/10.1145/1832838.1832843},
 doi = {10.1145/1832838.1832843},
 acmid = {1832843},
 publisher = {ACM},
 address = {New York, NY, USA},
 keywords = {e-learning, intelligent tutoring systems (ITSs), modality, multimedia, multimedia effect, types of knowledge},
}

