@article{Hamer:2008:CSP:1473195.1473242,
 author = {Hamer, John and Cutts, Quintin and Jackova, Jana and Luxton-Reilly, Andrew and McCartney, Robert and Purchase, Helen and Riedesel, Charles and Saeli, Mara and Sanders, Kate and Sheard, Judithe},
 title = {Contributing Student Pedagogy},
 journal = {SIGCSE Bull.},
 issue_date = {December 2008},
 volume = {40},
 number = {4},
 month = nov,
 year = {2008},
 issn = {0097-8418},
 pages = {194--212},
 numpages = {19},
 url = {http://doi.acm.org/10.1145/1473195.1473242},
 doi = {10.1145/1473195.1473242},
 acmid = {1473242},
 publisher = {ACM},
 address = {New York, NY, USA},
 keywords = {constructivism, contributing student, pedagogy},
}

@article{Schwarm:2003:MCU:961290.961532,
 author = {Schwarm, Sarah and VanDeGrift, Tammy},
 title = {Making Connections: Using Classroom Assessment to Elicit Students' Prior Knowledge and Construction of Concepts},
 journal = {SIGCSE Bull.},
 issue_date = {September 2003},
 volume = {35},
 number = {3},
 month = jun,
 year = {2003},
 issn = {0097-8418},
 pages = {65--69},
 numpages = {5},
 url = {http://doi.acm.org/10.1145/961290.961532},
 doi = {10.1145/961290.961532},
 acmid = {961532},
 publisher = {ACM},
 address = {New York, NY, USA},
 keywords = {classroom assessment, constructivism},
}

@inproceedings{Schwarm:2003:MCU:961511.961532,
 author = {Schwarm, Sarah and VanDeGrift, Tammy},
 title = {Making Connections: Using Classroom Assessment to Elicit Students' Prior Knowledge and Construction of Concepts},
 booktitle = {Proceedings of the 8th Annual Conference on Innovation and Technology in Computer Science Education},
 series = {ITiCSE '03},
 year = {2003},
 isbn = {1-58113-672-2},
 location = {Thessaloniki, Greece},
 pages = {65--69},
 numpages = {5},
 url = {http://doi.acm.org/10.1145/961511.961532},
 doi = {10.1145/961511.961532},
 acmid = {961532},
 publisher = {ACM},
 address = {New York, NY, USA},
 keywords = {classroom assessment, constructivism},
}

@inproceedings{Levy:2002:STP:544414.544442,
 author = {Levy, Dalit and Lapidot, Tami},
 title = {Shared Terminology, Private Syntax: The Case of Recursive Descriptions},
 booktitle = {Proceedings of the 7th Annual Conference on Innovation and Technology in Computer Science Education},
 series = {ITiCSE '02},
 year = {2002},
 isbn = {1-58113-499-1},
 location = {Aarhus, Denmark},
 pages = {89--93},
 numpages = {5},
 url = {http://doi.acm.org/10.1145/544414.544442},
 doi = {10.1145/544414.544442},
 acmid = {544442},
 publisher = {ACM},
 address = {New York, NY, USA},
 keywords = {class discourse, constructivism, recursion},
}

@article{Levy:2002:STP:637610.544442,
 author = {Levy, Dalit and Lapidot, Tami},
 title = {Shared Terminology, Private Syntax: The Case of Recursive Descriptions},
 journal = {SIGCSE Bull.},
 issue_date = {September 2002},
 volume = {34},
 number = {3},
 month = jun,
 year = {2002},
 issn = {0097-8418},
 pages = {89--93},
 numpages = {5},
 url = {http://doi.acm.org/10.1145/637610.544442},
 doi = {10.1145/637610.544442},
 acmid = {544442},
 publisher = {ACM},
 address = {New York, NY, USA},
 keywords = {class discourse, constructivism, recursion},
}

@article{Chesnevar:2004:DSP:1026487.1008002,
 author = {Ches\~{n}evar, Carlos I. and Gonz\'{a}lez, Maria P. and Maguitman, Ana G.},
 title = {Didactic Strategies for Promoting Significant Learning in Formal Languages and Automata Theory},
 journal = {SIGCSE Bull.},
 issue_date = {September 2004},
 volume = {36},
 number = {3},
 month = jun,
 year = {2004},
 issn = {0097-8418},
 pages = {7--11},
 numpages = {5},
 url = {http://doi.acm.org/10.1145/1026487.1008002},
 doi = {10.1145/1026487.1008002},
 acmid = {1008002},
 publisher = {ACM},
 address = {New York, NY, USA},
 keywords = {automata theory, constructivism, formal languages},
}

@inproceedings{Chesnevar:2004:DSP:1007996.1008002,
 author = {Ches\~{n}evar, Carlos I. and Gonz\'{a}lez, Maria P. and Maguitman, Ana G.},
 title = {Didactic Strategies for Promoting Significant Learning in Formal Languages and Automata Theory},
 booktitle = {Proceedings of the 9th Annual SIGCSE Conference on Innovation and Technology in Computer Science Education},
 series = {ITiCSE '04},
 year = {2004},
 isbn = {1-58113-836-9},
 location = {Leeds, United Kingdom},
 pages = {7--11},
 numpages = {5},
 url = {http://doi.acm.org/10.1145/1007996.1008002},
 doi = {10.1145/1007996.1008002},
 acmid = {1008002},
 publisher = {ACM},
 address = {New York, NY, USA},
 keywords = {automata theory, constructivism, formal languages},
}

@article{Holmboe:1999:CFK:384267.305833,
 author = {Holmboe, Christian},
 title = {A Cognitive Framework for Knowledge in Informatics: The Case of Object-orientation},
 journal = {SIGCSE Bull.},
 issue_date = {Sept. 1999},
 volume = {31},
 number = {3},
 month = jun,
 year = {1999},
 issn = {0097-8418},
 pages = {17--20},
 numpages = {4},
 url = {http://doi.acm.org/10.1145/384267.305833},
 doi = {10.1145/384267.305833},
 acmid = {305833},
 publisher = {ACM},
 address = {New York, NY, USA},
 keywords = {constructivism, object-orientation, skills/understanding},
}

@inproceedings{Holmboe:1999:CFK:305786.305833,
 author = {Holmboe, Christian},
 title = {A Cognitive Framework for Knowledge in Informatics: The Case of Object-orientation},
 booktitle = {Proceedings of the 4th Annual SIGCSE/SIGCUE ITiCSE Conference on Innovation and Technology in Computer Science Education},
 series = {ITiCSE '99},
 year = {1999},
 isbn = {1-58113-087-2},
 location = {Cracow, Poland},
 pages = {17--20},
 numpages = {4},
 url = {http://doi.acm.org/10.1145/305786.305833},
 doi = {10.1145/305786.305833},
 acmid = {305833},
 publisher = {ACM},
 address = {New York, NY, USA},
 keywords = {constructivism, object-orientation, skills/understanding},
}

@inproceedings{Taxen:2003:TCG:965106.965110,
 author = {Tax{\'e}n, Gustav},
 title = {Teaching Computer Graphics Constructively},
 booktitle = {ACM SIGGRAPH 2003 Educators Program},
 series = {SIGGRAPH '03},
 year = {2003},
 location = {San Diego, California},
 pages = {1--4},
 numpages = {4},
 url = {http://doi.acm.org/10.1145/965106.965110},
 doi = {10.1145/965106.965110},
 acmid = {965110},
 publisher = {ACM},
 address = {New York, NY, USA},
 keywords = {computer graphics education, constructivism},
}

@article{Hadjerrouit:2005:CGP:1113847.1113875,
 author = {Hadjerrouit, Said},
 title = {Constructivism As Guiding Philosophy for Software Engineering Education},
 journal = {SIGCSE Bull.},
 issue_date = {December 2005},
 volume = {37},
 number = {4},
 month = dec,
 year = {2005},
 issn = {0097-8418},
 pages = {45--49},
 numpages = {5},
 url = {http://doi.acm.org/10.1145/1113847.1113875},
 doi = {10.1145/1113847.1113875},
 acmid = {1113875},
 publisher = {ACM},
 address = {New York, NY, USA},
 keywords = {UML, constructivism, object-oriented software engineering, pedagogical model, web-based technology},
}

@article{Eckerdal:2006:PTC:1140123.1140154,
 author = {Eckerdal, Anna and McCartney, Robert and Mostr\"{o}m, Jan Erik and Ratcliffe, Mark and Sanders, Kate and Zander, Carol},
 title = {Putting Threshold Concepts into Context in Computer Science Education},
 journal = {SIGCSE Bull.},
 issue_date = {September 2006},
 volume = {38},
 number = {3},
 month = jun,
 year = {2006},
 issn = {0097-8418},
 pages = {103--107},
 numpages = {5},
 url = {http://doi.acm.org/10.1145/1140123.1140154},
 doi = {10.1145/1140123.1140154},
 acmid = {1140154},
 publisher = {ACM},
 address = {New York, NY, USA},
 keywords = {constructivism, education research, threshold concepts},
}

@inproceedings{Eckerdal:2006:PTC:1140124.1140154,
 author = {Eckerdal, Anna and McCartney, Robert and Mostr\"{o}m, Jan Erik and Ratcliffe, Mark and Sanders, Kate and Zander, Carol},
 title = {Putting Threshold Concepts into Context in Computer Science Education},
 booktitle = {Proceedings of the 11th Annual SIGCSE Conference on Innovation and Technology in Computer Science Education},
 series = {ITICSE '06},
 year = {2006},
 isbn = {1-59593-055-8},
 location = {Bologna, Italy},
 pages = {103--107},
 numpages = {5},
 url = {http://doi.acm.org/10.1145/1140124.1140154},
 doi = {10.1145/1140124.1140154},
 acmid = {1140154},
 publisher = {ACM},
 address = {New York, NY, USA},
 keywords = {constructivism, education research, threshold concepts},
}

@inproceedings{Ginat:2013:CUE:2445196.2445300,
 author = {Ginat, David and Shmalo, Ronit},
 title = {Constructive Use of Errors in Teaching CS1},
 booktitle = {Proceeding of the 44th ACM Technical Symposium on Computer Science Education},
 series = {SIGCSE '13},
 year = {2013},
 isbn = {978-1-4503-1868-6},
 location = {Denver, Colorado, USA},
 pages = {353--358},
 numpages = {6},
 url = {http://doi.acm.org/10.1145/2445196.2445300},
 doi = {10.1145/2445196.2445300},
 acmid = {2445300},
 publisher = {ACM},
 address = {New York, NY, USA},
 keywords = {OOP, constructivism, learning from errors},
}

@inproceedings{Chen:2006:BSK:1140124.1140236,
 author = {Chen, Tzu-Yi and Lewandowski, Gary and McCartney, Robert and Sanders, Kate and Simon, Beth},
 title = {What Do Beginning Students Know, and What Can They Do?},
 booktitle = {Proceedings of the 11th Annual SIGCSE Conference on Innovation and Technology in Computer Science Education},
 series = {ITICSE '06},
 year = {2006},
 isbn = {1-59593-055-8},
 location = {Bologna, Italy},
 pages = {329--329},
 numpages = {1},
 url = {http://doi.acm.org/10.1145/1140124.1140236},
 doi = {10.1145/1140124.1140236},
 acmid = {1140236},
 publisher = {ACM},
 address = {New York, NY, USA},
 keywords = {constructivism, education research, student background},
}

@article{Chen:2006:BSK:1140123.1140236,
 author = {Chen, Tzu-Yi and Lewandowski, Gary and McCartney, Robert and Sanders, Kate and Simon, Beth},
 title = {What Do Beginning Students Know, and What Can They Do?},
 journal = {SIGCSE Bull.},
 issue_date = {September 2006},
 volume = {38},
 number = {3},
 month = jun,
 year = {2006},
 issn = {0097-8418},
 pages = {329--329},
 numpages = {1},
 url = {http://doi.acm.org/10.1145/1140123.1140236},
 doi = {10.1145/1140123.1140236},
 acmid = {1140236},
 publisher = {ACM},
 address = {New York, NY, USA},
 keywords = {constructivism, education research, student background},
}

@article{Gotschi:2003:MMR:792548.612004,
 author = {G\"{o}tschi, Tina and Sanders, Ian and Galpin, Vashti},
 title = {Mental Models of Recursion},
 journal = {SIGCSE Bull.},
 issue_date = {January 2003},
 volume = {35},
 number = {1},
 month = jan,
 year = {2003},
 issn = {0097-8418},
 pages = {346--350},
 numpages = {5},
 url = {http://doi.acm.org/10.1145/792548.612004},
 doi = {10.1145/792548.612004},
 acmid = {612004},
 publisher = {ACM},
 address = {New York, NY, USA},
 keywords = {constructivism, learning, mental models, pedagogy, programming, recursion},
}

@inproceedings{Gotschi:2003:MMR:611892.612004,
 author = {G\"{o}tschi, Tina and Sanders, Ian and Galpin, Vashti},
 title = {Mental Models of Recursion},
 booktitle = {Proceedings of the 34th SIGCSE Technical Symposium on Computer Science Education},
 series = {SIGCSE '03},
 year = {2003},
 isbn = {1-58113-648-X},
 location = {Reno, Navada, USA},
 pages = {346--350},
 numpages = {5},
 url = {http://doi.acm.org/10.1145/611892.612004},
 doi = {10.1145/611892.612004},
 acmid = {612004},
 publisher = {ACM},
 address = {New York, NY, USA},
 keywords = {constructivism, learning, mental models, pedagogy, programming, recursion},
}

@inproceedings{Wen:2018:REN:3178158.3178175,
 author = {Wen, Xinxiu and Yang, Zeping and Wang, Zhanquan},
 title = {Research on Enhancing Non-major Students' Abilities Based on Constructivism},
 booktitle = {Proceedings of the 6th International Conference on Information and Education Technology},
 series = {ICIET '18},
 year = {2018},
 isbn = {978-1-4503-5359-5},
 location = {Osaka, Japan},
 pages = {139--143},
 numpages = {5},
 url = {http://doi.acm.org/10.1145/3178158.3178175},
 doi = {10.1145/3178158.3178175},
 acmid = {3178175},
 publisher = {ACM},
 address = {New York, NY, USA},
 keywords = {computational thinking, constructivism, professional problems solving, project based collaborative learning},
}

@inproceedings{Boyer:2008:SDC:1414558.1414585,
 author = {Boyer, Naomi R. and Langevin, Sara and Gaspar, Alessio},
 title = {Self Direction \& Constructivism in Programming Education},
 booktitle = {Proceedings of the 9th ACM SIGITE Conference on Information Technology Education},
 series = {SIGITE '08},
 year = {2008},
 isbn = {978-1-60558-329-7},
 location = {Cincinnati, OH, USA},
 pages = {89--94},
 numpages = {6},
 url = {http://doi.acm.org/10.1145/1414558.1414585},
 doi = {10.1145/1414558.1414585},
 acmid = {1414585},
 publisher = {ACM},
 address = {New York, NY, USA},
 keywords = {cs-1, introductory programming, self-directed learning},
}

@article{Veal:2001:ALO:366413.364751,
 author = {Veal, D. and Maj, S. P. and Duley, Rick},
 title = {Assessing \&Ldquo;Hands on\&Rdquo; Skills on CS1 Computer \&Amp; Network Technology Units},
 journal = {SIGCSE Bull.},
 issue_date = {March 2001},
 volume = {33},
 number = {1},
 month = feb,
 year = {2001},
 issn = {0097-8418},
 pages = {381--385},
 numpages = {5},
 url = {http://doi.acm.org/10.1145/366413.364751},
 doi = {10.1145/366413.364751},
 acmid = {364751},
 publisher = {ACM},
 address = {New York, NY, USA},
 keywords = {competency based assessment, computer technology, constructivism},
}

@inproceedings{Veal:2001:ALO:364447.364751,
 author = {Veal, D. and Maj, S. P. and Duley, Rick},
 title = {Assessing \&Ldquo;Hands on\&Rdquo; Skills on CS1 Computer \&Amp; Network Technology Units},
 booktitle = {Proceedings of the Thirty-second SIGCSE Technical Symposium on Computer Science Education},
 series = {SIGCSE '01},
 year = {2001},
 isbn = {1-58113-329-4},
 location = {Charlotte, North Carolina, USA},
 pages = {381--385},
 numpages = {5},
 url = {http://doi.acm.org/10.1145/364447.364751},
 doi = {10.1145/364447.364751},
 acmid = {364751},
 publisher = {ACM},
 address = {New York, NY, USA},
 keywords = {competency based assessment, computer technology, constructivism},
}

@inproceedings{Hyde:2006:ACP:1181216.1181252,
 author = {Hyde, Paul and Nanis, Suzanne},
 title = {Applying Constructivist Principles to Reinvigorate Faculty Training},
 booktitle = {Proceedings of the 34th  Annual ACM SIGUCCS Fall Conference: Expanding the Boundaries},
 series = {SIGUCCS '06},
 year = {2006},
 isbn = {1-59593-438-3},
 location = {Edmonton, Alberta, Canada},
 pages = {157--160},
 numpages = {4},
 url = {http://doi.acm.org/10.1145/1181216.1181252},
 doi = {10.1145/1181216.1181252},
 acmid = {1181252},
 publisher = {ACM},
 address = {New York, NY, USA},
 keywords = {constructivism, faculty development, instructional design, training},
}

@article{Ekaterini:2003:TSE:961290.961601,
 author = {Ekaterini, Georgouli and Spyros, Bakoyannis and Panagiotis, Giannakoulias},
 title = {Teaching IT in Secondary Education Through Problem-based Learning Could Be Really Beneficial},
 journal = {SIGCSE Bull.},
 issue_date = {September 2003},
 volume = {35},
 number = {3},
 month = jun,
 year = {2003},
 issn = {0097-8418},
 pages = {243--243},
 numpages = {1},
 url = {http://doi.acm.org/10.1145/961290.961601},
 doi = {10.1145/961290.961601},
 acmid = {961601},
 publisher = {ACM},
 address = {New York, NY, USA},
 keywords = {Problem-Based Learning (PBL), constructivism, research},
}

@inproceedings{Ekaterini:2003:TSE:961511.961601,
 author = {Ekaterini, Georgouli and Spyros, Bakoyannis and Panagiotis, Giannakoulias},
 title = {Teaching IT in Secondary Education Through Problem-based Learning Could Be Really Beneficial},
 booktitle = {Proceedings of the 8th Annual Conference on Innovation and Technology in Computer Science Education},
 series = {ITiCSE '03},
 year = {2003},
 isbn = {1-58113-672-2},
 location = {Thessaloniki, Greece},
 pages = {243--243},
 numpages = {1},
 url = {http://doi.acm.org/10.1145/961511.961601},
 doi = {10.1145/961511.961601},
 acmid = {961601},
 publisher = {ACM},
 address = {New York, NY, USA},
 keywords = {Problem-Based Learning (PBL), constructivism, research},
}

@inproceedings{Moreno:2014:DEC:2538862.2538888,
 author = {Moreno, Andr{\'e}s and Sutinen, Erkki and Joy, Mike},
 title = {Defining and Evaluating Conflictive Animations for Programming Education: The Case of Jeliot ConAn},
 booktitle = {Proceedings of the 45th ACM Technical Symposium on Computer Science Education},
 series = {SIGCSE '14},
 year = {2014},
 isbn = {978-1-4503-2605-6},
 location = {Atlanta, Georgia, USA},
 pages = {629--634},
 numpages = {6},
 url = {http://doi.acm.org/10.1145/2538862.2538888},
 doi = {10.1145/2538862.2538888},
 acmid = {2538888},
 publisher = {ACM},
 address = {New York, NY, USA},
 keywords = {animation, conflictive animation, constructivism, cs1, programming},
}

@inproceedings{Fernandez-Robles:2016:MLI:3012430.3012539,
 author = {Fern\'{a}ndez-Robles, Laura and Alaiz-Moreton, Hector and Alfonso-Cend\'{o}n, Javier and Castejon-Limas, Manuel and Panizo-Alonso, Luis},
 title = {Machine Learning Insights on the Learning Process},
 booktitle = {Proceedings of the Fourth International Conference on Technological Ecosystems for Enhancing Multiculturality},
 series = {TEEM '16},
 year = {2016},
 isbn = {978-1-4503-4747-1},
 location = {Salamanca, Spain},
 pages = {349--353},
 numpages = {5},
 url = {http://doi.acm.org/10.1145/3012430.3012539},
 doi = {10.1145/3012430.3012539},
 acmid = {3012539},
 publisher = {ACM},
 address = {New York, NY, USA},
 keywords = {classification, constructivism, machine learning, moodle},
}

@inproceedings{Lewandowski:2007:CCC:1288580.1288598,
 author = {Lewandowski, Gary and Bouvier, Dennis J. and McCartney, Robert and Sanders, Kate and Simon, Beth},
 title = {Commonsense Computing (Episode 3): Concurrency and Concert Tickets},
 booktitle = {Proceedings of the Third International Workshop on Computing Education Research},
 series = {ICER '07},
 year = {2007},
 isbn = {978-1-59593-841-1},
 location = {Atlanta, Georgia, USA},
 pages = {133--144},
 numpages = {12},
 url = {http://doi.acm.org/10.1145/1288580.1288598},
 doi = {10.1145/1288580.1288598},
 acmid = {1288598},
 publisher = {ACM},
 address = {New York, NY, USA},
 keywords = {CS1, beginners, concurrency, constructivism, novices, preconceptions, resources},
}

@inproceedings{Chen:2007:CCU:1227310.1227408,
 author = {Chen, Tzu-Yi and Chen, Tzu-Yi and Lewandowski, Gary and McCartney, Robert and Sanders, Kate and Simon, Beth},
 title = {Commonsense Computing: Using Student Sorting Abilities to Improve Instruction},
 booktitle = {Proceedings of the 38th SIGCSE Technical Symposium on Computer Science Education},
 series = {SIGCSE '07},
 year = {2007},
 isbn = {1-59593-361-1},
 location = {Covington, Kentucky, USA},
 pages = {276--280},
 numpages = {5},
 url = {http://doi.acm.org/10.1145/1227310.1227408},
 doi = {10.1145/1227310.1227408},
 acmid = {1227408},
 publisher = {ACM},
 address = {New York, NY, USA},
 keywords = {CS1, beginner, constructivism, na\"{\i}ve, preconceptions, resources, sorting},
}

@article{Chen:2007:CCU:1227504.1227408,
 author = {Chen, Tzu-Yi and Chen, Tzu-Yi and Lewandowski, Gary and McCartney, Robert and Sanders, Kate and Simon, Beth},
 title = {Commonsense Computing: Using Student Sorting Abilities to Improve Instruction},
 journal = {SIGCSE Bull.},
 issue_date = {March 2007},
 volume = {39},
 number = {1},
 month = mar,
 year = {2007},
 issn = {0097-8418},
 pages = {276--280},
 numpages = {5},
 url = {http://doi.acm.org/10.1145/1227504.1227408},
 doi = {10.1145/1227504.1227408},
 acmid = {1227408},
 publisher = {ACM},
 address = {New York, NY, USA},
 keywords = {CS1, beginner, constructivism, na\"{\i}ve, preconceptions, resources, sorting},
}

@inproceedings{Alexandron:2012:EPP:2401796.2401821,
 author = {Alexandron, Giora and Armoni, Michal and Gordon, Michal and Harel, David},
 title = {The Effect of Previous Programming Experience on the Learning of Scenario-based Programming},
 booktitle = {Proceedings of the 12th Koli Calling International Conference on Computing Education Research},
 series = {Koli Calling '12},
 year = {2012},
 isbn = {978-1-4503-1795-5},
 location = {Koli, Finland},
 pages = {151--159},
 numpages = {9},
 url = {http://doi.acm.org/10.1145/2401796.2401821},
 doi = {10.1145/2401796.2401821},
 acmid = {2401821},
 publisher = {ACM},
 address = {New York, NY, USA},
 keywords = {constructivism, scenario-based programming, visual languages},
}

@article{Brandt:1997:CTU:262793.262814,
 author = {Brandt, D. Scott},
 title = {Constructivism: Teaching for Understanding of the Internet},
 journal = {Commun. ACM},
 issue_date = {Oct. 1997},
 volume = {40},
 number = {10},
 month = oct,
 year = {1997},
 issn = {0001-0782},
 pages = {112--117},
 numpages = {6},
 url = {http://doi.acm.org/10.1145/262793.262814},
 doi = {10.1145/262793.262814},
 acmid = {262814},
 publisher = {ACM},
 address = {New York, NY, USA},
}

@inproceedings{Blikstein:2012:BMM:2307096.2307150,
 author = {Blikstein, Paulo and Fuhrmann, Tamar and Greene, Daniel and Salehi, Shima},
 title = {Bifocal Modeling: Mixing Real and Virtual Labs for Advanced Science Learning},
 booktitle = {Proceedings of the 11th International Conference on Interaction Design and Children},
 series = {IDC '12},
 year = {2012},
 isbn = {978-1-4503-1007-9},
 location = {Bremen, Germany},
 pages = {296--299},
 numpages = {4},
 url = {http://doi.acm.org/10.1145/2307096.2307150},
 doi = {10.1145/2307096.2307150},
 acmid = {2307150},
 publisher = {ACM},
 address = {New York, NY, USA},
 keywords = {computer modeling, constructivism, physical computing, sensing},
}

@article{Carter:1999:CPH:384267.305848,
 author = {Carter, Janet},
 title = {Collaboration or Plagiarism: What Happens when Students Work Together},
 journal = {SIGCSE Bull.},
 issue_date = {Sept. 1999},
 volume = {31},
 number = {3},
 month = jun,
 year = {1999},
 issn = {0097-8418},
 pages = {52--55},
 numpages = {4},
 url = {http://doi.acm.org/10.1145/384267.305848},
 doi = {10.1145/384267.305848},
 acmid = {305848},
 publisher = {ACM},
 address = {New York, NY, USA},
 keywords = {co-operation, collaboration, constructivism, plagiarism, programming, scaffolding},
}

@inproceedings{Carter:1999:CPH:305786.305848,
 author = {Carter, Janet},
 title = {Collaboration or Plagiarism: What Happens when Students Work Together},
 booktitle = {Proceedings of the 4th Annual SIGCSE/SIGCUE ITiCSE Conference on Innovation and Technology in Computer Science Education},
 series = {ITiCSE '99},
 year = {1999},
 isbn = {1-58113-087-2},
 location = {Cracow, Poland},
 pages = {52--55},
 numpages = {4},
 url = {http://doi.acm.org/10.1145/305786.305848},
 doi = {10.1145/305786.305848},
 acmid = {305848},
 publisher = {ACM},
 address = {New York, NY, USA},
 keywords = {co-operation, collaboration, constructivism, plagiarism, programming, scaffolding},
}

@inproceedings{Simon:2006:CCS:1151588.1151594,
 author = {Simon, Beth and Chen, Tzu-Yi and Lewandowski, Gary and McCartney, Robert and Sanders, Kate},
 title = {Commonsense Computing: What Students Know Before We Teach (Episode 1: Sorting)},
 booktitle = {Proceedings of the Second International Workshop on Computing Education Research},
 series = {ICER '06},
 year = {2006},
 isbn = {1-59593-494-4},
 location = {Canterbury, United Kingdom},
 pages = {29--40},
 numpages = {12},
 url = {http://doi.acm.org/10.1145/1151588.1151594},
 doi = {10.1145/1151588.1151594},
 acmid = {1151594},
 publisher = {ACM},
 address = {New York, NY, USA},
 keywords = {CS1, beginner, constructivism, na\"{\i}ve, preconceptions, resources, sorting},
}

@article{Hadjerrouit:1998:CFI:290320.283079,
 author = {Hadjerrouit, Said},
 title = {A Constructivist Framework for Integrating the Java Paradigm into the Undergraduate Curriculum},
 journal = {SIGCSE Bull.},
 issue_date = {Sept. 1998},
 volume = {30},
 number = {3},
 month = aug,
 year = {1998},
 issn = {0097-8418},
 pages = {105--107},
 numpages = {3},
 url = {http://doi.acm.org/10.1145/290320.283079},
 doi = {10.1145/290320.283079},
 acmid = {283079},
 publisher = {ACM},
 address = {New York, NY, USA},
 keywords = {Java paradigm, constructivism, undergraduate curriculum},
}

@inproceedings{Hadjerrouit:1998:CFI:282991.283079,
 author = {Hadjerrouit, Said},
 title = {A Constructivist Framework for Integrating the Java Paradigm into the Undergraduate Curriculum},
 booktitle = {Proceedings of the 6th Annual Conference on the Teaching of Computing and the 3rd Annual Conference on Integrating Technology into Computer Science Education: Changing the Delivery of Computer Science Education},
 series = {ITiCSE '98},
 year = {1998},
 isbn = {1-58113-000-7},
 location = {Dublin City Univ., Ireland},
 pages = {105--107},
 numpages = {3},
 url = {http://doi.acm.org/10.1145/282991.283079},
 doi = {10.1145/282991.283079},
 acmid = {283079},
 publisher = {ACM},
 address = {New York, NY, USA},
 keywords = {Java paradigm, constructivism, undergraduate curriculum},
}

@article{Qian:2017:SMO:3155324.3077618,
 author = {Qian, Yizhou and Lehman, James},
 title = {Students\&\#x2019; Misconceptions and Other Difficulties in Introductory Programming: A Literature Review},
 journal = {ACM Trans. Comput. Educ.},
 issue_date = {December 2017},
 volume = {18},
 number = {1},
 month = oct,
 year = {2017},
 issn = {1946-6226},
 pages = {1:1--1:24},
 articleno = {1},
 numpages = {24},
 url = {http://doi.acm.org/10.1145/3077618},
 doi = {10.1145/3077618},
 acmid = {3077618},
 publisher = {ACM},
 address = {New York, NY, USA},
 keywords = {Misconceptions, conceptual change, constructivism, difficulties, introductory programming},
}

@inproceedings{Newman:2003:OEG:858403.858415,
 author = {Newman, Ian and Daniels, Mats and Faulkner, Xristine},
 title = {Open Ended Group Projects a 'Tool' for More Effective Teaching},
 booktitle = {Proceedings of the Fifth Australasian Conference on Computing Education - Volume 20},
 series = {ACE '03},
 year = {2003},
 isbn = {0-909925-98-4},
 location = {Adelaide, Australia},
 pages = {95--103},
 numpages = {9},
 url = {http://dl.acm.org/citation.cfm?id=858403.858415},
 acmid = {858415},
 publisher = {Australian Computer Society, Inc.},
 address = {Darlinghurst, Australia, Australia},
 keywords = {OEPG, constructivism, motivation, problem based learning},
}

@inproceedings{Sorva:2007:SUS:2449323.2449337,
 author = {Sorva, Juha},
 title = {Students' Understandings of Storing Objects},
 booktitle = {Proceedings of the Seventh Baltic Sea Conference on Computing Education Research - Volume 88},
 series = {Koli Calling '07},
 year = {2007},
 isbn = {978-1-920682-69-9},
 location = {Koli National Park, Finland},
 pages = {127--135},
 numpages = {9},
 url = {http://dl.acm.org/citation.cfm?id=2449323.2449337},
 acmid = {2449337},
 publisher = {Australian Computer Society, Inc.},
 address = {Darlinghurst, Australia, Australia},
 keywords = {CS1, constructivism, misconceptions, objects, phenomenography, students' understandings},
}

@inproceedings{Bruns:2007:BCC:1296951.1296952,
 author = {Bruns, Axel and Humphreys, Sal},
 title = {Building Collaborative Capacities in Learners: The M/Cyclopedia Project Revisited},
 booktitle = {Proceedings of the 2007 International Symposium on Wikis},
 series = {WikiSym '07},
 year = {2007},
 isbn = {978-1-59593-861-9},
 location = {Montreal, Quebec, Canada},
 pages = {1--10},
 numpages = {10},
 url = {http://doi.acm.org/10.1145/1296951.1296952},
 doi = {10.1145/1296951.1296952},
 acmid = {1296952},
 publisher = {ACM},
 address = {New York, NY, USA},
 keywords = {pedagogy, produsage, social constructivism, tertiary education, wiki},
}

@inproceedings{McCartney:2009:CCA:1584322.1584330,
 author = {McCartney, Robert and Bouvier, Dennis J. and Chen, Tzu-Yi and Lewandowski, Gary and Sanders, Kate and Simon, Beth and VanDeGrift, Tammy},
 title = {Commonsense Computing (Episode 5): Algorithm Efficiency and Balloon Testing},
 booktitle = {Proceedings of the Fifth International Workshop on Computing Education Research Workshop},
 series = {ICER '09},
 year = {2009},
 isbn = {978-1-60558-615-1},
 location = {Berkeley, CA, USA},
 pages = {51--62},
 numpages = {12},
 url = {http://doi.acm.org/10.1145/1584322.1584330},
 doi = {10.1145/1584322.1584330},
 acmid = {1584330},
 publisher = {ACM},
 address = {New York, NY, USA},
 keywords = {algoirithm analysis, commonsense, constructivism, preconceptions, water balloons},
}

@inproceedings{Ben-Ari:1998:CCS:273133.274308,
 author = {Ben-Ari, Mordechai},
 title = {Constructivism in Computer Science Education},
 booktitle = {Proceedings of the Twenty-ninth SIGCSE Technical Symposium on Computer Science Education},
 series = {SIGCSE '98},
 year = {1998},
 isbn = {0-89791-994-7},
 location = {Atlanta, Georgia, USA},
 pages = {257--261},
 numpages = {5},
 url = {http://doi.acm.org/10.1145/273133.274308},
 doi = {10.1145/273133.274308},
 acmid = {274308},
 publisher = {ACM},
 address = {New York, NY, USA},
}

@article{Ben-Ari:1998:CCS:274790.274308,
 author = {Ben-Ari, Mordechai},
 title = {Constructivism in Computer Science Education},
 journal = {SIGCSE Bull.},
 issue_date = {Mar. 1998},
 volume = {30},
 number = {1},
 month = mar,
 year = {1998},
 issn = {0097-8418},
 pages = {257--261},
 numpages = {5},
 url = {http://doi.acm.org/10.1145/274790.274308},
 doi = {10.1145/274790.274308},
 acmid = {274308},
 publisher = {ACM},
 address = {New York, NY, USA},
}

@inproceedings{Stinson:1995:EII:222020.222823,
 author = {Stinson, John E. and Milter, Richard G.},
 title = {The Enabling Impact of Information Technology: The Case of the Ohio University MBA},
 booktitle = {The First International Conference on Computer Support for Collaborative Learning},
 series = {CSCL '95},
 year = {1995},
 isbn = {0-8058-2243-7},
 location = {Indiana Univ., Bloomington, Indiana, USA},
 pages = {333--336},
 numpages = {4},
 url = {https://doi.org/10.3115/222020.222823},
 doi = {10.3115/222020.222823},
 acmid = {222823},
 publisher = {L. Erlbaum Associates Inc.},
 address = {Hillsdale, NJ, USA},
 keywords = {cognitive constructivism, collaboration, information technology, teamwork},
}

@inproceedings{Seol:2012:UMA:2380552.2380591,
 author = {Seol, Sunmi and Sharp, Aaron and Kim, Paul},
 title = {Use of a Mobile Application to Promote Scientific Discovery Learning: Students' Perceptions Towards and Practical Adoption of a Mobile Application},
 booktitle = {Proceedings of the 13th Annual Conference on Information Technology Education},
 series = {SIGITE '12},
 year = {2012},
 isbn = {978-1-4503-1464-0},
 location = {Calgary, Alberta, Canada},
 pages = {121--126},
 numpages = {6},
 url = {http://doi.acm.org/10.1145/2380552.2380591},
 doi = {10.1145/2380552.2380591},
 acmid = {2380591},
 publisher = {ACM},
 address = {New York, NY, USA},
 keywords = {constructivism, mobile application, mobile document, scientific discovery learning},
}

@inproceedings{MelchioriPeruzza:2004:CCK:1044588.1044624,
 author = {Melchiori Peruzza, Ana Paula Piovesan and Zuffo, Marcelo K.},
 title = {ConstruiRV: Constructing Knowledge Using the Virtual Reality},
 booktitle = {Proceedings of the 2004 ACM SIGGRAPH International Conference on Virtual Reality Continuum and Its Applications in Industry},
 series = {VRCAI '04},
 year = {2004},
 isbn = {1-58113-884-9},
 location = {Singapore},
 pages = {180--183},
 numpages = {4},
 url = {http://doi.acm.org/10.1145/1044588.1044624},
 doi = {10.1145/1044588.1044624},
 acmid = {1044624},
 publisher = {ACM},
 address = {New York, NY, USA},
 keywords = {constructivism, didactic tool, virtual reality in education},
}

@inproceedings{Blikstein:2014:RPI:2593968.2597649,
 author = {Blikstein, Paulo},
 title = {Reempowering Powerful Ideas: Designers' Mission in the Age of Ubiquitous Technology},
 booktitle = {Proceedings of the 2014 Conference on Interaction Design and Children},
 series = {IDC '14},
 year = {2014},
 isbn = {978-1-4503-2272-0},
 location = {Aarhus, Denmark},
 pages = {1--4},
 numpages = {4},
 url = {http://doi.acm.org/10.1145/2593968.2597649},
 doi = {10.1145/2593968.2597649},
 acmid = {2597649},
 publisher = {ACM},
 address = {New York, NY, USA},
 keywords = {constructionism, constructivism, education, interaction design, makers' movement, physical computing, robotics},
}

@inproceedings{Esper:2012:EHA:2361276.2361297,
 author = {Esper, Sarah and Simon, Beth and Cutts, Quintin},
 title = {Exploratory Homeworks: An Active Learning Tool for Textbook Reading},
 booktitle = {Proceedings of the Ninth Annual International Conference on International Computing Education Research},
 series = {ICER '12},
 year = {2012},
 isbn = {978-1-4503-1604-0},
 location = {Auckland, New Zealand},
 pages = {105--110},
 numpages = {6},
 url = {http://doi.acm.org/10.1145/2361276.2361297},
 doi = {10.1145/2361276.2361297},
 acmid = {2361297},
 publisher = {ACM},
 address = {New York, NY, USA},
 keywords = {active learning, cognitive apprenticeship, constructivism, cs0, kolb learning cycle},
}

@inproceedings{Barbatsis:2011:EGC:2038476.2038488,
 author = {Barbatsis, Kostas and Economou, Daphne and Papamagkana, Ioanna and Loukas, Dimos},
 title = {3D Environments with Games Characteristics for Teaching History: The VRLerna Case Study},
 booktitle = {Proceedings of the 29th ACM International Conference on Design of Communication},
 series = {SIGDOC '11},
 year = {2011},
 isbn = {978-1-4503-0936-3},
 location = {Pisa, Italy},
 pages = {59--66},
 numpages = {8},
 url = {http://doi.acm.org/10.1145/2038476.2038488},
 doi = {10.1145/2038476.2038488},
 acmid = {2038488},
 publisher = {ACM},
 address = {New York, NY, USA},
 keywords = {constructivism, history education, motivation, video games, virtual environments},
}

@inproceedings{Hadjerrouit:1999:CAO:305786.305910,
 author = {Hadjerrouit, Said},
 title = {A Constructivist Approach to Object-oriented Design and Programming},
 booktitle = {Proceedings of the 4th Annual SIGCSE/SIGCUE ITiCSE Conference on Innovation and Technology in Computer Science Education},
 series = {ITiCSE '99},
 year = {1999},
 isbn = {1-58113-087-2},
 location = {Cracow, Poland},
 pages = {171--174},
 numpages = {4},
 url = {http://doi.acm.org/10.1145/305786.305910},
 doi = {10.1145/305786.305910},
 acmid = {305910},
 publisher = {ACM},
 address = {New York, NY, USA},
 keywords = {Java, constructivism, object-oriented design and programming, paradigms of learning},
}

@article{Hadjerrouit:1999:CAO:384267.305910,
 author = {Hadjerrouit, Said},
 title = {A Constructivist Approach to Object-oriented Design and Programming},
 journal = {SIGCSE Bull.},
 issue_date = {Sept. 1999},
 volume = {31},
 number = {3},
 month = jun,
 year = {1999},
 issn = {0097-8418},
 pages = {171--174},
 numpages = {4},
 url = {http://doi.acm.org/10.1145/384267.305910},
 doi = {10.1145/384267.305910},
 acmid = {305910},
 publisher = {ACM},
 address = {New York, NY, USA},
 keywords = {Java, constructivism, object-oriented design and programming, paradigms of learning},
}

@article{Ferguson:2003:OCM:767598.767649,
 author = {Ferguson, Ernest},
 title = {Object-oriented Concept Mapping Using UML Class Diagrams},
 journal = {J. Comput. Sci. Coll.},
 issue_date = {April 2003},
 volume = {18},
 number = {4},
 month = apr,
 year = {2003},
 issn = {1937-4771},
 pages = {344--354},
 numpages = {11},
 url = {http://dl.acm.org/citation.cfm?id=767598.767649},
 acmid = {767649},
 publisher = {Consortium for Computing Sciences in Colleges},
 address = {USA},
 keywords = {UML, concept maps, conceptual change, constructivism},
}

@inproceedings{Zhu:2016:ILS:3014033.3014038,
 author = {Zhu, Xiaoming and Sun, Bo and Luo, Yanlin},
 title = {Interactive Learning System "VisMis" for Scientific Visualization Course},
 booktitle = {Proceedings of the 3rd Asia-Europe Symposium on Simulation \& Serious Gaming},
 series = {VRCAI '16},
 year = {2016},
 isbn = {978-1-4503-4693-1},
 location = {Zhuhai, China},
 pages = {177--184},
 numpages = {8},
 url = {http://doi.acm.org/10.1145/3014033.3014038},
 doi = {10.1145/3014033.3014038},
 acmid = {3014038},
 publisher = {ACM},
 address = {New York, NY, USA},
 keywords = {constructivism, interactive learning, multi-modal interaction, scientific visualization, volume visualization},
}

@inproceedings{Dittert:2014:TCO:2639189.2639202,
 author = {Dittert, Nadine},
 title = {TechSportiv: Constructing Objects-to-think-with for Physical Education},
 booktitle = {Proceedings of the 8th Nordic Conference on Human-Computer Interaction: Fun, Fast, Foundational},
 series = {NordiCHI '14},
 year = {2014},
 isbn = {978-1-4503-2542-4},
 location = {Helsinki, Finland},
 pages = {569--577},
 numpages = {9},
 url = {http://doi.acm.org/10.1145/2639189.2639202},
 doi = {10.1145/2639189.2639202},
 acmid = {2639202},
 publisher = {ACM},
 address = {New York, NY, USA},
 keywords = {children, construction kits, constructionism, constructivism, education, physical education, sports},
}

@inproceedings{Davis:2017:HBT:3078072.3079755,
 author = {Davis, Richard Lee and Orta Martinez, Melisa and Schneider, Oliver and MacLean, Karon E. and Okamura, Allison M. and Blikstein, Paulo},
 title = {The Haptic Bridge: Towards a Theory for Haptic-Supported Learning},
 booktitle = {Proceedings of the 2017 Conference on Interaction Design and Children},
 series = {IDC '17},
 year = {2017},
 isbn = {978-1-4503-4921-5},
 location = {Stanford, California, USA},
 pages = {51--60},
 numpages = {10},
 url = {http://doi.acm.org/10.1145/3078072.3079755},
 doi = {10.1145/3078072.3079755},
 acmid = {3079755},
 publisher = {ACM},
 address = {New York, NY, USA},
 keywords = {constructivism, dynamic visualizations, guided discovery, haptic-feedback devices},
}

@inproceedings{Thevathayan:2015:SDN:2729094.2742609,
 author = {Thevathayan, Charles and Hamilton, Margaret},
 title = {Supporting Diverse Novice Programming Cohorts Through Flexible and Incremental Visual Constructivist Pathways},
 booktitle = {Proceedings of the 2015 ACM Conference on Innovation and Technology in Computer Science Education},
 series = {ITiCSE '15},
 year = {2015},
 isbn = {978-1-4503-3440-2},
 location = {Vilnius, Lithuania},
 pages = {296--301},
 numpages = {6},
 url = {http://doi.acm.org/10.1145/2729094.2742609},
 doi = {10.1145/2729094.2742609},
 acmid = {2742609},
 publisher = {ACM},
 address = {New York, NY, USA},
 keywords = {constructivism, diversity in the classroom, learning programming, motivation, visualisation},
}

@inproceedings{Holz:2007:SRS:1227310.1227424,
 author = {Holz, Hilary and Applin, Anne and Joel, William},
 title = {Status Report of the SIGCSE Committee on Teaching Computer Science Research Methods},
 booktitle = {Proceedings of the 38th SIGCSE Technical Symposium on Computer Science Education},
 series = {SIGCSE '07},
 year = {2007},
 isbn = {1-59593-361-1},
 location = {Covington, Kentucky, USA},
 pages = {327--328},
 numpages = {2},
 url = {http://doi.acm.org/10.1145/1227310.1227424},
 doi = {10.1145/1227310.1227424},
 acmid = {1227424},
 publisher = {ACM},
 address = {New York, NY, USA},
 keywords = {constructivism, learning activities, pedagogy, research methods, situated learning},
}

@article{Holz:2007:SRS:1227504.1227424,
 author = {Holz, Hilary and Applin, Anne and Joel, William},
 title = {Status Report of the SIGCSE Committee on Teaching Computer Science Research Methods},
 journal = {SIGCSE Bull.},
 issue_date = {March 2007},
 volume = {39},
 number = {1},
 month = mar,
 year = {2007},
 issn = {0097-8418},
 pages = {327--328},
 numpages = {2},
 url = {http://doi.acm.org/10.1145/1227504.1227424},
 doi = {10.1145/1227504.1227424},
 acmid = {1227424},
 publisher = {ACM},
 address = {New York, NY, USA},
 keywords = {constructivism, learning activities, pedagogy, research methods, situated learning},
}

@article{Holz:2006:RMC:1189136.1189180,
 author = {Holz, Hilary J. and Applin, Anne and Haberman, Bruria and Joyce, Donald and Purchase, Helen and Reed, Catherine},
 title = {Research Methods in Computing: What Are They, and How Should We Teach Them?},
 journal = {SIGCSE Bull.},
 issue_date = {December 2006},
 volume = {38},
 number = {4},
 month = jun,
 year = {2006},
 issn = {0097-8418},
 pages = {96--114},
 numpages = {19},
 url = {http://doi.acm.org/10.1145/1189136.1189180},
 doi = {10.1145/1189136.1189180},
 acmid = {1189180},
 publisher = {ACM},
 address = {New York, NY, USA},
 keywords = {constructivism, learning activities, pedagogy, research methods, situated learning},
}

@inproceedings{Holz:2006:RMC:1189215.1189180,
 author = {Holz, Hilary J. and Applin, Anne and Haberman, Bruria and Joyce, Donald and Purchase, Helen and Reed, Catherine},
 title = {Research Methods in Computing: What Are They, and How Should We Teach Them?},
 booktitle = {Working Group Reports on ITiCSE on Innovation and Technology in Computer Science Education},
 series = {ITiCSE-WGR '06},
 year = {2006},
 isbn = {1-59593-603-3},
 location = {Bologna, Italy},
 pages = {96--114},
 numpages = {19},
 url = {http://doi.acm.org/10.1145/1189215.1189180},
 doi = {10.1145/1189215.1189180},
 acmid = {1189180},
 publisher = {ACM},
 address = {New York, NY, USA},
 keywords = {constructivism, learning activities, pedagogy, research methods, situated learning},
}

@inproceedings{Blikstein:2012:BMS:2388676.2388729,
 author = {Blikstein, Paulo},
 title = {Bifocal Modeling: A Study on the Learning Outcomes of Comparing Physical and Computational Models Linked in Real Time},
 booktitle = {Proceedings of the 14th ACM International Conference on Multimodal Interaction},
 series = {ICMI '12},
 year = {2012},
 isbn = {978-1-4503-1467-1},
 location = {Santa Monica, California, USA},
 pages = {257--264},
 numpages = {8},
 url = {http://doi.acm.org/10.1145/2388676.2388729},
 doi = {10.1145/2388676.2388729},
 acmid = {2388729},
 publisher = {ACM},
 address = {New York, NY, USA},
 keywords = {bifocal modeling, computer modeling, constructivism, physical computing, sensing},
}

@inproceedings{Powers:2003:BRI:611892.611979,
 author = {Powers, Kris D.},
 title = {Breadth-also: A Rationale and Implementation},
 booktitle = {Proceedings of the 34th SIGCSE Technical Symposium on Computer Science Education},
 series = {SIGCSE '03},
 year = {2003},
 isbn = {1-58113-648-X},
 location = {Reno, Navada, USA},
 pages = {243--247},
 numpages = {5},
 url = {http://doi.acm.org/10.1145/611892.611979},
 doi = {10.1145/611892.611979},
 acmid = {611979},
 publisher = {ACM},
 address = {New York, NY, USA},
 keywords = {CS1, CS2, breadth-also, breadth-first, constructivism, spacing, spiraling},
}

@article{Powers:2003:BRI:792548.611979,
 author = {Powers, Kris D.},
 title = {Breadth-also: A Rationale and Implementation},
 journal = {SIGCSE Bull.},
 issue_date = {January 2003},
 volume = {35},
 number = {1},
 month = jan,
 year = {2003},
 issn = {0097-8418},
 pages = {243--247},
 numpages = {5},
 url = {http://doi.acm.org/10.1145/792548.611979},
 doi = {10.1145/792548.611979},
 acmid = {611979},
 publisher = {ACM},
 address = {New York, NY, USA},
 keywords = {CS1, CS2, breadth-also, breadth-first, constructivism, spacing, spiraling},
}

@inproceedings{Yamashita:2007:SBH:1240866.1241079,
 author = {Yamashita, Jun and Kato, Hiroshi and Ichimaru, Toshiaki and Suzuki, Hideyuki},
 title = {Sounding Board: A Handheld Device for Mutual Assessment in Education},
 booktitle = {CHI '07 Extended Abstracts on Human Factors in Computing Systems},
 series = {CHI EA '07},
 year = {2007},
 isbn = {978-1-59593-642-4},
 location = {San Jose, CA, USA},
 pages = {2783--2788},
 numpages = {6},
 url = {http://doi.acm.org/10.1145/1240866.1241079},
 doi = {10.1145/1240866.1241079},
 acmid = {1241079},
 publisher = {ACM},
 address = {New York, NY, USA},
 keywords = {collaborative learning, educational assessment, ethnomethodology, mutual assessment, social constructivism},
}

@inproceedings{deJong:1995:TCD:222020.222075,
 author = {de Jong, Frank P. C. M. and Mensink, Jos G. B.},
 title = {Training Cops' Decisions in Deadly Force Through Reflection by Use of a Powerful Learning Environment},
 booktitle = {The First International Conference on Computer Support for Collaborative Learning},
 series = {CSCL '95},
 year = {1995},
 isbn = {0-8058-2243-7},
 location = {Indiana Univ., Bloomington, Indiana, USA},
 pages = {89--93},
 numpages = {5},
 url = {https://doi.org/10.3115/222020.222075},
 doi = {10.3115/222020.222075},
 acmid = {222075},
 publisher = {L. Erlbaum Associates Inc.},
 address = {Hillsdale, NJ, USA},
 keywords = {advanced problem solving, constructivism, hypermedia, powerful learning environment, vocational training},
}

@article{Ensley:2010:HAP:1709424.1709443,
 author = {Ensley, Douglas},
 title = {A Hands-on Approach to Proof and Abstraction},
 journal = {SIGCSE Bull.},
 issue_date = {December 2009},
 volume = {41},
 number = {4},
 month = jan,
 year = {2010},
 issn = {0097-8418},
 pages = {45--47},
 numpages = {3},
 url = {http://doi.acm.org/10.1145/1709424.1709443},
 doi = {10.1145/1709424.1709443},
 acmid = {1709443},
 publisher = {ACM},
 address = {New York, NY, USA},
 keywords = {active learning, constructivism, counterexample, mathematical proof, predicate logic},
}

@inproceedings{Gardner:2011:ENC:2016039.2016057,
 author = {Gardner, David and Demuynck, Marie-Anne and Zhang, Jian},
 title = {Engaging Non-majors in Computer Literacy Courses},
 booktitle = {Proceedings of the 49th Annual Southeast Regional Conference},
 series = {ACM-SE '11},
 year = {2011},
 isbn = {978-1-4503-0686-7},
 location = {Kennesaw, Georgia},
 pages = {36--41},
 numpages = {6},
 url = {http://doi.acm.org/10.1145/2016039.2016057},
 doi = {10.1145/2016039.2016057},
 acmid = {2016057},
 publisher = {ACM},
 address = {New York, NY, USA},
 keywords = {computational thinking, computer literacy, constructivism, distance education, hybrid course, online course, social network},
}

@article{D'mello:2013:AAA:2395123.2395128,
 author = {D'mello, Sidney and Graesser, Art},
 title = {AutoTutor and Affective Autotutor: Learning by Talking with Cognitively and Emotionally Intelligent Computers That Talk Back},
 journal = {ACM Trans. Interact. Intell. Syst.},
 issue_date = {December 2012},
 volume = {2},
 number = {4},
 month = jan,
 year = {2013},
 issn = {2160-6455},
 pages = {23:1--23:39},
 articleno = {23},
 numpages = {39},
 url = {http://doi.acm.org/10.1145/2395123.2395128},
 doi = {10.1145/2395123.2395128},
 acmid = {2395128},
 publisher = {ACM},
 address = {New York, NY, USA},
 keywords = {Intelligent tutoring systems, affect detection and synthesis, affective computing, constructivism, deep learning, natural language understanding, student modeling, user modeling},
}

@inproceedings{Hernandez:2011:FEL:2024288.2024332,
 author = {Hern\'{a}ndez, Rocael and Guetl, Christian and Amado-Salvatierra, Hector R.},
 title = {Facebook for e-Moderation: A Latin-American Experience},
 booktitle = {Proceedings of the 11th International Conference on Knowledge Management and Knowledge Technologies},
 series = {i-KNOW '11},
 year = {2011},
 isbn = {978-1-4503-0732-1},
 location = {Graz, Austria},
 pages = {37:1--37:4},
 articleno = {37},
 numpages = {4},
 url = {http://doi.acm.org/10.1145/2024288.2024332},
 doi = {10.1145/2024288.2024332},
 acmid = {2024332},
 publisher = {ACM},
 address = {New York, NY, USA},
 keywords = {CSCL, Facebook on education, constructivism, e-learning, e-moderation, scaffolding, social network sites, technology-enhanced learning},
}

@inproceedings{Spyropoulou:2013:ECE:2491845.2491882,
 author = {Spyropoulou, Maria and Ntourou, Dimitra and Simaki, Vasiliki and Malagkoniari, Dionysia and Koumpouri, Athanasia and Sorra, Maria},
 title = {Evaluating the Correspondence of Educational Software to Learning Theories},
 booktitle = {Proceedings of the 17th Panhellenic Conference on Informatics},
 series = {PCI '13},
 year = {2013},
 isbn = {978-1-4503-1969-0},
 location = {Thessaloniki, Greece},
 pages = {250--257},
 numpages = {8},
 url = {http://doi.acm.org/10.1145/2491845.2491882},
 doi = {10.1145/2491845.2491882},
 acmid = {2491882},
 publisher = {ACM},
 address = {New York, NY, USA},
 keywords = {behaviorism, cognitivism, constructivism, educational software, educational websites, evaluation, instructional design, learning theories, online learning},
}

@article{McKenna:2004:CIP:1026487.1008041,
 author = {McKenna, Peter and Laycock, Ben},
 title = {Constructivist or Instructivist: Pedagogical Concepts Practically Applied to a Computer Learning Environment},
 journal = {SIGCSE Bull.},
 issue_date = {September 2004},
 volume = {36},
 number = {3},
 month = jun,
 year = {2004},
 issn = {0097-8418},
 pages = {166--170},
 numpages = {5},
 url = {http://doi.acm.org/10.1145/1026487.1008041},
 doi = {10.1145/1026487.1008041},
 acmid = {1008041},
 publisher = {ACM},
 address = {New York, NY, USA},
 keywords = {CAI, computer assisted instruction, constructivism, e-learning, learning models, learning technology},
}

@inproceedings{McKenna:2004:CIP:1007996.1008041,
 author = {McKenna, Peter and Laycock, Ben},
 title = {Constructivist or Instructivist: Pedagogical Concepts Practically Applied to a Computer Learning Environment},
 booktitle = {Proceedings of the 9th Annual SIGCSE Conference on Innovation and Technology in Computer Science Education},
 series = {ITiCSE '04},
 year = {2004},
 isbn = {1-58113-836-9},
 location = {Leeds, United Kingdom},
 pages = {166--170},
 numpages = {5},
 url = {http://doi.acm.org/10.1145/1007996.1008041},
 doi = {10.1145/1007996.1008041},
 acmid = {1008041},
 publisher = {ACM},
 address = {New York, NY, USA},
 keywords = {CAI, computer assisted instruction, constructivism, e-learning, learning models, learning technology},
}

@inproceedings{Birchfield:2009:EML:1597956.1597965,
 author = {Birchfield, David and Campana, Ellen and Hatton, Sarah and Johnson-Glenberg, Mina and Kelliher, Aisling and Olson, Loren and Martinez, Christopher and Savvides, Philippos and Tolentino, Lisa and Uysal, Sibel},
 title = {Embodied and Mediated Learning in SMALLab: A Student-centered Mixed-reality Environment},
 booktitle = {ACM SIGGRAPH 2009 Emerging Technologies},
 series = {SIGGRAPH '09},
 year = {2009},
 isbn = {978-1-60558-833-9},
 location = {New Orleans, Louisiana},
 pages = {9:1--9:1},
 articleno = {9},
 numpages = {1},
 url = {http://doi.acm.org/10.1145/1597956.1597965},
 doi = {10.1145/1597956.1597965},
 acmid = {1597965},
 publisher = {ACM},
 address = {New York, NY, USA},
 keywords = {K-12 education, constructivism, experiential media, interactivity, learning, situated multimedia, student centered learning environments},
}

@inproceedings{Petri:2015:PGJ:2786567.2801610,
 author = {Petri, Anja and Schindler, Christian and Slany, Wolfgang and Spieler, Bernadette and Smith, Jonathan},
 title = {Pocket Game Jams: A Constructionist Approach at Schools},
 booktitle = {Proceedings of the 17th International Conference on Human-Computer Interaction with Mobile Devices and Services Adjunct},
 series = {MobileHCI '15},
 year = {2015},
 isbn = {978-1-4503-3653-6},
 location = {Copenhagen, Denmark},
 pages = {1207--1211},
 numpages = {5},
 url = {http://doi.acm.org/10.1145/2786567.2801610},
 doi = {10.1145/2786567.2801610},
 acmid = {2801610},
 publisher = {ACM},
 address = {New York, NY, USA},
 keywords = {Game Jam, Pocket Code, Pocket Game Jam, constructionism, constructivism, educational application, learning by doing},
}

@article{Sorva:2013:NMI:2483710.2483713,
 author = {Sorva, Juha},
 title = {Notional Machines and Introductory Programming Education},
 journal = {Trans. Comput. Educ.},
 issue_date = {June 2013},
 volume = {13},
 number = {2},
 month = jul,
 year = {2013},
 issn = {1946-6226},
 pages = {8:1--8:31},
 articleno = {8},
 numpages = {31},
 url = {http://doi.acm.org/10.1145/2483710.2483713},
 doi = {10.1145/2483710.2483713},
 acmid = {2483713},
 publisher = {ACM},
 address = {New York, NY, USA},
 keywords = {CS1, Notional machine, constructivism, introductory programming education, literature review, mental models, misconceptions, phenomenography, threshold concepts},
}

@inproceedings{Zviel-Girshin:2016:MSI:2897134.2897140,
 author = {Zviel-Girshin, Rina and Rosenberg, Nathan},
 title = {Montessori + SE + ICT = SEET: Using SE to Teach SE},
 booktitle = {Proceedings of the 5th International Workshop on Theory-Oriented Software Engineering},
 series = {TOSE '16},
 year = {2016},
 isbn = {978-1-4503-4174-5},
 location = {Austin, Texas},
 pages = {1--7},
 numpages = {7},
 url = {http://doi.acm.org/10.1145/2897134.2897140},
 doi = {10.1145/2897134.2897140},
 acmid = {2897140},
 publisher = {ACM},
 address = {New York, NY, USA},
 keywords = {SE education, constructivism, lab-based learning, montessori, organic paradigm, project-based learning},
}

@inproceedings{Lim:2009:SNA:1551950.1551967,
 author = {Lim, Hwee Ling},
 title = {Social Network Analysis: Measuring Symmetry of Information Flow in Virtual Learning Groups},
 booktitle = {Proceedings of the 2009 Conference on Information Science, Technology and Applications},
 series = {ISTA '09},
 year = {2009},
 isbn = {978-1-60558-478-2},
 location = {Kuwait, Kuwait},
 pages = {40--44},
 numpages = {5},
 url = {http://doi.acm.org/10.1145/1551950.1551967},
 doi = {10.1145/1551950.1551967},
 acmid = {1551967},
 publisher = {ACM},
 address = {New York, NY, USA},
 keywords = {collaborative learning, computer-mediated communication, social network analysis, sociocultural constructivism, synchronous computer-mediated communication},
}

@inproceedings{Buffardi:2014:ASM:2556325.2567861,
 author = {Buffardi, Kevin and Edwards, Stephen H.},
 title = {Adaptive and Social Mechanisms for Automated Improvement of eLearning Materials},
 booktitle = {Proceedings of the First ACM Conference on Learning @ Scale Conference},
 series = {L@S '14},
 year = {2014},
 isbn = {978-1-4503-2669-8},
 location = {Atlanta, Georgia, USA},
 pages = {165--166},
 numpages = {2},
 url = {http://doi.acm.org/10.1145/2556325.2567861},
 doi = {10.1145/2556325.2567861},
 acmid = {2567861},
 publisher = {ACM},
 address = {New York, NY, USA},
 keywords = {active learning, adaptive feedback, automated assessment, computer-supported cooperative learning (cscl), internet-scale data, item response theory, social constructivism},
}

@inproceedings{Fountain:2007:CEV:1296951.1296956,
 author = {Fountain, Ren{\'e}e M.B.},
 title = {Conceptual Enhancement via Textual Plurality:: A Pedagogical Wiki Bow Towards Collaborative Structuration},
 booktitle = {Proceedings of the 2007 International Symposium on Wikis},
 series = {WikiSym '07},
 year = {2007},
 isbn = {978-1-59593-861-9},
 location = {Montreal, Quebec, Canada},
 pages = {43--46},
 numpages = {4},
 url = {http://doi.acm.org/10.1145/1296951.1296956},
 doi = {10.1145/1296951.1296956},
 acmid = {1296956},
 publisher = {ACM},
 address = {New York, NY, USA},
 keywords = {co-elaboration, collaboration, communal constructivism, concept development, higher education, intertextuality, intratextuality, technology, wikis},
}

@inproceedings{Hazzan:2006:TFS:1134285.1134396,
 author = {Hazzan, Orit and Dubinsky, Yael},
 title = {Teaching Framework for Software Development Methods},
 booktitle = {Proceedings of the 28th International Conference on Software Engineering},
 series = {ICSE '06},
 year = {2006},
 isbn = {1-59593-375-1},
 location = {Shanghai, China},
 pages = {703--706},
 numpages = {4},
 url = {http://doi.acm.org/10.1145/1134285.1134396},
 doi = {10.1145/1134285.1134396},
 acmid = {1134396},
 publisher = {ACM},
 address = {New York, NY, USA},
 keywords = {active learning, constructivism, learning, software development methods, software engineering, software engineering education, teaching},
}

@inproceedings{Soloway:1996:LTP:238386.238476,
 author = {Soloway, Elliot and Jackson, Shari L. and Klein, Jonathan and Quintana, Chris and Reed, James and Spitulnik, Jeff and Stratford, Steven J. and Studer, Scott and Eng, Jim and Scala, Nancy},
 title = {Learning Theory in Practice: Case Studies of Learner-centered Design},
 booktitle = {Proceedings of the SIGCHI Conference on Human Factors in Computing Systems},
 series = {CHI '96},
 year = {1996},
 isbn = {0-89791-777-4},
 location = {Vancouver, British Columbia, Canada},
 pages = {189--196},
 numpages = {8},
 url = {http://doi.acm.org/10.1145/238386.238476},
 doi = {10.1145/238386.238476},
 acmid = {238476},
 publisher = {ACM},
 address = {New York, NY, USA},
 keywords = {case study, constructivism, educational applications, learner-centered design, scaffolding, science applications, socioculturalism},
}

@inproceedings{Miller:2012:MTC:2148131.2148185,
 author = {Miller, Andrea and Rosenbaum, Claire and Blikstein, Paulo},
 title = {MagneTracks: A Tangible Constructionist Toolkit for Newtonian Physics},
 booktitle = {Proceedings of the Sixth International Conference on Tangible, Embedded and Embodied Interaction},
 series = {TEI '12},
 year = {2012},
 isbn = {978-1-4503-1174-8},
 location = {Kingston, Ontario, Canada},
 pages = {253--256},
 numpages = {4},
 url = {http://doi.acm.org/10.1145/2148131.2148185},
 doi = {10.1145/2148131.2148185},
 acmid = {2148185},
 publisher = {ACM},
 address = {New York, NY, USA},
 keywords = {cognitive load, constructionism, constructivism, design, dynamic tangible interaction, scaffolding, vertical interfaces},
}

@inproceedings{deBeer:2015:FIP:2797433.2797468,
 author = {de Beer, Patrick and Angelov, Samuil},
 title = {Fontys ICT, Partners in Education Program: Intensifying Collaborations Between Higher Education and Software Industry},
 booktitle = {Proceedings of the 2015 European Conference on Software Architecture Workshops},
 series = {ECSAW '15},
 year = {2015},
 isbn = {978-1-4503-3393-1},
 location = {Dubrovnik, Cavtat, Croatia},
 pages = {33:1--33:4},
 articleno = {33},
 numpages = {4},
 url = {http://doi.acm.org/10.1145/2797433.2797468},
 doi = {10.1145/2797433.2797468},
 acmid = {2797468},
 publisher = {ACM},
 address = {New York, NY, USA},
 keywords = {Education, collaboration, cooperation, employers, higher vocational education, industry partners, sharing experience, social constructivism, software engineering, visible learning},
}

@inproceedings{Doubleday:2004:SEL:1029533.1029569,
 author = {Doubleday, Nancy and Kurtz, Steve},
 title = {Shared Extensible Learning Spaces},
 booktitle = {Proceedings of the 5th Conference on Information Technology Education},
 series = {CITC5 '04},
 year = {2004},
 isbn = {1-58113-936-5},
 location = {Salt Lake City, UT, USA},
 pages = {144--148},
 numpages = {5},
 url = {http://doi.acm.org/10.1145/1029533.1029569},
 doi = {10.1145/1029533.1029569},
 acmid = {1029569},
 publisher = {ACM},
 address = {New York, NY, USA},
 keywords = {active learning, agent-based modeling, complex adaptive systems, constructivism, emergence, scaffolding, simulation, smart actors, visualization},
}

@article{Goel:2006:IMI:1243481.1243483,
 author = {Goel, Sanjay and Pon, Damira and Bloniarz, Peter and Bangert-Drowns, Robert and Berg, George and Delio, Vince and Iwan, Laura and Hurbanek, Thomas and Schuman, Sandoor P. and Gangolly, Jagdish and Baykal, Adnan and Hobbs, Jon},
 title = {Innovative Model for Information Assurance Curriculum: A Teaching Hospital},
 journal = {J. Educ. Resour. Comput.},
 issue_date = {September 2006},
 volume = {6},
 number = {3},
 month = sep,
 year = {2006},
 issn = {1531-4278},
 articleno = {2},
 url = {http://doi.acm.org/10.1145/1243481.1243483},
 doi = {10.1145/1243481.1243483},
 acmid = {1243483},
 publisher = {ACM},
 address = {New York, NY, USA},
 keywords = {Education, case-based learning, cases, constructivism, information assurance, information security education, learning, problem-based learning, teaching hospital},
}

@inproceedings{Hidalgo-Cespedes:2014:ALA:2632320.2632326,
 author = {Hidalgo-C{\'e}spedes, Jeisson},
 title = {Allegories for Learning Abstract Programming Concepts},
 booktitle = {Proceedings of the Tenth Annual Conference on International Computing Education Research},
 series = {ICER '14},
 year = {2014},
 isbn = {978-1-4503-2755-8},
 location = {Glasgow, Scotland, United Kingdom},
 pages = {149--150},
 numpages = {2},
 url = {http://doi.acm.org/10.1145/2632320.2632326},
 doi = {10.1145/2632320.2632326},
 acmid = {2632326},
 publisher = {ACM},
 address = {New York, NY, USA},
 keywords = {allegory, learning, metaphor, programming language},
}

@inproceedings{Hidalgo-Cespedes:2014:PMM:2591708.2602661,
 author = {Hidalgo-C{\'e}spedes, Jeisson and Mar\'{\i}n-Ravent\'{o}s, Gabriela and Lara-Villagr\'{a}n, Vladimir},
 title = {Playing with Metaphors: A Methodology to Design Video Games for Learning Abstract Programming Concepts},
 booktitle = {Proceedings of the 2014 Conference on Innovation \&\#38; Technology in Computer Science Education},
 series = {ITiCSE '14},
 year = {2014},
 isbn = {978-1-4503-2833-3},
 location = {Uppsala, Sweden},
 pages = {348--348},
 numpages = {1},
 url = {http://doi.acm.org/10.1145/2591708.2602661},
 doi = {10.1145/2591708.2602661},
 acmid = {2602661},
 publisher = {ACM},
 address = {New York, NY, USA},
 keywords = {learning, metaphor, programming language, video game},
}

@inproceedings{Cheng:1972:CMC:800194.805890,
 author = {Cheng, Henry},
 title = {Constructive Mathematics and Computer Science},
 booktitle = {Proceedings of the ACM Annual Conference - Volume 2},
 series = {ACM '72},
 year = {1972},
 location = {Boston, Massachusetts, USA},
 pages = {986--990},
 numpages = {5},
 url = {http://doi.acm.org/10.1145/800194.805890},
 doi = {10.1145/800194.805890},
 acmid = {805890},
 publisher = {ACM},
 address = {New York, NY, USA},
 keywords = {Data types, Formal constructive mathematics, Implication, Informal constructive mathematics, Intuitionism, Principle of the excluded middle},
}

@article{Vat:2001:THS:507758.377445,
 author = {Vat, Kam Hou},
 title = {Teaching HCI with Scenario-based Design: The Constructivist's Synthesis},
 journal = {SIGCSE Bull.},
 issue_date = {Sept. 2001},
 volume = {33},
 number = {3},
 month = jun,
 year = {2001},
 issn = {0097-8418},
 pages = {9--12},
 numpages = {4},
 url = {http://doi.acm.org/10.1145/507758.377445},
 doi = {10.1145/507758.377445},
 acmid = {377445},
 publisher = {ACM},
 address = {New York, NY, USA},
}

@inproceedings{Vat:2001:THS:377435.377445,
 author = {Vat, Kam Hou},
 title = {Teaching HCI with Scenario-based Design: The Constructivist's Synthesis},
 booktitle = {Proceedings of the 6th Annual Conference on Innovation and Technology in Computer Science Education},
 series = {ITiCSE '01},
 year = {2001},
 isbn = {1-58113-330-8},
 location = {Canterbury, United Kingdom},
 pages = {9--12},
 numpages = {4},
 url = {http://doi.acm.org/10.1145/377435.377445},
 doi = {10.1145/377435.377445},
 acmid = {377445},
 publisher = {ACM},
 address = {New York, NY, USA},
}

@inproceedings{Kibuku:2018:FET:3283458.3283492,
 author = {Kibuku, Rachael Njeri and Ochieng, Daniel Orwa},
 title = {Formulating an e-Learning Theory: A Grounded Theory Approach},
 booktitle = {Proceedings of the Second African Conference for Human Computer Interaction: Thriving Communities},
 series = {AfriCHI '18},
 year = {2018},
 isbn = {978-1-4503-6558-1},
 location = {Windhoek, Namibia},
 pages = {37:1--37:5},
 articleno = {37},
 numpages = {5},
 url = {http://doi.acm.org/10.1145/3283458.3283492},
 doi = {10.1145/3283458.3283492},
 acmid = {3283492},
 publisher = {ACM},
 address = {New York, NY, USA},
 keywords = {connectivism, e-learning, learning, pedagogy, theory},
}

@inproceedings{Tedre:2013:EAE:2526968.2526979,
 author = {Tedre, Matti and Pajunen, John},
 title = {An Easy Approach to Epistemology and Ontology in Computing Theses},
 booktitle = {Proceedings of the 13th Koli Calling International Conference on Computing Education Research},
 series = {Koli Calling '13},
 year = {2013},
 isbn = {978-1-4503-2482-3},
 location = {Koli, Finland},
 pages = {97--104},
 numpages = {8},
 url = {http://doi.acm.org/10.1145/2526968.2526979},
 doi = {10.1145/2526968.2526979},
 acmid = {2526979},
 publisher = {ACM},
 address = {New York, NY, USA},
 keywords = {computer science education, computing education, epistemology, ontology, philosophy, research paradigms, thesis work},
}

@inproceedings{Wilson:2018:IDL:3290511.3290522,
 author = {Wilson, Marie Florence and Salis, Carole and Murgia, Fabrizio},
 title = {The Innovative Didactic Labs of the Iscol@ Project},
 booktitle = {Proceedings of the 10th International Conference on Education Technology and Computers},
 series = {ICETC '18},
 year = {2018},
 isbn = {978-1-4503-6517-8},
 location = {Tokyo, Japan},
 pages = {129--135},
 numpages = {7},
 url = {http://doi.acm.org/10.1145/3290511.3290522},
 doi = {10.1145/3290511.3290522},
 acmid = {3290522},
 publisher = {ACM},
 address = {New York, NY, USA},
 keywords = {collaborative learning, cooperation with industry in teaching, extracurricular activities, mobile learning, school dropout prevention, technology enhanced learning},
}

@inproceedings{Magalong:2019:EFC:3306500.3306540,
 author = {Magalong, Salvador John M. and Palomar, Brando C.},
 title = {Effects of Flipped Classroom Approach Using Gooru Learning Management System on Students' Physics Achievement},
 booktitle = {Proceedings of the 10th International Conference on E-Education, E-Business, E-Management and E-Learning},
 series = {IC4E '19},
 year = {2019},
 isbn = {978-1-4503-6602-1},
 location = {Tokyo, Japan},
 pages = {75--78},
 numpages = {4},
 url = {http://doi.acm.org/10.1145/3306500.3306540},
 doi = {10.1145/3306500.3306540},
 acmid = {3306540},
 publisher = {ACM},
 address = {New York, NY, USA},
 keywords = {flipped classroom, learning management system, physics achievement, teaching of physics},
}

@inproceedings{Monfort:2013:CBA:2536536.2536566,
 author = {Monfort, Val{\'e}rie and Khemaja, Maha},
 title = {A Context Based Approach to Adapt Training Strategy for Handicraft Women from Third World Countries},
 booktitle = {Proceedings of the First International Conference on Technological Ecosystem for Enhancing Multiculturality},
 series = {TEEM '13},
 year = {2013},
 isbn = {978-1-4503-2345-1},
 location = {Salamanca, Spain},
 pages = {197--204},
 numpages = {8},
 url = {http://doi.acm.org/10.1145/2536536.2536566},
 doi = {10.1145/2536536.2536566},
 acmid = {2536566},
 publisher = {ACM},
 address = {New York, NY, USA},
 keywords = {context, new technologies, ontology, profile, social and cultural education, social web semantic},
}

@inproceedings{Kutay:2006:UCP:1151869.1151886,
 author = {Kutay, Cat and Lister, Raymond},
 title = {Up Close and Pedagogical: Computing Academics Talk About Teaching},
 booktitle = {Proceedings of the 8th Australasian Conference on Computing Education - Volume 52},
 series = {ACE '06},
 year = {2006},
 isbn = {1-920682-34-1},
 location = {Hobart, Australia},
 pages = {125--134},
 numpages = {10},
 url = {http://dl.acm.org/citation.cfm?id=1151869.1151886},
 acmid = {1151886},
 publisher = {Australian Computer Society, Inc.},
 address = {Darlinghurst, Australia, Australia},
 keywords = {communities of practise, phenomenography, social constructivist learning},
}

@inproceedings{Singh:2019:USA:3304221.3319767,
 author = {Singh, Shaveen and Meyer, Bernd},
 title = {Using Social Annotations to Augment the Learning Space and Learner Experience},
 booktitle = {Proceedings of the 2019 ACM Conference on Innovation and Technology in Computer Science Education},
 series = {ITiCSE '19},
 year = {2019},
 isbn = {978-1-4503-6301-3},
 location = {Aberdeen, Scotland Uk},
 pages = {527--533},
 numpages = {7},
 url = {http://doi.acm.org/10.1145/3304221.3319767},
 doi = {10.1145/3304221.3319767},
 acmid = {3319767},
 publisher = {ACM},
 address = {New York, NY, USA},
 keywords = {annotations, digital education, engagement, situated cognition},
}

@inproceedings{Tutty:2006:TCI:1151869.1151899,
 author = {Tutty, Jodi and White, Barbara},
 title = {Tablet Classroom Interactions},
 booktitle = {Proceedings of the 8th Australasian Conference on Computing Education - Volume 52},
 series = {ACE '06},
 year = {2006},
 isbn = {1-920682-34-1},
 location = {Hobart, Australia},
 pages = {229--233},
 numpages = {5},
 url = {http://dl.acm.org/citation.cfm?id=1151869.1151899},
 acmid = {1151899},
 publisher = {Australian Computer Society, Inc.},
 address = {Darlinghurst, Australia, Australia},
 keywords = {communities of practice, mobile learning, novice programming},
}

