@inproceedings{Solomon:2019:MCL:3304221.3319791,
 author = {Solomon, Amber and Oguamanam, Vanessa and Guzdial, Mark and DiSalvo, Betsy},
 title = {Making CS Learning Visible: Case Studies on How Visibility of Student Work Supports a Community of Learners in CS Classrooms},
 booktitle = {Proceedings of the 2019 ACM Conference on Innovation and Technology in Computer Science Education},
 series = {ITiCSE '19},
 year = {2019},
 isbn = {978-1-4503-6301-3},
 location = {Aberdeen, Scotland Uk},
 pages = {161--167},
 numpages = {7},
 url = {http://doi.acm.org/10.1145/3304221.3319791},
 doi = {10.1145/3304221.3319791},
 acmid = {3319791},
 publisher = {ACM},
 address = {New York, NY, USA},
 keywords = {community of learners, defensive climates, design studio, learning environments, visibility},
}

@article{Garvin-Doxas:2004:CCS:1060071.1060073,
 author = {Garvin-Doxas, Kathy and Barker, Lecia J.},
 title = {Communication in Computer Science Classrooms: Understanding Defensive Climates As a Means of Creating Supportive Behaviors},
 journal = {J. Educ. Resour. Comput.},
 issue_date = {March 2004},
 volume = {4},
 number = {1},
 month = mar,
 year = {2004},
 issn = {1531-4278},
 articleno = {2},
 url = {http://doi.acm.org/10.1145/1060071.1060073},
 doi = {10.1145/1060071.1060073},
 acmid = {1060073},
 publisher = {ACM},
 address = {New York, NY, USA},
 keywords = {Defensive climate, classroom communication behaviors, ethnographic research in computer science classrooms, gender and computer science education},
}

