@inproceedings{McDermott:2016:MOE:2899415.2899474,
 author = {McDermott, Roger and Zarb, Mark and Daniels, Mats and Cajander, \AAsa and Clear, Tony},
 title = {Motivation, Optimal Experience and Flow in First Year Computing Science},
 booktitle = {Proceedings of the 2016 ACM Conference on Innovation and Technology in Computer Science Education},
 series = {ITiCSE '16},
 year = {2016},
 isbn = {978-1-4503-4231-5},
 location = {Arequipa, Peru},
 pages = {206--211},
 numpages = {6},
 url = {http://doi.acm.org/10.1145/2899415.2899474},
 doi = {10.1145/2899415.2899474},
 acmid = {2899474},
 publisher = {ACM},
 address = {New York, NY, USA},
 keywords = {flow, motivation, optimal experience, self determination theory},
}

@inproceedings{Zarb:2011:EFN:1999747.1999907,
 author = {Zarb, Mark and Hughes, Janet},
 title = {Exploring Flow in Novice Programming Environments},
 booktitle = {Proceedings of the 16th Annual Joint Conference on Innovation and Technology in Computer Science Education},
 series = {ITiCSE '11},
 year = {2011},
 isbn = {978-1-4503-0697-3},
 location = {Darmstadt, Germany},
 pages = {394--394},
 numpages = {1},
 url = {http://doi.acm.org/10.1145/1999747.1999907},
 doi = {10.1145/1999747.1999907},
 acmid = {1999907},
 publisher = {ACM},
 address = {New York, NY, USA},
 keywords = {cognition, flow, learning, novices, programming, teaching},
}

@inproceedings{Chen:2018:UEG:3178158.3178188,
 author = {Chen, Yang},
 title = {Understanding How Educational Gamification Impacts Users' Behavior: A Theoretical Analysis},
 booktitle = {Proceedings of the 6th International Conference on Information and Education Technology},
 series = {ICIET '18},
 year = {2018},
 isbn = {978-1-4503-5359-5},
 location = {Osaka, Japan},
 pages = {154--159},
 numpages = {6},
 url = {http://doi.acm.org/10.1145/3178158.3178188},
 doi = {10.1145/3178158.3178188},
 acmid = {3178188},
 publisher = {ACM},
 address = {New York, NY, USA},
 keywords = {behavior, gamification, motivation, theory of planned behavior},
}

@inproceedings{Basawapatna:2013:ZPF:2493394.2493404,
 author = {Basawapatna, Ashok R. and Repenning, Alexander and Koh, Kyu Han and Nickerson, Hilarie},
 title = {The Zones of Proximal Flow: Guiding Students Through a Space of Computational Thinking Skills and Challenges},
 booktitle = {Proceedings of the Ninth Annual International ACM Conference on International Computing Education Research},
 series = {ICER '13},
 year = {2013},
 isbn = {978-1-4503-2243-0},
 location = {San Diego, San California, USA},
 pages = {67--74},
 numpages = {8},
 url = {http://doi.acm.org/10.1145/2493394.2493404},
 doi = {10.1145/2493394.2493404},
 acmid = {2493404},
 publisher = {ACM},
 address = {New York, NY, USA},
 keywords = {computational thinking, computational thinking patterns, computer science education, flow, scalable game design, simulations, zone of proximal development, zones of proximal flow},
}

@inproceedings{Halatchliyski:2013:AFI:2460296.2460311,
 author = {Halatchliyski, Iassen and Hecking, Tobias and G\"{o}hnert, Tilman and Hoppe, H. Ulrich},
 title = {Analyzing the Flow of Ideas and Profiles of Contributors in an Open Learning Community},
 booktitle = {Proceedings of the Third International Conference on Learning Analytics and Knowledge},
 series = {LAK '13},
 year = {2013},
 isbn = {978-1-4503-1785-6},
 location = {Leuven, Belgium},
 pages = {66--74},
 numpages = {9},
 url = {http://doi.acm.org/10.1145/2460296.2460311},
 doi = {10.1145/2460296.2460311},
 acmid = {2460311},
 publisher = {ACM},
 address = {New York, NY, USA},
 keywords = {idea flow, knowledge artifacts, main path analysis, scientometrics},
}

@inproceedings{Muhling:2015:DFR:2818314.2818320,
 author = {M\"{u}hling, Andreas and Ruf, Alexander and Hubwieser, Peter},
 title = {Design and First Results of a Psychometric Test for Measuring Basic Programming Abilities},
 booktitle = {Proceedings of the Workshop in Primary and Secondary Computing Education},
 series = {WiPSCE '15},
 year = {2015},
 isbn = {978-1-4503-3753-3},
 location = {London, United Kingdom},
 pages = {2--10},
 numpages = {9},
 url = {http://doi.acm.org/10.1145/2818314.2818320},
 doi = {10.1145/2818314.2818320},
 acmid = {2818320},
 publisher = {ACM},
 address = {New York, NY, USA},
 keywords = {Algorithmic control structures, assessment, computer science education, computing concepts, latent-trait, novice programmer, program flow, psychometric test},
}

@inproceedings{Basawapatna:2018:DVG:3197091.3197136,
 author = {Basawapatna, Ashok and Repenning, Alexander and Savignano, Mark and Manera, Josiane and Escherle, Nora and Repenning, Lorenzo},
 title = {Is Drawing Video Game Characters in an Hour of Code Activity a Waste of Time?},
 booktitle = {Proceedings of the 23rd Annual ACM Conference on Innovation and Technology in Computer Science Education},
 series = {ITiCSE 2018},
 year = {2018},
 isbn = {978-1-4503-5707-4},
 location = {Larnaca, Cyprus},
 pages = {93--98},
 numpages = {6},
 url = {http://doi.acm.org/10.1145/3197091.3197136},
 doi = {10.1145/3197091.3197136},
 acmid = {3197136},
 publisher = {ACM},
 address = {New York, NY, USA},
 keywords = {CS Ed Week, Computer science education, Flow, Hour of Code, art, creativity, cyberlearning, drawing, evaluation, online education, retention},
}

@inproceedings{Tang:2018:GRE:3234825.3234827,
 author = {Tang, Kai-Yu and Hsiao, Chun-Hua},
 title = {Game-Based Research in Education: A Key-Route Main Path Analysis of Literature (2008-2017)},
 booktitle = {Proceedings of the 2018 The 3rd International Conference on Information and Education Innovations},
 series = {ICIEI 2018},
 year = {2018},
 isbn = {978-1-4503-6440-9},
 location = {London, United Kingdom},
 pages = {6--9},
 numpages = {4},
 url = {http://doi.acm.org/10.1145/3234825.3234827},
 doi = {10.1145/3234825.3234827},
 acmid = {3234827},
 publisher = {ACM},
 address = {New York, NY, USA},
 keywords = {citation, game-based learning, key-route main path analysis, knowledge flow},
}

@article{Gerdt:2006:WSA:1140123.1140172,
 author = {Gerdt, Petri and Sajaniemi, Jorma},
 title = {A Web-based Service for the Automatic Detection of Roles of Variables},
 journal = {SIGCSE Bull.},
 issue_date = {September 2006},
 volume = {38},
 number = {3},
 month = jun,
 year = {2006},
 issn = {0097-8418},
 pages = {178--182},
 numpages = {5},
 url = {http://doi.acm.org/10.1145/1140123.1140172},
 doi = {10.1145/1140123.1140172},
 acmid = {1140172},
 publisher = {ACM},
 address = {New York, NY, USA},
 keywords = {automatic detection of roles, role knowledge consolidation, roles of variables},
}

@inproceedings{Gerdt:2006:WSA:1140124.1140172,
 author = {Gerdt, Petri and Sajaniemi, Jorma},
 title = {A Web-based Service for the Automatic Detection of Roles of Variables},
 booktitle = {Proceedings of the 11th Annual SIGCSE Conference on Innovation and Technology in Computer Science Education},
 series = {ITICSE '06},
 year = {2006},
 isbn = {1-59593-055-8},
 location = {Bologna, Italy},
 pages = {178--182},
 numpages = {5},
 url = {http://doi.acm.org/10.1145/1140124.1140172},
 doi = {10.1145/1140124.1140172},
 acmid = {1140172},
 publisher = {ACM},
 address = {New York, NY, USA},
 keywords = {automatic detection of roles, role knowledge consolidation, roles of variables},
}

@inproceedings{Nelson:2017:CFE:3105726.3106178,
 author = {Nelson, Greg L. and Xie, Benjamin and Ko, Andrew J.},
 title = {Comprehension First: Evaluating a Novel Pedagogy and Tutoring System for Program Tracing in CS1},
 booktitle = {Proceedings of the 2017 ACM Conference on International Computing Education Research},
 series = {ICER '17},
 year = {2017},
 isbn = {978-1-4503-4968-0},
 location = {Tacoma, Washington, USA},
 pages = {2--11},
 numpages = {10},
 url = {http://doi.acm.org/10.1145/3105726.3106178},
 doi = {10.1145/3105726.3106178},
 acmid = {3106178},
 publisher = {ACM},
 address = {New York, NY, USA},
 keywords = {knowledge representation, notional machine, program tracing},
}

@inproceedings{Wang:2018:DUC:3241815.3241849,
 author = {Wang, Yang and McCoey, Margaret and Zou, Heng},
 title = {Developing an Undergraduate Course Curriculum on Information Security},
 booktitle = {Proceedings of the 19th Annual SIG Conference on Information Technology Education},
 series = {SIGITE '18},
 year = {2018},
 isbn = {978-1-4503-5954-2},
 location = {Fort Lauderdale, Florida, USA},
 pages = {66--71},
 numpages = {6},
 url = {http://doi.acm.org/10.1145/3241815.3241849},
 doi = {10.1145/3241815.3241849},
 acmid = {3241849},
 publisher = {ACM},
 address = {New York, NY, USA},
 keywords = {course design, information security},
}

@article{Mitzenmacher:1996:DSP:234867.234875,
 author = {Mitzenmacher, Michael},
 title = {Designing Stimulating Programming Assignments for an Algorithms Course: A Collection of Exercises Based on Random Graphs},
 journal = {SIGCSE Bull.},
 issue_date = {Sept. 1996},
 volume = {28},
 number = {3},
 month = sep,
 year = {1996},
 issn = {0097-8418},
 pages = {29--36},
 numpages = {8},
 url = {http://doi.acm.org/10.1145/234867.234875},
 doi = {10.1145/234867.234875},
 acmid = {234875},
 publisher = {ACM},
 address = {New York, NY, USA},
}

@inproceedings{Jatzlau:2018:TTS:3159450.3162209,
 author = {Jatzlau, Sven and Romeike, Ralf},
 title = {Toward Teaching Strategies for Block-based Languages: Possibilities, Challenges, and Experiences (Abstract Only)},
 booktitle = {Proceedings of the 49th ACM Technical Symposium on Computer Science Education},
 series = {SIGCSE '18},
 year = {2018},
 isbn = {978-1-4503-5103-4},
 location = {Baltimore, Maryland, USA},
 pages = {1108--1108},
 numpages = {1},
 url = {http://doi.acm.org/10.1145/3159450.3162209},
 doi = {10.1145/3159450.3162209},
 acmid = {3162209},
 publisher = {ACM},
 address = {New York, NY, USA},
 keywords = {block-based languages, gp, language concepts, scratch, snap, visual programming languages},
}

@inproceedings{Oshima:2007:CNT:1599600.1599706,
 author = {Oshima, Jun and Oshima, Ritsuko},
 title = {Complex Network Theory Approach to the Assessment on Collective Knowledge Advancement Through Scientific Discourse in CSCL},
 booktitle = {Proceedings of the 8th Iternational Conference on Computer Supported Collaborative Learning},
 series = {CSCL'07},
 year = {2007},
 isbn = {978-0-6151-5436-7},
 location = {New Brunswick, New Jersey, USA},
 pages = {567--569},
 numpages = {3},
 url = {http://dl.acm.org/citation.cfm?id=1599600.1599706},
 acmid = {1599706},
 publisher = {International Society of the Learning Sciences},
}

@inproceedings{Jatzlau:2018:NTS:3159450.3162254,
 author = {Jatzlau, Sven and Romeike, Ralf},
 title = {New Teaching Strategies for New Concepts -- What is Different with Block-based Programming?: (Abstract Only)},
 booktitle = {Proceedings of the 49th ACM Technical Symposium on Computer Science Education},
 series = {SIGCSE '18},
 year = {2018},
 isbn = {978-1-4503-5103-4},
 location = {Baltimore, Maryland, USA},
 pages = {1072--1072},
 numpages = {1},
 url = {http://doi.acm.org/10.1145/3159450.3162254},
 doi = {10.1145/3159450.3162254},
 acmid = {3162254},
 publisher = {ACM},
 address = {New York, NY, USA},
 keywords = {block-based languages, gp, language concepts, scratch, snap, visual programming languages},
}

@article{Cross:2010:WST:1858579.1865480,
 author = {Cross, Jay and Hart, Jane and Husband, Jon and Jarche, Harold and Jennings, Charles and Quinn, Clark},
 title = {Working Smarter in Terra Nova Circa 2015},
 journal = {eLearn},
 issue_date = {September 2010},
 volume = {2010},
 number = {9},
 month = sep,
 year = {2010},
 issn = {1535-394X},
 articleno = {8},
 url = {http://doi.acm.org/10.1145/1858579.1865480},
 doi = {10.1145/1858579.1865480},
 acmid = {1865480},
 publisher = {ACM},
 address = {New York, NY, USA},
}

@inproceedings{Lischka:2004:MEE:967900.968096,
 author = {Lischka, Johannes and Karagiannis, Dimitris},
 title = {Modeling and Execution of E-Learning Resources},
 booktitle = {Proceedings of the 2004 ACM Symposium on Applied Computing},
 series = {SAC '04},
 year = {2004},
 isbn = {1-58113-812-1},
 location = {Nicosia, Cyprus},
 pages = {971--972},
 numpages = {2},
 url = {http://doi.acm.org/10.1145/967900.968096},
 doi = {10.1145/967900.968096},
 acmid = {968096},
 publisher = {ACM},
 address = {New York, NY, USA},
 keywords = {RDF, Web-Services, business engineering, e-learning},
}

@inproceedings{Francia:2007:DIA:1409908.1409913,
 author = {Francia,III, Guillermo and Estes, Brian and Francia, Rahjima and Nguyen, Vu and Scroggins, Alex},
 title = {The Design and Implementation of an Automated Security Compliance Toolkit: A Pedagogical Exercise},
 booktitle = {Proceedings of the 4th Annual Conference on Information Security Curriculum Development},
 series = {InfoSecCD '07},
 year = {2007},
 isbn = {978-1-59593-909-8},
 location = {Kennesaw, Georgia},
 pages = {4:1--4:1},
 articleno = {4},
 numpages = {1},
 url = {http://doi.acm.org/10.1145/1409908.1409913},
 doi = {10.1145/1409908.1409913},
 acmid = {1409913},
 publisher = {ACM},
 address = {New York, NY, USA},
 keywords = {FISMA, GLBA, HIPAA, Sarbanes-Oxley, compliance toolkit, forensics, information security, intrusion detection, log management, regulatory compliance, vulnerability assessment},
}

@inproceedings{Kurtz:1988:UCE:52964.53025,
 author = {Kurtz, Barry L. and Adams, J. Mack},
 title = {Using Concept Expansion and Level Integration in an Introductory Computer Science Course},
 booktitle = {Proceedings of the Nineteenth SIGCSE Technical Symposium on Computer Science Education},
 series = {SIGCSE '88},
 year = {1988},
 isbn = {0-89791-256-X},
 location = {Atlanta, Georgia, USA},
 pages = {244--248},
 numpages = {5},
 url = {http://doi.acm.org/10.1145/52964.53025},
 doi = {10.1145/52964.53025},
 acmid = {53025},
 publisher = {ACM},
 address = {New York, NY, USA},
}

@article{Kurtz:1988:UCE:52965.53025,
 author = {Kurtz, Barry L. and Adams, J. Mack},
 title = {Using Concept Expansion and Level Integration in an Introductory Computer Science Course},
 journal = {SIGCSE Bull.},
 issue_date = {Feb. 1988},
 volume = {20},
 number = {1},
 month = feb,
 year = {1988},
 issn = {0097-8418},
 pages = {244--248},
 numpages = {5},
 url = {http://doi.acm.org/10.1145/52965.53025},
 doi = {10.1145/52965.53025},
 acmid = {53025},
 publisher = {ACM},
 address = {New York, NY, USA},
}

@article{Kortsarts:2007:IRS:1231091.1231120,
 author = {Kortsarts, Yana},
 title = {Integrating a Real-world Scheduling Problem into the Basic Algorithms Course},
 journal = {J. Comput. Sci. Coll.},
 issue_date = {June 2007},
 volume = {22},
 number = {6},
 month = jun,
 year = {2007},
 issn = {1937-4771},
 pages = {184--192},
 numpages = {9},
 url = {http://dl.acm.org/citation.cfm?id=1231091.1231120},
 acmid = {1231120},
 publisher = {Consortium for Computing Sciences in Colleges},
 address = {USA},
}

@inproceedings{vanWyk:2014:ADR:2664591.2664627,
 author = {van Wyk, Etienne and de Villiers, M. R. (Ruth)},
 title = {Applying Design-based Research for Developing Virtual Reality Training in the South African Mining Industry},
 booktitle = {Proceedings of the Southern African Institute for Computer Scientist and Information Technologists Annual Conference 2014 on SAICSIT 2014 Empowered by Technology},
 series = {SAICSIT '14},
 year = {2014},
 isbn = {978-1-4503-3246-0},
 location = {Centurion, South Africa},
 pages = {70:70--70:81},
 articleno = {70},
 numpages = {12},
 url = {http://doi.acm.org/10.1145/2664591.2664627},
 doi = {10.1145/2664591.2664627},
 acmid = {2664627},
 publisher = {ACM},
 address = {New York, NY, USA},
 keywords = {Design-based research, development, e-training, evaluation, industry-related research, mine safety training, virtual reality},
}

@article{Armoni:2009:RCQ:1482348.1482350,
 author = {Armoni, Michal},
 title = {Reduction in CS: A (Mostly) Quantitative Analysis of Reductive Solutions to Algorithmic Problems},
 journal = {J. Educ. Resour. Comput.},
 issue_date = {January 2009},
 volume = {8},
 number = {4},
 month = jan,
 year = {2009},
 issn = {1531-4278},
 pages = {11:1--11:30},
 articleno = {11},
 numpages = {30},
 url = {http://doi.acm.org/10.1145/1482348.1482350},
 doi = {10.1145/1482348.1482350},
 acmid = {1482350},
 publisher = {ACM},
 address = {New York, NY, USA},
 keywords = {Reduction, black box, reductive thinking},
}

@inproceedings{Al-Hamdani:2007:EOB:1409908.1409924,
 author = {Al-Hamdani, Wasim A.},
 title = {Education Organization Baseline Control Protection and Trusted Level Security},
 booktitle = {Proceedings of the 4th Annual Conference on Information Security Curriculum Development},
 series = {InfoSecCD '07},
 year = {2007},
 isbn = {978-1-59593-909-8},
 location = {Kennesaw, Georgia},
 pages = {14:1--14:1},
 articleno = {14},
 numpages = {1},
 url = {http://doi.acm.org/10.1145/1409908.1409924},
 doi = {10.1145/1409908.1409924},
 acmid = {1409924},
 publisher = {ACM},
 address = {New York, NY, USA},
 keywords = {baseline, campus information security, control, education environment, education information security infrastructure, education organization, information security, information security baseline, information security control, security trusted level, trusted level},
}

@inproceedings{Brookshire:1989:MOA:73760.73773,
 author = {Brookshire, R. G},
 title = {Models for the Organization of Academic Computing},
 booktitle = {Proceedings of the 17th Annual ACM SIGUCCS Conference on User Services},
 series = {SIGUCCS '89},
 year = {1989},
 isbn = {0-89791-330-2},
 location = {Bethesda, Maryland, USA},
 pages = {89--92},
 numpages = {4},
 url = {http://doi.acm.org/10.1145/73760.73773},
 doi = {10.1145/73760.73773},
 acmid = {73773},
 publisher = {ACM},
 address = {New York, NY, USA},
}

@inproceedings{Rubio-Sanchez:2010:TRP:1822090.1822119,
 author = {Rubio-S\'{a}nchez, Manuel},
 title = {Tail Recursive Programming by Applying Generalization},
 booktitle = {Proceedings of the Fifteenth Annual Conference on Innovation and Technology in Computer Science Education},
 series = {ITiCSE '10},
 year = {2010},
 isbn = {978-1-60558-820-9},
 location = {Bilkent, Ankara, Turkey},
 pages = {98--102},
 numpages = {5},
 url = {http://doi.acm.org/10.1145/1822090.1822119},
 doi = {10.1145/1822090.1822119},
 acmid = {1822119},
 publisher = {ACM},
 address = {New York, NY, USA},
 keywords = {design of algorithms, formal methods, generalization, nested recursion, recursion, tail recursion},
}

@article{Shay:1986:POS:953055.5649,
 author = {Shay, William A.},
 title = {A Project for Operating Systems Simulation},
 journal = {SIGCSE Bull.},
 issue_date = {February 1986},
 volume = {18},
 number = {1},
 month = feb,
 year = {1986},
 issn = {0097-8418},
 pages = {289--295},
 numpages = {7},
 url = {http://doi.acm.org/10.1145/953055.5649},
 doi = {10.1145/953055.5649},
 acmid = {5649},
 publisher = {ACM},
 address = {New York, NY, USA},
}

@inproceedings{Shay:1986:POS:5600.5649,
 author = {Shay, William A.},
 title = {A Project for Operating Systems Simulation},
 booktitle = {Proceedings of the Seventeenth SIGCSE Technical Symposium on Computer Science Education},
 series = {SIGCSE '86},
 year = {1986},
 isbn = {0-89791-178-4},
 location = {Cincinnati, Ohio, USA},
 pages = {289--295},
 numpages = {7},
 url = {http://doi.acm.org/10.1145/5600.5649},
 doi = {10.1145/5600.5649},
 acmid = {5649},
 publisher = {ACM},
 address = {New York, NY, USA},
}

@inproceedings{Dimitriadis:2007:STC:1599600.1599635,
 author = {Dimitriadis, Yannis and Asensio-P{\'e}rez, Juan Ignacio and Hern\'{a}ez-Leo, Davinia and Roschelle, Jeremy and Brecht, John and Tatar, Deborah and Chaudhury, S. Raj and DiGiano, Chris and Patton, Charles M.},
 title = {From Socially-mediated to Technology-mediated Coordination: A Study of Design Tensions Using Group Scribbles},
 booktitle = {Proceedings of the 8th Iternational Conference on Computer Supported Collaborative Learning},
 series = {CSCL'07},
 year = {2007},
 isbn = {978-0-6151-5436-7},
 location = {New Brunswick, New Jersey, USA},
 pages = {184--186},
 numpages = {3},
 url = {http://dl.acm.org/citation.cfm?id=1599600.1599635},
 acmid = {1599635},
 publisher = {International Society of the Learning Sciences},
}

@article{Kitchen:1998:FAT:274930.274937,
 author = {Kitchen, Andrew},
 title = {A Formal Approach to the Teaching of Programming Language Concepts},
 journal = {SIGPLAN Not.},
 issue_date = {Feb. 1998},
 volume = {33},
 number = {2},
 month = feb,
 year = {1998},
 issn = {0362-1340},
 pages = {48--55},
 numpages = {8},
 url = {http://doi.acm.org/10.1145/274930.274937},
 doi = {10.1145/274930.274937},
 acmid = {274937},
 publisher = {ACM},
 address = {New York, NY, USA},
 keywords = {Lambda caluculus, compilers, denotational semantics, high-level semantics, lambda calculus, programming language design, semantic objects},
}

@inproceedings{Dimitriadis:2007:UCD:1599600.1599752,
 author = {Dimitriadis, Yiannis and Retalis, Symeon and DiGiano, Chris},
 title = {The Use of CSCL Design Patterns As a Vehicle for Effective \& Efficient Learning Designs: Linking Patterns to Authentic Educational Case Studies},
 booktitle = {Proceedings of the 8th Iternational Conference on Computer Supported Collaborative Learning},
 series = {CSCL'07},
 year = {2007},
 isbn = {978-0-6151-5436-7},
 location = {New Brunswick, New Jersey, USA},
 pages = {822--823},
 numpages = {2},
 url = {http://dl.acm.org/citation.cfm?id=1599600.1599752},
 acmid = {1599752},
 publisher = {International Society of the Learning Sciences},
}

@article{Barr:1976:IIB:953026.803494,
 author = {Barr, Avron and Beard, Marian},
 title = {An Instructional Interpreter for Basic},
 journal = {SIGCUE Outlook},
 issue_date = {February 1976},
 volume = {10},
 number = {SI},
 month = feb,
 year = {1976},
 issn = {0163-5735},
 pages = {325--334},
 numpages = {10},
 url = {http://doi.acm.org/10.1145/953026.803494},
 doi = {10.1145/953026.803494},
 acmid = {803494},
 publisher = {ACM},
 address = {New York, NY, USA},
}

@article{Barr:1976:IIB:952989.803494,
 author = {Barr, Avron and Beard, Marian},
 title = {An Instructional Interpreter for Basic},
 journal = {SIGCSE Bull.},
 issue_date = {February 1976},
 volume = {8},
 number = {1},
 month = feb,
 year = {1976},
 issn = {0097-8418},
 pages = {325--334},
 numpages = {10},
 url = {http://doi.acm.org/10.1145/952989.803494},
 doi = {10.1145/952989.803494},
 acmid = {803494},
 publisher = {ACM},
 address = {New York, NY, USA},
}

@inproceedings{Barr:1976:IIB:800107.803494,
 author = {Barr, Avron and Beard, Marian},
 title = {An Instructional Interpreter for Basic},
 booktitle = {Proceedings of the ACM SIGCSE-SIGCUE Technical Symposium on Computer Science and Education},
 series = {SIGCSE '76},
 year = {1976},
 pages = {325--334},
 numpages = {10},
 url = {http://doi.acm.org/10.1145/800107.803494},
 doi = {10.1145/800107.803494},
 acmid = {803494},
 publisher = {ACM},
 address = {New York, NY, USA},
}

@inproceedings{Hamilton:2007:PGC:1599600.1599647,
 author = {Hamilton, Eric R.},
 title = {Principles and Grand Challenges for the Future: A Prospectus for the Computer-supported Collaborative Learning (CSCL) Community},
 booktitle = {Proceedings of the 8th Iternational Conference on Computer Supported Collaborative Learning},
 series = {CSCL'07},
 year = {2007},
 isbn = {978-0-6151-5436-7},
 location = {New Brunswick, New Jersey, USA},
 pages = {247--256},
 numpages = {10},
 url = {http://dl.acm.org/citation.cfm?id=1599600.1599647},
 acmid = {1599647},
 publisher = {International Society of the Learning Sciences},
}

@inproceedings{Chen:2007:EPM:1599600.1599624,
 author = {Chen, Gaowei and Chiu, Ming Ming},
 title = {Effects of Previous Messages' Evaluations, Knowledge Content, Social Cues and Personal Information on the Current Message During Online Discussion},
 booktitle = {Proceedings of the 8th Iternational Conference on Computer Supported Collaborative Learning},
 series = {CSCL'07},
 year = {2007},
 isbn = {978-0-6151-5436-7},
 location = {New Brunswick, New Jersey, USA},
 pages = {135--137},
 numpages = {3},
 url = {http://dl.acm.org/citation.cfm?id=1599600.1599624},
 acmid = {1599624},
 publisher = {International Society of the Learning Sciences},
}

@inproceedings{Sylvan:2007:NMO:1599600.1599770,
 author = {Sylvan, Elisabeth},
 title = {Network Models of Online Communities of Creators},
 booktitle = {Proceedings of the 8th Iternational Conference on Computer Supported Collaborative Learning},
 series = {CSCL'07},
 year = {2007},
 isbn = {978-0-6151-5436-7},
 location = {New Brunswick, New Jersey, USA},
 pages = {868--870},
 numpages = {3},
 url = {http://dl.acm.org/citation.cfm?id=1599600.1599770},
 acmid = {1599770},
 publisher = {International Society of the Learning Sciences},
}

@article{Wiedmann:1979:STA:390009.804481,
 author = {Wiedmann, Clark},
 title = {Steps Toward an APL Compiler},
 journal = {SIGAPL APL Quote Quad},
 issue_date = {June 1979},
 volume = {9},
 number = {4},
 month = may,
 year = {1979},
 issn = {0163-6006},
 pages = {321--328},
 numpages = {8},
 url = {http://doi.acm.org/10.1145/390009.804481},
 doi = {10.1145/390009.804481},
 acmid = {804481},
 publisher = {ACM},
 address = {New York, NY, USA},
}

@inproceedings{Wiedmann:1979:STA:800136.804481,
 author = {Wiedmann, Clark},
 title = {Steps Toward an APL Compiler},
 booktitle = {Proceedings of the International Conference on APL: Part 1},
 series = {APL '79},
 year = {1979},
 location = {New York, New York, USA},
 pages = {321--328},
 numpages = {8},
 url = {http://doi.acm.org/10.1145/800136.804481},
 doi = {10.1145/800136.804481},
 acmid = {804481},
 publisher = {ACM},
 address = {New York, NY, USA},
}

@article{Ivie:2018:RSC:3212709.3186266,
 author = {Ivie, Peter and Thain, Douglas},
 title = {Reproducibility in Scientific Computing},
 journal = {ACM Comput. Surv.},
 issue_date = {July 2018},
 volume = {51},
 number = {3},
 month = jul,
 year = {2018},
 issn = {0360-0300},
 pages = {63:1--63:36},
 articleno = {63},
 numpages = {36},
 url = {http://doi.acm.org/10.1145/3186266},
 doi = {10.1145/3186266},
 acmid = {3186266},
 publisher = {ACM},
 address = {New York, NY, USA},
 keywords = {Reproducibility, computational science, replicability, reproducible, scientific computing, scientific workflow, scientific workflows, workflow, workflows},
}

