@inproceedings{Lau:2017:TSL:3027385.3027443,
 author = {Lau, Clarissa and Sinclair, Jeanne and Taub, Michelle and Azevedo, Roger and Jang, Eunice Eunhee},
 title = {Transitioning Self-regulated Learning Profiles in Hypermedia-learning Environments},
 booktitle = {Proceedings of the Seventh International Learning Analytics \&\#38; Knowledge Conference},
 series = {LAK '17},
 year = {2017},
 isbn = {978-1-4503-4870-6},
 location = {Vancouver, British Columbia, Canada},
 pages = {198--202},
 numpages = {5},
 url = {http://doi.acm.org/10.1145/3027385.3027443},
 doi = {10.1145/3027385.3027443},
 acmid = {3027443},
 publisher = {ACM},
 address = {New York, NY, USA},
 keywords = {information-processing theory, latent transition analysis, metacognition, metamemory, self-regulated learning},
}

@inproceedings{Wang:2018:UMM:3291078.3291121,
 author = {Wang, Xiaojun and Dost\'{a}l, Jir\'{\i}},
 title = {Using a Mind Map to Learn English Vocabulary},
 booktitle = {Proceedings of the 2018 2Nd International Conference on Education and E-Learning},
 series = {ICEEL 2018},
 year = {2018},
 isbn = {978-1-4503-6577-2},
 location = {Bali, Indonesia},
 pages = {150--153},
 numpages = {4},
 url = {http://doi.acm.org/10.1145/3291078.3291121},
 doi = {10.1145/3291078.3291121},
 acmid = {3291121},
 publisher = {ACM},
 address = {New York, NY, USA},
 keywords = {English, Mind Map, vocabulary},
}

