@inproceedings{Simon:2011:CSF:1953163.1953350,
 author = {Simon, Beth and Bales, Elizabeth and Griswold, William G. and Cooper, Stephen},
 title = {Case Study: Faculty Professional Development Workshops for Innovation Diffusion},
 booktitle = {Proceedings of the 42Nd ACM Technical Symposium on Computer Science Education},
 series = {SIGCSE '11},
 year = {2011},
 isbn = {978-1-4503-0500-6},
 location = {Dallas, TX, USA},
 pages = {673--678},
 numpages = {6},
 url = {http://doi.acm.org/10.1145/1953163.1953350},
 doi = {10.1145/1953163.1953350},
 acmid = {1953350},
 publisher = {ACM},
 address = {New York, NY, USA},
 keywords = {faculty development workshop, instructor adoption, tablet PC, ubiquitous presenter},
}

@inproceedings{Dafnis:2015:IDP:2808006.2808036,
 author = {Dafnis, Bill},
 title = {The Innovation Diffusion Paradox in Undergraduate Information Technology Student Outcomes},
 booktitle = {Proceedings of the 16th Annual Conference on Information Technology Education},
 series = {SIGITE '15},
 year = {2015},
 isbn = {978-1-4503-3835-6},
 location = {Chicago, Illinois, USA},
 pages = {15--20},
 numpages = {6},
 url = {http://doi.acm.org/10.1145/2808006.2808036},
 doi = {10.1145/2808006.2808036},
 acmid = {2808036},
 publisher = {ACM},
 address = {New York, NY, USA},
 keywords = {assessment, disruptive change., information technology innovation},
}

@inproceedings{Miller:2009:CSI:1584322.1584331,
 author = {Miller, Jan C.},
 title = {Computer Science Innovation in Thailand},
 booktitle = {Proceedings of the Fifth International Workshop on Computing Education Research Workshop},
 series = {ICER '09},
 year = {2009},
 isbn = {978-1-60558-615-1},
 location = {Berkeley, CA, USA},
 pages = {63--74},
 numpages = {12},
 url = {http://doi.acm.org/10.1145/1584322.1584331},
 doi = {10.1145/1584322.1584331},
 acmid = {1584331},
 publisher = {ACM},
 address = {New York, NY, USA},
 keywords = {computer education, cross-cultural study, diffusion of innovation, empirical qualitative research, higher education reform, intercultural communication, system success, teaching and learning, thai culture, university culture},
}

