@article{Unger:1976:IAC:382220.382466,
 author = {Unger, E. A. and Ahmed, N.},
 title = {An Instructionally Acceptable Cost Effective Approach to a General Introductory Course},
 journal = {SIGCSE Bull.},
 issue_date = {June 1976},
 volume = {8},
 number = {2},
 month = jun,
 year = {1976},
 issn = {0097-8418},
 pages = {28--31},
 numpages = {4},
 url = {http://doi.acm.org/10.1145/382220.382466},
 doi = {10.1145/382220.382466},
 acmid = {382466},
 publisher = {ACM},
 address = {New York, NY, USA},
}

@inproceedings{Bart:2019:POI:3287324.3287428,
 author = {Bart, Austin Cory and Sarver, Allie and Friend, Michael and Cox II, Larry},
 title = {PythonSneks: An Open-Source, Instructionally-Designed Introductory Curriculum with Action-Design Research},
 booktitle = {Proceedings of the 50th ACM Technical Symposium on Computer Science Education},
 series = {SIGCSE '19},
 year = {2019},
 isbn = {978-1-4503-5890-3},
 location = {Minneapolis, MN, USA},
 pages = {307--313},
 numpages = {7},
 url = {http://doi.acm.org/10.1145/3287324.3287428},
 doi = {10.1145/3287324.3287428},
 acmid = {3287428},
 publisher = {ACM},
 address = {New York, NY, USA},
 keywords = {instructional design, open curriculum, python},
}

@inproceedings{Rutherfoord:2016:TEN:2978192.2978228,
 author = {Rutherfoord, Rebecca and Peltsverger, Svetlana and Li, Lei and Zheng, Guangzhi and Rutherfoord, James},
 title = {Transforming IT Education with No-Cost Learning Materials},
 booktitle = {Proceedings of the 17th Annual Conference on Information Technology Education},
 series = {SIGITE '16},
 year = {2016},
 isbn = {978-1-4503-4452-4},
 location = {Boston, Massachusetts, USA},
 pages = {7--11},
 numpages = {5},
 url = {http://doi.acm.org/10.1145/2978192.2978228},
 doi = {10.1145/2978192.2978228},
 acmid = {2978228},
 publisher = {ACM},
 address = {New York, NY, USA},
 keywords = {database courses, no-cost learning resources, textbook costs},
}

@inproceedings{Pollard:2005:RAI:1151681.1151687,
 author = {Pollard, Janelle and Duke, Roger},
 title = {A Reference Architecture for Instructional Educational Software},
 booktitle = {Proceedings of the 2005 South East Asia Regional Computer Science Confederation (SEARCC) Conference - Volume 46},
 series = {SEARCC '05},
 year = {2005},
 isbn = {1-920682-28-7},
 location = {Sydney, Australia},
 pages = {43--52},
 numpages = {10},
 url = {http://dl.acm.org/citation.cfm?id=1151681.1151687},
 acmid = {1151687},
 publisher = {Australian Computer Society, Inc.},
 address = {Darlinghurst, Australia, Australia},
 keywords = {educational software, instructional software, reference architecture},
}

