@article{Soloway:1994:LDC:174809.174813,
 author = {Soloway, Elliot and Guzdial, Mark and Hay, Kenneth E.},
 title = {Learner-centered Design: The Challenge for HCI in the 21st Century},
 journal = {interactions},
 issue_date = {April 1994},
 volume = {1},
 number = {2},
 month = apr,
 year = {1994},
 issn = {1072-5520},
 pages = {36--48},
 numpages = {13},
 url = {http://doi.acm.org/10.1145/174809.174813},
 doi = {10.1145/174809.174813},
 acmid = {174813},
 publisher = {ACM},
 address = {New York, NY, USA},
}

@inproceedings{Luchini:2004:DGL:985692.985710,
 author = {Luchini, Kathleen and Quintana, Chris and Soloway, Elliot},
 title = {Design Guidelines for Learner-centered Handheld Tools},
 booktitle = {Proceedings of the SIGCHI Conference on Human Factors in Computing Systems},
 series = {CHI '04},
 year = {2004},
 isbn = {1-58113-702-8},
 location = {Vienna, Austria},
 pages = {135--142},
 numpages = {8},
 url = {http://doi.acm.org/10.1145/985692.985710},
 doi = {10.1145/985692.985710},
 acmid = {985710},
 publisher = {ACM},
 address = {New York, NY, USA},
 keywords = {handhelds, learner-centered design},
}

@article{Hsi:1998:LDS:310307.310374,
 author = {Hsi, Sherry and Soloway, Elliot},
 title = {Learner-centered Design: Specifically Addressing the Needs of Learners},
 journal = {SIGCHI Bull.},
 issue_date = {Oct. 1998},
 volume = {30},
 number = {4},
 month = oct,
 year = {1998},
 issn = {0736-6906},
 pages = {53--55},
 numpages = {3},
 url = {http://doi.acm.org/10.1145/310307.310374},
 doi = {10.1145/310307.310374},
 acmid = {310374},
 publisher = {ACM},
 address = {New York, NY, USA},
}

@inproceedings{Quintana:1998:SEU:286498.286785,
 author = {Quintana, Chris and Soloway, Elliot and Krajcik, Joseph and Carra, Andrew and Houser, Matt and McDonald, Mike and Mouradian, Mike and Saarela, Aaron and Vyas, Naresh and Wisnudel, Michele},
 title = {Symphony: Exploring User Interface Representations for Learner-centered Process Scaffolding},
 booktitle = {CHI 98 Conference Summary on Human Factors in Computing Systems},
 series = {CHI '98},
 year = {1998},
 isbn = {1-58113-028-7},
 location = {Los Angeles, California, USA},
 pages = {311--312},
 numpages = {2},
 url = {http://doi.acm.org/10.1145/286498.286785},
 doi = {10.1145/286498.286785},
 acmid = {286785},
 publisher = {ACM},
 address = {New York, NY, USA},
 keywords = {learner-centered tools, process scaffolding, process visualization, supportive integrated environments},
}

@article{Jackson:1996:LTS:227210.227224,
 author = {Jackson, Shari L. and Stratford, Steven J. and Krajcik, Joseph and Soloway, Elliot},
 title = {A Learner-centered Tool for Students Building Models},
 journal = {Commun. ACM},
 issue_date = {April 1996},
 volume = {39},
 number = {4},
 month = apr,
 year = {1996},
 issn = {0001-0782},
 pages = {48--49},
 numpages = {2},
 url = {http://doi.acm.org/10.1145/227210.227224},
 doi = {10.1145/227210.227224},
 acmid = {227224},
 publisher = {ACM},
 address = {New York, NY, USA},
}

@inproceedings{Wallace:1998:ALD:274644.274673,
 author = {Wallace, Raven and Soloway, Elliot and Krajcik, Joseph and Bos, Nathan and Hoffman, Joseph and Hunter, Heather Eccleston and Kiskis, Dan and Klann, Elisabeth and Peters, Greg and Richardson, David and Ronen, Ofer},
 title = {ARTEMIS: Learner-centered Design of an Information Seeking Environment for K-12 Education},
 booktitle = {Proceedings of the SIGCHI Conference on Human Factors in Computing Systems},
 series = {CHI '98},
 year = {1998},
 isbn = {0-201-30987-4},
 location = {Los Angeles, California, USA},
 pages = {195--202},
 numpages = {8},
 url = {http://dx.doi.org/10.1145/274644.274673},
 doi = {10.1145/274644.274673},
 acmid = {274673},
 publisher = {ACM Press/Addison-Wesley Publishing Co.},
 address = {New York, NY, USA},
 keywords = {K-12 education, digital libraries, information seeking, learner-centered design},
}

@inproceedings{Kuhn:2010:SSI:1753846.1753987,
 author = {Kuhn, Alex and Cahill, Clara and Quintana, Chris and Soloway, Elliot},
 title = {Scaffolding Science Inquiry in Museums with Zydeco},
 booktitle = {CHI '10 Extended Abstracts on Human Factors in Computing Systems},
 series = {CHI EA '10},
 year = {2010},
 isbn = {978-1-60558-930-5},
 location = {Atlanta, Georgia, USA},
 pages = {3373--3378},
 numpages = {6},
 url = {http://doi.acm.org/10.1145/1753846.1753987},
 doi = {10.1145/1753846.1753987},
 acmid = {1753987},
 publisher = {ACM},
 address = {New York, NY, USA},
 keywords = {adaptive scaffolding, collaboration, context-aware, learner-centered design, mobile computing, science inquiry learning},
}

@inproceedings{Soloway:1996:LTP:238386.238476,
 author = {Soloway, Elliot and Jackson, Shari L. and Klein, Jonathan and Quintana, Chris and Reed, James and Spitulnik, Jeff and Stratford, Steven J. and Studer, Scott and Eng, Jim and Scala, Nancy},
 title = {Learning Theory in Practice: Case Studies of Learner-centered Design},
 booktitle = {Proceedings of the SIGCHI Conference on Human Factors in Computing Systems},
 series = {CHI '96},
 year = {1996},
 isbn = {0-89791-777-4},
 location = {Vancouver, British Columbia, Canada},
 pages = {189--196},
 numpages = {8},
 url = {http://doi.acm.org/10.1145/238386.238476},
 doi = {10.1145/238386.238476},
 acmid = {238476},
 publisher = {ACM},
 address = {New York, NY, USA},
 keywords = {case study, constructivism, educational applications, learner-centered design, scaffolding, science applications, socioculturalism},
}

