@inproceedings{Mishkin:2019:AST:3287324.3287389,
 author = {Mishkin, Allison},
 title = {Applying Self-Determination Theory Towards Motivating Young Women in Computer Science},
 booktitle = {Proceedings of the 50th ACM Technical Symposium on Computer Science Education},
 series = {SIGCSE '19},
 year = {2019},
 isbn = {978-1-4503-5890-3},
 location = {Minneapolis, MN, USA},
 pages = {1025--1031},
 numpages = {7},
 url = {http://doi.acm.org/10.1145/3287324.3287389},
 doi = {10.1145/3287324.3287389},
 acmid = {3287389},
 publisher = {ACM},
 address = {New York, NY, USA},
 keywords = {belonging, gender, psychology, self-determination theory},
}

@inproceedings{McDermott:2016:MOE:2899415.2899474,
 author = {McDermott, Roger and Zarb, Mark and Daniels, Mats and Cajander, \AAsa and Clear, Tony},
 title = {Motivation, Optimal Experience and Flow in First Year Computing Science},
 booktitle = {Proceedings of the 2016 ACM Conference on Innovation and Technology in Computer Science Education},
 series = {ITiCSE '16},
 year = {2016},
 isbn = {978-1-4503-4231-5},
 location = {Arequipa, Peru},
 pages = {206--211},
 numpages = {6},
 url = {http://doi.acm.org/10.1145/2899415.2899474},
 doi = {10.1145/2899415.2899474},
 acmid = {2899474},
 publisher = {ACM},
 address = {New York, NY, USA},
 keywords = {flow, motivation, optimal experience, self determination theory},
}

@inproceedings{Stroud:2019:UTS:3318396.3318399,
 author = {Stroud, Robert},
 title = {The Use of Technology to Support Theories of Learner Engagement},
 booktitle = {Proceedings of the 2019 8th International Conference on Educational and Information Technology},
 series = {ICEIT 2019},
 year = {2019},
 isbn = {978-1-4503-6267-2},
 location = {Cambridge, United Kingdom},
 pages = {137--140},
 numpages = {4},
 url = {http://doi.acm.org/10.1145/3318396.3318399},
 doi = {10.1145/3318396.3318399},
 acmid = {3318399},
 publisher = {ACM},
 address = {New York, NY, USA},
 keywords = {CALL, achievement goal theory, engagement, expectancy-value theory, motivation, self-determination theory, social cognitive theory, technology},
}

@inproceedings{Behnke:2016:CSP:2960310.2960336,
 author = {Behnke, Kara Alexandra and Kos, Brittany Ann and Bennett, John K.},
 title = {Computer Science Principles: Impacting Student Motivation \&\#38; Learning Within and Beyond the Classroom},
 booktitle = {Proceedings of the 2016 ACM Conference on International Computing Education Research},
 series = {ICER '16},
 year = {2016},
 isbn = {978-1-4503-4449-4},
 location = {Melbourne, VIC, Australia},
 pages = {171--180},
 numpages = {10},
 url = {http://doi.acm.org/10.1145/2960310.2960336},
 doi = {10.1145/2960310.2960336},
 acmid = {2960336},
 publisher = {ACM},
 address = {New York, NY, USA},
 keywords = {computational thinking, computer science principles, connectivism, constructionism, learning outcomes., motivation, self-determination theory, self-directed learning},
}

@inproceedings{Chen:2014:FML:2556325.2567872,
 author = {Chen, Pin-Ju and Chen, Yang-Hsueh},
 title = {Facilitating MOOCs Learning Through Weekly Meet-up: A Case Study in Taiwan},
 booktitle = {Proceedings of the First ACM Conference on Learning @ Scale Conference},
 series = {L@S '14},
 year = {2014},
 isbn = {978-1-4503-2669-8},
 location = {Atlanta, Georgia, USA},
 pages = {183--184},
 numpages = {2},
 url = {http://doi.acm.org/10.1145/2556325.2567872},
 doi = {10.1145/2556325.2567872},
 acmid = {2567872},
 publisher = {ACM},
 address = {New York, NY, USA},
 keywords = {distance learning, learning strategies, mooc, self-determination theory, self-regulated learning},
}

@inproceedings{Tolentino:2019:GPI:3306500.3306527,
 author = {Tolentino, Analyn N. and Roleda, Lydia S.},
 title = {Gamified Physics Instruction in a Reformatory Classroom Context},
 booktitle = {Proceedings of the 10th International Conference on E-Education, E-Business, E-Management and E-Learning},
 series = {IC4E '19},
 year = {2019},
 isbn = {978-1-4503-6602-1},
 location = {Tokyo, Japan},
 pages = {135--140},
 numpages = {6},
 url = {http://doi.acm.org/10.1145/3306500.3306527},
 doi = {10.1145/3306500.3306527},
 acmid = {3306527},
 publisher = {ACM},
 address = {New York, NY, USA},
 keywords = {achievement, gamification, motivation, physics},
}

