@inproceedings{Singh:2019:USA:3304221.3319767,
 author = {Singh, Shaveen and Meyer, Bernd},
 title = {Using Social Annotations to Augment the Learning Space and Learner Experience},
 booktitle = {Proceedings of the 2019 ACM Conference on Innovation and Technology in Computer Science Education},
 series = {ITiCSE '19},
 year = {2019},
 isbn = {978-1-4503-6301-3},
 location = {Aberdeen, Scotland Uk},
 pages = {527--533},
 numpages = {7},
 url = {http://doi.acm.org/10.1145/3304221.3319767},
 doi = {10.1145/3304221.3319767},
 acmid = {3319767},
 publisher = {ACM},
 address = {New York, NY, USA},
 keywords = {annotations, digital education, engagement, situated cognition},
}

@inproceedings{Cutts:2012:ATT:2361276.2361290,
 author = {Cutts, Quintin and Esper, Sarah and Fecho, Marlena and Foster, Stephen R. and Simon, Beth},
 title = {The Abstraction Transition Taxonomy: Developing Desired Learning Outcomes Through the Lens of Situated Cognition},
 booktitle = {Proceedings of the Ninth Annual International Conference on International Computing Education Research},
 series = {ICER '12},
 year = {2012},
 isbn = {978-1-4503-1604-0},
 location = {Auckland, New Zealand},
 pages = {63--70},
 numpages = {8},
 url = {http://doi.acm.org/10.1145/2361276.2361290},
 doi = {10.1145/2361276.2361290},
 acmid = {2361290},
 publisher = {ACM},
 address = {New York, NY, USA},
 keywords = {cognitive apprenticeship, cs0, cs1, cs2, deliberate practice, situated cognition, taxonomy},
}

@inproceedings{Garcia:2018:WLE:3173574.3173830,
 author = {Garcia, Brittany and Chu, Sharon Lynn and Nam, Beth and Banigan, Colin},
 title = {Wearables for Learning: Examining the Smartwatch As a Tool for Situated Science Reflection},
 booktitle = {Proceedings of the 2018 CHI Conference on Human Factors in Computing Systems},
 series = {CHI '18},
 year = {2018},
 isbn = {978-1-4503-5620-6},
 location = {Montreal QC, Canada},
 pages = {256:1--256:13},
 articleno = {256},
 numpages = {13},
 url = {http://doi.acm.org/10.1145/3173574.3173830},
 doi = {10.1145/3173574.3173830},
 acmid = {3173830},
 publisher = {ACM},
 address = {New York, NY, USA},
 keywords = {children, education, everyday cognition, science learning, situated cognition, smartwatch, wearables},
}

@inproceedings{Lin:2019:SPS:3287324.3293712,
 author = {Lin, Kevin and DeLiema, David},
 title = {Subgoals, Problem Solving Phases, and Sources of Knowledge},
 booktitle = {Proceedings of the 50th ACM Technical Symposium on Computer Science Education},
 series = {SIGCSE '19},
 year = {2019},
 isbn = {978-1-4503-5890-3},
 location = {Minneapolis, MN, USA},
 pages = {1292--1292},
 numpages = {1},
 url = {http://doi.acm.org/10.1145/3287324.3293712},
 doi = {10.1145/3287324.3293712},
 acmid = {3293712},
 publisher = {ACM},
 address = {New York, NY, USA},
 keywords = {abstraction, computational thinking, debugging, education, problem solving, situated cognition},
}

@inproceedings{Schouten:2014:CLS:2637248.2637282,
 author = {Schouten, Dylan G. M.},
 title = {Computer-Supported Learning of Societal Participation Skills by Low-Literates and Non-Natives},
 booktitle = {Proceedings of the 2014 European Conference on Cognitive Ergonomics},
 series = {ECCE '14},
 year = {2014},
 isbn = {978-1-4503-2874-6},
 location = {Vienna, Austria},
 pages = {34:1--34:2},
 articleno = {34},
 numpages = {2},
 url = {http://doi.acm.org/10.1145/2637248.2637282},
 doi = {10.1145/2637248.2637282},
 acmid = {2637282},
 publisher = {ACM},
 address = {New York, NY, USA},
 keywords = {Societal participation, computer support, learning support, low-literates, non-natives, situated Cognitive Engineering},
}

@inproceedings{Hautecouverture:2003:CAC:1063669.1063719,
 author = {Hautecouverture, Jean-Charles},
 title = {Coop{\'e}Era: Analysis of a Collaborative Platform Usage},
 booktitle = {Proceedings of the 15th Conference on L'Interaction Homme-Machine},
 series = {IHM '03},
 year = {2003},
 isbn = {1-58113-803-2},
 location = {Caen, France},
 pages = {287--290},
 numpages = {4},
 url = {http://doi.acm.org/10.1145/1063669.1063719},
 doi = {10.1145/1063669.1063719},
 acmid = {1063719},
 publisher = {ACM},
 address = {New York, NY, USA},
 keywords = {clinical approach of the activity, cognition and emotion, cultural psychology, distributed and situated cognition, human-machine interactions},
}

@inproceedings{Long:2010:CST:1822348.1822364,
 author = {Long, Jeremy and Estey, Anthony and Bartle, David and Olsen, Sven and Gooch, Amy A.},
 title = {Catalyst: Seeing Through the Eyes of a Cat},
 booktitle = {Proceedings of the Fifth International Conference on the Foundations of Digital Games},
 series = {FDG '10},
 year = {2010},
 isbn = {978-1-60558-937-4},
 location = {Monterey, California},
 pages = {116--123},
 numpages = {8},
 url = {http://doi.acm.org/10.1145/1822348.1822364},
 doi = {10.1145/1822348.1822364},
 acmid = {1822364},
 publisher = {ACM},
 address = {New York, NY, USA},
 keywords = {digital game-based learning, simulation, visual systems},
}

@article{DeClue:2009:TAC:1516595.1516620,
 author = {DeClue, Tim},
 title = {A Theory of Attrition in Computer Science Education Which Explores the Effect of Learning Theory, Gender, and Context},
 journal = {J. Comput. Sci. Coll.},
 issue_date = {May 2009},
 volume = {24},
 number = {5},
 month = may,
 year = {2009},
 issn = {1937-4771},
 pages = {115--121},
 numpages = {7},
 url = {http://dl.acm.org/citation.cfm?id=1516595.1516620},
 acmid = {1516620},
 publisher = {Consortium for Computing Sciences in Colleges},
 address = {USA},
}

