@inproceedings{Zipitria:2018:PCT:3289406.3289412,
 author = {Zipitr\'{\i}a, Sylvia da Rosa},
 title = {Piaget and Computational Thinking},
 booktitle = {Proceedings of the 7th Computer Science Education Research Conference},
 series = {CSERC '18},
 year = {2018},
 isbn = {978-1-4503-6624-3},
 location = {Saint Petersburg, Russian Federation},
 pages = {44--50},
 numpages = {7},
 url = {http://doi.acm.org/10.1145/3289406.3289412},
 doi = {10.1145/3289406.3289412},
 acmid = {3289412},
 publisher = {ACM},
 address = {New York, NY, USA},
 keywords = {Learning to program, Novice learners, Piaget's theory},
}

@inproceedings{Szabo:2014:ECD:2674683.2674691,
 author = {Szabo, Claudia and Falkner, Katrina and Falkner, Nickolas},
 title = {Experiences in Course Design Using Neo-piagetian Theory},
 booktitle = {Proceedings of the 14th Koli Calling International Conference on Computing Education Research},
 series = {Koli Calling '14},
 year = {2014},
 isbn = {978-1-4503-3065-7},
 location = {Koli, Finland},
 pages = {81--90},
 numpages = {10},
 url = {http://doi.acm.org/10.1145/2674683.2674691},
 doi = {10.1145/2674683.2674691},
 acmid = {2674691},
 publisher = {ACM},
 address = {New York, NY, USA},
 keywords = {computer science education, course design, neo-piaget},
}

@inproceedings{Corney:2014:EPE:2538862.2538911,
 author = {Corney, Malcolm and Fitzgerald, Sue and Hanks, Brian and Lister, Raymond and McCauley, Renee and Murphy, Laurie},
 title = {'Explain in Plain English' Questions Revisited: Data Structures Problems},
 booktitle = {Proceedings of the 45th ACM Technical Symposium on Computer Science Education},
 series = {SIGCSE '14},
 year = {2014},
 isbn = {978-1-4503-2605-6},
 location = {Atlanta, Georgia, USA},
 pages = {591--596},
 numpages = {6},
 url = {http://doi.acm.org/10.1145/2538862.2538911},
 doi = {10.1145/2538862.2538911},
 acmid = {2538911},
 publisher = {ACM},
 address = {New York, NY, USA},
 keywords = {computer science education research, cs2, data structures, explain in plain english, mixed methods, neo-piaget, qualitative research methods, solo taxonomy},
}

@article{Ames:2018:HCC:3290265.3274287,
 author = {Ames, Morgan G.},
 title = {Hackers, Computers, and Cooperation: A Critical History of Logo and Constructionist Learning},
 journal = {Proc. ACM Hum.-Comput. Interact.},
 issue_date = {November 2018},
 volume = {2},
 number = {CSCW},
 month = nov,
 year = {2018},
 issn = {2573-0142},
 pages = {18:1--18:19},
 articleno = {18},
 numpages = {19},
 url = {http://doi.acm.org/10.1145/3274287},
 doi = {10.1145/3274287},
 acmid = {3274287},
 publisher = {ACM},
 address = {New York, NY, USA},
 keywords = {ai, constructionism, education, fablabs, hackers, ideology, learning, logo, maker movement, media lab, mindstorms, mit, olpc, piaget, robotics, scaffolding, school, scratch, seymour papert, teachers},
}

@inproceedings{Duchowski:2011:TTN:1953163.1953267,
 author = {Duchowski, Andrew T. and Geist, Robert and Schalkoff, Robert and Westall, James},
 title = {TEXNH Trees: A New Course in Data Structures},
 booktitle = {Proceedings of the 42Nd ACM Technical Symposium on Computer Science Education},
 series = {SIGCSE '11},
 year = {2011},
 isbn = {978-1-4503-0500-6},
 location = {Dallas, TX, USA},
 pages = {341--346},
 numpages = {6},
 url = {http://doi.acm.org/10.1145/1953163.1953267},
 doi = {10.1145/1953163.1953267},
 acmid = {1953267},
 publisher = {ACM},
 address = {New York, NY, USA},
 keywords = {TEXNH, computer graphics, curriculum design, problem-based instruction, ray-tracing},
}

@inproceedings{Teague:2014:PRW:2591708.2591712,
 author = {Teague, Donna and Lister, Raymond},
 title = {Programming: Reading, Writing and Reversing},
 booktitle = {Proceedings of the 2014 Conference on Innovation \&\#38; Technology in Computer Science Education},
 series = {ITiCSE '14},
 year = {2014},
 isbn = {978-1-4503-2833-3},
 location = {Uppsala, Sweden},
 pages = {285--290},
 numpages = {6},
 url = {http://doi.acm.org/10.1145/2591708.2591712},
 doi = {10.1145/2591708.2591712},
 acmid = {2591712},
 publisher = {ACM},
 address = {New York, NY, USA},
 keywords = {neo-piagetian theory, novice programmers, programming, reversibility, think aloud},
}

@inproceedings{Joshi:2015:CCC:2676723.2691897,
 author = {Joshi, Swaroop and Soundarajan, Neelam and Ramnath, Rajiv},
 title = {Conflict-Driven Cooperative-Learning in Computing Courses (Abstract Only)},
 booktitle = {Proceedings of the 46th ACM Technical Symposium on Computer Science Education},
 series = {SIGCSE '15},
 year = {2015},
 isbn = {978-1-4503-2966-8},
 location = {Kansas City, Missouri, USA},
 pages = {685--685},
 numpages = {1},
 url = {http://doi.acm.org/10.1145/2676723.2691897},
 doi = {10.1145/2676723.2691897},
 acmid = {2691897},
 publisher = {ACM},
 address = {New York, NY, USA},
 keywords = {cognitive conflict, cooperative learning},
}

@inproceedings{Maksimenko:2019:RSD:3323771.3323822,
 author = {Maksimenko, Marianna N. and Mirzakhanyan, Ruzan E.},
 title = {The Role of Studying Discrete Mathematics in the Formation of the Logic of Thinking for Computer Science Students},
 booktitle = {Proceedings of the 2019 7th International Conference on Information and Education Technology},
 series = {ICIET 2019},
 year = {2019},
 isbn = {978-1-4503-6639-7},
 location = {Aizu-Wakamatsu, Japan},
 pages = {185--190},
 numpages = {6},
 url = {http://doi.acm.org/10.1145/3323771.3323822},
 doi = {10.1145/3323771.3323822},
 acmid = {3323822},
 publisher = {ACM},
 address = {New York, NY, USA},
 keywords = {Classical Logic, Development of Intelligence, Falsehood Logic, Logical Laws, Non-classical Logic, converse implication, converse non-implication, implication, non-implication, teaching Discrete Mathematics},
}

@inproceedings{Syslo:2014:PCC:2670757.2670790,
 author = {Sys\lo, Maciej M. and Kwiatkowska, Anna Beata},
 title = {Playing with Computing at a Children's University},
 booktitle = {Proceedings of the 9th Workshop in Primary and Secondary Computing Education},
 series = {WiPSCE '14},
 year = {2014},
 isbn = {978-1-4503-3250-7},
 location = {Berlin, Germany},
 pages = {104--107},
 numpages = {4},
 url = {http://doi.acm.org/10.1145/2670757.2670790},
 doi = {10.1145/2670757.2670790},
 acmid = {2670790},
 publisher = {ACM},
 address = {New York, NY, USA},
 keywords = {animation of algorithms, computing tools, games, graph models, unplugged CS},
}

@article{Kramer:2007:AKC:1232743.1232745,
 author = {Kramer, Jeff},
 title = {Is Abstraction the Key to Computing?},
 journal = {Commun. ACM},
 issue_date = {April 2007},
 volume = {50},
 number = {4},
 month = apr,
 year = {2007},
 issn = {0001-0782},
 pages = {36--42},
 numpages = {7},
 url = {http://doi.acm.org/10.1145/1232743.1232745},
 doi = {10.1145/1232743.1232745},
 acmid = {1232745},
 publisher = {ACM},
 address = {New York, NY, USA},
}

@article{Werth:1986:PSP:953055.5701,
 author = {Werth, Laurie Honour},
 title = {Predicting Student Performance in a Beginning Computer Science Class},
 journal = {SIGCSE Bull.},
 issue_date = {February 1986},
 volume = {18},
 number = {1},
 month = feb,
 year = {1986},
 issn = {0097-8418},
 pages = {138--143},
 numpages = {6},
 url = {http://doi.acm.org/10.1145/953055.5701},
 doi = {10.1145/953055.5701},
 acmid = {5701},
 publisher = {ACM},
 address = {New York, NY, USA},
}

@inproceedings{Werth:1986:PSP:5600.5701,
 author = {Werth, Laurie Honour},
 title = {Predicting Student Performance in a Beginning Computer Science Class},
 booktitle = {Proceedings of the Seventeenth SIGCSE Technical Symposium on Computer Science Education},
 series = {SIGCSE '86},
 year = {1986},
 isbn = {0-89791-178-4},
 location = {Cincinnati, Ohio, USA},
 pages = {138--143},
 numpages = {6},
 url = {http://doi.acm.org/10.1145/5600.5701},
 doi = {10.1145/5600.5701},
 acmid = {5701},
 publisher = {ACM},
 address = {New York, NY, USA},
}

