@inproceedings{Sanders:2012:TCT:2361276.2361283,
 author = {Sanders, Kate and Boustedt, Jonas and Eckerdal, Anna and McCartney, Robert and Mostr\"{o}m, Jan Erik and Thomas, Lynda and Zander, Carol},
 title = {Threshold Concepts and Threshold Skills in Computing},
 booktitle = {Proceedings of the Ninth Annual International Conference on International Computing Education Research},
 series = {ICER '12},
 year = {2012},
 isbn = {978-1-4503-1604-0},
 location = {Auckland, New Zealand},
 pages = {23--30},
 numpages = {8},
 url = {http://doi.acm.org/10.1145/2361276.2361283},
 doi = {10.1145/2361276.2361283},
 acmid = {2361283},
 publisher = {ACM},
 address = {New York, NY, USA},
 keywords = {threshold concepts, threshold skills},
}

@inproceedings{Thomas:2017:SSD:3059009.3059016,
 author = {Thomas, Lynda and Zander, Carol and Loftus, Chris and Eckerdal, Anna},
 title = {Student Software Designs at the Undergraduate Midpoint},
 booktitle = {Proceedings of the 2017 ACM Conference on Innovation and Technology in Computer Science Education},
 series = {ITiCSE '17},
 year = {2017},
 isbn = {978-1-4503-4704-4},
 location = {Bologna, Italy},
 pages = {34--39},
 numpages = {6},
 url = {http://doi.acm.org/10.1145/3059009.3059016},
 doi = {10.1145/3059009.3059016},
 acmid = {3059016},
 publisher = {ACM},
 address = {New York, NY, USA},
 keywords = {replication, software design, software engineering, threshold concepts, threshold skills, uml},
}

