@article{Feldstein:2006:DPU:1165348.1165350,
 author = {Feldstein, Michael},
 title = {The Digital Promise: Using Technology to Transform Learning},
 journal = {eLearn},
 issue_date = {September 2006},
 volume = {2006},
 number = {9},
 month = sep,
 year = {2006},
 issn = {1535-394X},
 pages = {1--},
 url = {http://doi.acm.org/10.1145/1165348.1165350},
 doi = {10.1145/1165348.1165350},
 acmid = {1165350},
 publisher = {ACM},
 address = {New York, NY, USA},
}

@inproceedings{Schwartzman:2007:STL:2449323.2449334,
 author = {Schwartzman, Leslie},
 title = {Student Transformative Learning in Software Engineering and Design: Discontinuity (Pre)Serves Meaning},
 booktitle = {Proceedings of the Seventh Baltic Sea Conference on Computing Education Research - Volume 88},
 series = {Koli Calling '07},
 year = {2007},
 isbn = {978-1-920682-69-9},
 location = {Koli National Park, Finland},
 pages = {97--108},
 numpages = {12},
 url = {http://dl.acm.org/citation.cfm?id=2449323.2449334},
 acmid = {2449334},
 publisher = {Australian Computer Society, Inc.},
 address = {Darlinghurst, Australia, Australia},
 keywords = {confusion, curriculum, defensiveness, dynamic of rupture, experiential learning, pedagogy, phenomenology, reflectiveness, student feedback},
}

@inproceedings{Schwartzman:2009:NSD:1584322.1584333,
 author = {Schwartzman, Leslie},
 title = {On the Nature of Student Defensiveness: Theory and Feedback from a Software Design Course},
 booktitle = {Proceedings of the Fifth International Workshop on Computing Education Research Workshop},
 series = {ICER '09},
 year = {2009},
 isbn = {978-1-60558-615-1},
 location = {Berkeley, CA, USA},
 pages = {81--92},
 numpages = {12},
 url = {http://doi.acm.org/10.1145/1584322.1584333},
 doi = {10.1145/1584322.1584333},
 acmid = {1584333},
 publisher = {ACM},
 address = {New York, NY, USA},
 keywords = {confusion, defensiveness, fixed unknowing, phenomenology, reflectiveness, rupture in knowing, transformative learning, will to authenticity},
}

@inproceedings{Najafi:2009:TLS:1599503.1599594,
 author = {Najafi, Hedieh},
 title = {Transforming Learning in Science Classrooms: A Hybrid Knowledge Community Approach},
 booktitle = {Proceedings of the 9th International Conference on Computer Supported Collaborative Learning - Volume 2},
 series = {CSCL'09},
 year = {2009},
 isbn = {978-1-4092-8598-4},
 location = {Rhodes, Greece},
 pages = {261--263},
 numpages = {3},
 url = {http://dl.acm.org/citation.cfm?id=1599503.1599594},
 acmid = {1599594},
 publisher = {International Society of the Learning Sciences},
}

@article{Miller:2012:DTE:2398996.2398997,
 author = {Miller, Allison},
 title = {Disruptive and Transformative Education: Designing Learning in the Digital Age},
 journal = {eLearn},
 issue_date = {November 2012},
 volume = {2012},
 number = {11},
 month = nov,
 year = {2012},
 issn = {1535-394X},
 articleno = {1},
 url = {http://doi.acm.org/10.1145/2398996.2398997},
 doi = {10.1145/2398996.2398997},
 acmid = {2398997},
 publisher = {ACM},
 address = {New York, NY, USA},
}

@inproceedings{Wang:2018:WPM:3241815.3241816,
 author = {Wang, Ye Diana and Matz, Robert},
 title = {Work In Progress - A Multidisciplinary Minor in Web Design},
 booktitle = {Proceedings of the 19th Annual SIG Conference on Information Technology Education},
 series = {SIGITE '18},
 year = {2018},
 isbn = {978-1-4503-5954-2},
 location = {Fort Lauderdale, Florida, USA},
 pages = {58--58},
 numpages = {1},
 url = {http://doi.acm.org/10.1145/3241815.3241816},
 doi = {10.1145/3241815.3241816},
 acmid = {3241816},
 publisher = {ACM},
 address = {New York, NY, USA},
 keywords = {multidisciplinary minor, web design},
}

@inproceedings{Kalil:2009:LWW:1562741.1562759,
 author = {Kalil, Claudia},
 title = {Learning the 'Word' and 'the World': Developing Academic Writing and Literacy in Information Systems Honours Students at the University of Cape Town Using Enquiry-based Learning Embedded in a "Context-rich" Institutional Scenario},
 booktitle = {Proceedings of the 2009 Annual Conference of the Southern African Computer Lecturers' Association},
 series = {SACLA '09},
 year = {2009},
 isbn = {978-1-60558-683-0},
 location = {Eastern Cape, South Africa},
 pages = {113--113},
 numpages = {1},
 url = {http://doi.acm.org/10.1145/1562741.1562759},
 doi = {10.1145/1562741.1562759},
 acmid = {1562759},
 publisher = {ACM},
 address = {New York, NY, USA},
}

@inproceedings{Rogers:2014:NTN:2591708.2602688,
 author = {Rogers, Yvonne},
 title = {New Technology, New Learning?},
 booktitle = {Proceedings of the 2014 Conference on Innovation \&\#38; Technology in Computer Science Education},
 series = {ITiCSE '14},
 year = {2014},
 isbn = {978-1-4503-2833-3},
 location = {Uppsala, Sweden},
 pages = {1--1},
 numpages = {1},
 url = {http://doi.acm.org/10.1145/2591708.2602688},
 doi = {10.1145/2591708.2602688},
 acmid = {2602688},
 publisher = {ACM},
 address = {New York, NY, USA},
 keywords = {human-computer interaction, technologies to facilitate learning},
}

@inproceedings{Lui:2014:UMT:2559206.2574796,
 author = {Lui, Michelle and Kuhn, Alex and Acosta, Alisa and Ni\~{n}o-Soto, Maria I. and Quintana, Chris and Slotta, James D.},
 title = {Using Mobile Tools in Immersive Environments to Support Science Inquiry},
 booktitle = {CHI '14 Extended Abstracts on Human Factors in Computing Systems},
 series = {CHI EA '14},
 year = {2014},
 isbn = {978-1-4503-2474-8},
 location = {Toronto, Ontario, Canada},
 pages = {403--406},
 numpages = {4},
 url = {http://doi.acm.org/10.1145/2559206.2574796},
 doi = {10.1145/2559206.2574796},
 acmid = {2574796},
 publisher = {ACM},
 address = {New York, NY, USA},
 keywords = {digitally augmented physical space, mobile computing, science inquiry, smart classroom, visualizations},
}

@inproceedings{Mostrom:2008:CEA:1404520.1404533,
 author = {Mostr\"{o}m, Jan Erik and Boustedt, Jonas and Eckerdal, Anna and McCartney, Robert and Sanders, Kate and Thomas, Lynda and Zander, Carol},
 title = {Concrete Examples of Abstraction As Manifested in Students' Transformative Experiences},
 booktitle = {Proceedings of the Fourth International Workshop on Computing Education Research},
 series = {ICER '08},
 year = {2008},
 isbn = {978-1-60558-216-0},
 location = {Sydney, Australia},
 pages = {125--136},
 numpages = {12},
 url = {http://doi.acm.org/10.1145/1404520.1404533},
 doi = {10.1145/1404520.1404533},
 acmid = {1404533},
 publisher = {ACM},
 address = {New York, NY, USA},
 keywords = {abstraction, learning theory, threshold concepts, transformation},
}

@inproceedings{Alexander:2008:ETT:1449956.1449958,
 author = {Alexander, Bryan N.},
 title = {Emergent Technologies for Teaching and Learning: Social Media and Ubiquitous Computing},
 booktitle = {Proceedings of the 36th  Annual ACM SIGUCCS Fall Conference: Moving Mountains, Blazing Trails},
 series = {SIGUCCS '08},
 year = {2008},
 isbn = {978-1-60558-074-6},
 location = {Portland, OR, USA},
 pages = {305--306},
 numpages = {2},
 url = {http://doi.acm.org/10.1145/1449956.1449958},
 doi = {10.1145/1449956.1449958},
 acmid = {1449958},
 publisher = {ACM},
 address = {New York, NY, USA},
 keywords = {gaming, learning, mobility, pedagogy, social media, ubiquitous computing, web 2.0},
}

@inproceedings{Lui:2014:SLC:2556288.2557162,
 author = {Lui, Michelle and Kuhn, Alex C. and Acosta, Alisa and Quintana, Chris and Slotta, James D.},
 title = {Supporting Learners in Collecting and Exploring Data from Immersive Simulations in Collective Inquiry},
 booktitle = {Proceedings of the SIGCHI Conference on Human Factors in Computing Systems},
 series = {CHI '14},
 year = {2014},
 isbn = {978-1-4503-2473-1},
 location = {Toronto, Ontario, Canada},
 pages = {2103--2112},
 numpages = {10},
 url = {http://doi.acm.org/10.1145/2556288.2557162},
 doi = {10.1145/2556288.2557162},
 acmid = {2557162},
 publisher = {ACM},
 address = {New York, NY, USA},
 keywords = {digitally augmented physical spaces, large displays, mobile computing, multi-device environments, science inquiry, smart classroom, visualizations},
}

@inproceedings{Lui:2014:SLC:2611528.2557162,
 author = {Lui, Michelle and Kuhn, Alex C. and Acosta, Alisa and Quintana, Chris and Slotta, James D.},
 title = {Supporting Learners in Collecting and Exploring Data from Immersive Simulations in Collective Inquiry},
 booktitle = {Proceedings of the 32Nd Annual ACM Conference on Human Factors in Computing Systems},
 series = {CHI '14},
 year = {2014},
 isbn = {978-1-4503-2473-1},
 location = {Toronto, Ontario, Canada},
 pages = {2103--2112},
 numpages = {10},
 url = {http://doi.acm.org/10.1145/2556288.2557162},
 doi = {10.1145/2556288.2557162},
 acmid = {2557162},
 publisher = {ACM},
 address = {New York, NY, USA},
 keywords = {digitally augmented physical spaces, large displays, mobile computing, multi-device environments, science inquiry, smart classroom, visualizations},
}

@inproceedings{Baer:2013:CTS:2460296.2460354,
 author = {Baer, Linda L. and Duin, Ann Hill and Norris, Donald and Brodnick, Robert},
 title = {Crafting Transformative Strategies for Personalized Learning/Analytics},
 booktitle = {Proceedings of the Third International Conference on Learning Analytics and Knowledge},
 series = {LAK '13},
 year = {2013},
 isbn = {978-1-4503-1785-6},
 location = {Leuven, Belgium},
 pages = {275--277},
 numpages = {3},
 url = {http://doi.acm.org/10.1145/2460296.2460354},
 doi = {10.1145/2460296.2460354},
 acmid = {2460354},
 publisher = {ACM},
 address = {New York, NY, USA},
 keywords = {academic analytics, collaboration, learning analytics, personalized learning, strategic planning},
}

