@article{Steptoe:2018:VAF:3185338.3162076,
 author = {Steptoe, Michael and Kr\"{u}ger, Robert and Garcia, Rolando and Liang, Xing and Maciejewski, Ross},
 title = {A Visual Analytics Framework for Exploring Theme Park Dynamics},
 journal = {ACM Trans. Interact. Intell. Syst.},
 issue_date = {March 2018},
 volume = {8},
 number = {1},
 month = feb,
 year = {2018},
 issn = {2160-6455},
 pages = {4:1--4:27},
 articleno = {4},
 numpages = {27},
 url = {http://doi.acm.org/10.1145/3162076},
 doi = {10.1145/3162076},
 acmid = {3162076},
 publisher = {ACM},
 address = {New York, NY, USA},
 keywords = {Visual analytics, behavior, semantic trajectories, trajectory analysis},
}

@article{Lin:2018:GES:3185338.3178569,
 author = {Lin, Yu-Ru and Cao, Nan},
 title = {Guest Editorial: Special Issue on Interactive Visual Analysis of Human and Crowd Behaviors},
 journal = {ACM Trans. Interact. Intell. Syst.},
 issue_date = {March 2018},
 volume = {8},
 number = {1},
 month = feb,
 year = {2018},
 issn = {2160-6455},
 pages = {1:1--1:4},
 articleno = {1},
 numpages = {4},
 url = {http://doi.acm.org/10.1145/3178569},
 doi = {10.1145/3178569},
 acmid = {3178569},
 publisher = {ACM},
 address = {New York, NY, USA},
 keywords = {Visual analytics, behavioral data, crowd behaviors, human mobility, interactive visualization, social dynamics, social network analysis},
}

@article{Shriver:1998:ABM:277858.277906,
 author = {Shriver, Elizabeth and Merchant, Arif and Wilkes, John},
 title = {An Analytic Behavior Model for Disk Drives with Readahead Caches and Request Reordering},
 journal = {SIGMETRICS Perform. Eval. Rev.},
 issue_date = {June 1998},
 volume = {26},
 number = {1},
 month = jun,
 year = {1998},
 issn = {0163-5999},
 pages = {182--191},
 numpages = {10},
 url = {http://doi.acm.org/10.1145/277858.277906},
 doi = {10.1145/277858.277906},
 acmid = {277906},
 publisher = {ACM},
 address = {New York, NY, USA},
}

@inproceedings{Shriver:1998:ABM:277851.277906,
 author = {Shriver, Elizabeth and Merchant, Arif and Wilkes, John},
 title = {An Analytic Behavior Model for Disk Drives with Readahead Caches and Request Reordering},
 booktitle = {Proceedings of the 1998 ACM SIGMETRICS Joint International Conference on Measurement and Modeling of Computer Systems},
 series = {SIGMETRICS '98/PERFORMANCE '98},
 year = {1998},
 isbn = {0-89791-982-3},
 location = {Madison, Wisconsin, USA},
 pages = {182--191},
 numpages = {10},
 url = {http://doi.acm.org/10.1145/277851.277906},
 doi = {10.1145/277851.277906},
 acmid = {277906},
 publisher = {ACM},
 address = {New York, NY, USA},
}

@inproceedings{Jung:2012:SPE:2381934.2381944,
 author = {Jung, Jaeyeon and Han, Seungyeop and Wetherall, David},
 title = {Short Paper: Enhancing Mobile Application Permissions with Runtime Feedback and Constraints},
 booktitle = {Proceedings of the Second ACM Workshop on Security and Privacy in Smartphones and Mobile Devices},
 series = {SPSM '12},
 year = {2012},
 isbn = {978-1-4503-1666-8},
 location = {Raleigh, North Carolina, USA},
 pages = {45--50},
 numpages = {6},
 url = {http://doi.acm.org/10.1145/2381934.2381944},
 doi = {10.1145/2381934.2381944},
 acmid = {2381944},
 publisher = {ACM},
 address = {New York, NY, USA},
 keywords = {permission architecture, smartphone privacy, user study},
}

@inproceedings{Reda:2014:EPL:2559206.2581202,
 author = {Reda, Khairi and Offord, Catherine and Johnson, Andrew E. and Leigh, Jason},
 title = {Expanding the Porthole: Leveraging Large, High-resolution Displays in Exploratory Visual Analysis},
 booktitle = {CHI '14 Extended Abstracts on Human Factors in Computing Systems},
 series = {CHI EA '14},
 year = {2014},
 isbn = {978-1-4503-2474-8},
 location = {Toronto, Ontario, Canada},
 pages = {2047--2052},
 numpages = {6},
 url = {http://doi.acm.org/10.1145/2559206.2581202},
 doi = {10.1145/2559206.2581202},
 acmid = {2581202},
 publisher = {ACM},
 address = {New York, NY, USA},
 keywords = {information visualization, large high-resolution displays, visual analytics, visual exploration},
}

@inproceedings{Jianu:2012:ESU:2207676.2208704,
 author = {Jianu, Radu and Laidlaw, David},
 title = {An Evaluation of How Small User Interface Changes Can Improve Scientists' Analytic Strategies},
 booktitle = {Proceedings of the SIGCHI Conference on Human Factors in Computing Systems},
 series = {CHI '12},
 year = {2012},
 isbn = {978-1-4503-1015-4},
 location = {Austin, Texas, USA},
 pages = {2953--2962},
 numpages = {10},
 url = {http://doi.acm.org/10.1145/2207676.2208704},
 doi = {10.1145/2207676.2208704},
 acmid = {2208704},
 publisher = {ACM},
 address = {New York, NY, USA},
 keywords = {analytic biases, persuasive technology, visual analytics},
}

@inproceedings{DeJonghe:2013:EAN:2485288.2485632,
 author = {De Jonghe, Dimitri and Deschrijver, Dirk and Dhaene, Tom and Gielen, Georges},
 title = {Extracting Analytical Nonlinear Models from Analog Circuits by Recursive Vector Fitting of Transfer Function Trajectories},
 booktitle = {Proceedings of the Conference on Design, Automation and Test in Europe},
 series = {DATE '13},
 year = {2013},
 isbn = {978-1-4503-2153-2},
 location = {Grenoble, France},
 pages = {1448--1453},
 numpages = {6},
 url = {http://dl.acm.org/citation.cfm?id=2485288.2485632},
 acmid = {2485632},
 publisher = {EDA Consortium},
 address = {San Jose, CA, USA},
}

@inproceedings{Reda:2014:EUB:2669557.2669575,
 author = {Reda, Khairi and Johnson, Andrew E. and Leigh, Jason and Papka, Michael E.},
 title = {Evaluating User Behavior and Strategy During Visual Exploration},
 booktitle = {Proceedings of the Fifth Workshop on Beyond Time and Errors: Novel Evaluation Methods for Visualization},
 series = {BELIV '14},
 year = {2014},
 isbn = {978-1-4503-3209-5},
 location = {Paris, France},
 pages = {41--45},
 numpages = {5},
 url = {http://doi.acm.org/10.1145/2669557.2669575},
 doi = {10.1145/2669557.2669575},
 acmid = {2669575},
 publisher = {ACM},
 address = {New York, NY, USA},
 keywords = {exploratory visual analysis, insight-based evaluation},
}

@inproceedings{Best:2010:RVN:1850795.1850805,
 author = {Best, Daniel M. and Bohn, Shawn and Love, Douglas and Wynne, Adam and Pike, William A.},
 title = {Real-time Visualization of Network Behaviors for Situational Awareness},
 booktitle = {Proceedings of the Seventh International Symposium on Visualization for Cyber Security},
 series = {VizSec '10},
 year = {2010},
 isbn = {978-1-4503-0013-1},
 location = {Ottawa, Ontario, Canada},
 pages = {79--90},
 numpages = {12},
 url = {http://doi.acm.org/10.1145/1850795.1850805},
 doi = {10.1145/1850795.1850805},
 acmid = {1850805},
 publisher = {ACM},
 address = {New York, NY, USA},
 keywords = {behavior modeling, high-throughput, network flow, real-time, symbolic aggregate approximation, visualization},
}

@proceedings{Amer:2015:2810397,
 title = {HCMC '15: Proceedings of the 2Nd Workshop on Computational Models of Social Interactions: Human-Computer-Media Communication},
 year = {2015},
 isbn = {978-1-4503-3747-2},
 location = {Brisbane, Australia},
 publisher = {ACM},
 address = {New York, NY, USA},
}

@inproceedings{Larsen:1979:CMV:800292.811771,
 author = {Larsen, Robert P.},
 title = {Can CAD Meet the VLSI Design Problems of the 80's?},
 booktitle = {Proceedings of the 16th Design Automation Conference},
 series = {DAC '79},
 year = {1979},
 location = {San Diego, CA, USA},
 pages = {551--},
 url = {http://dl.acm.org/citation.cfm?id=800292.811771},
 acmid = {811771},
 publisher = {IEEE Press},
 address = {Piscataway, NJ, USA},
}

