@inproceedings{Duran:2017:TFA:3105726.3105731,
 author = {Duran, Rodrigo},
 title = {Towards a Fine-grained Analysis of Complexity of Programming Tasks},
 booktitle = {Proceedings of the 2017 ACM Conference on International Computing Education Research},
 series = {ICER '17},
 year = {2017},
 isbn = {978-1-4503-4968-0},
 location = {Tacoma, Washington, USA},
 pages = {271--272},
 numpages = {2},
 url = {http://doi.acm.org/10.1145/3105726.3105731},
 doi = {10.1145/3105726.3105731},
 acmid = {3105731},
 publisher = {ACM},
 address = {New York, NY, USA},
 keywords = {Neo-Piagetian stages, model of hierarchical complexity, task complexity},
}

@inproceedings{Duran:2018:TID:3230977.3231007,
 author = {Duran, Rodrigo},
 title = {Towards an Instructional Design of Complex Learning in Introductory Programming Courses},
 booktitle = {Proceedings of the 2018 ACM Conference on International Computing Education Research},
 series = {ICER '18},
 year = {2018},
 isbn = {978-1-4503-5628-2},
 location = {Espoo, Finland},
 pages = {262--263},
 numpages = {2},
 url = {http://doi.acm.org/10.1145/3230977.3231007},
 doi = {10.1145/3230977.3231007},
 acmid = {3231007},
 publisher = {ACM},
 address = {New York, NY, USA},
 keywords = {cognitive load theory, complexity, model of hierarchical complexity, plan-composition strategies, program cognitive complexity},
}

@inproceedings{Duran:2018:TAP:3230977.3230986,
 author = {Duran, Rodrigo and Sorva, Juha and Leite, Sofia},
 title = {Towards an Analysis of Program Complexity From a Cognitive Perspective},
 booktitle = {Proceedings of the 2018 ACM Conference on International Computing Education Research},
 series = {ICER '18},
 year = {2018},
 isbn = {978-1-4503-5628-2},
 location = {Espoo, Finland},
 pages = {21--30},
 numpages = {10},
 url = {http://doi.acm.org/10.1145/3230977.3230986},
 doi = {10.1145/3230977.3230986},
 acmid = {3230986},
 publisher = {ACM},
 address = {New York, NY, USA},
 keywords = {cognitive load theory, complexity, model of hierarchical complexity, plan-composition strategies, program cognitive complexity},
}

@inproceedings{Nguyen:2006:SAA:1141277.1141305,
 author = {Nguyen, Thi Minh Luan and Lecerf, Christophe and Lavall{\'e}e, Ivan},
 title = {A Space Aware Agent-based Modeling Process for the Study of Hierarchical Complex Systems},
 booktitle = {Proceedings of the 2006 ACM Symposium on Applied Computing},
 series = {SAC '06},
 year = {2006},
 isbn = {1-59593-108-2},
 location = {Dijon, France},
 pages = {126--127},
 numpages = {2},
 url = {http://doi.acm.org/10.1145/1141277.1141305},
 doi = {10.1145/1141277.1141305},
 acmid = {1141305},
 publisher = {ACM},
 address = {New York, NY, USA},
 keywords = {DEV\&DESS, agent-based spatial simulation, complex system, hierarchical graph, multilevel and multi-scale modeling},
}

@inproceedings{Liu:2010:AHC:1882291.1882350,
 author = {Liu, Yang and Sun, Jun and Dong, Jin Song},
 title = {Analyzing Hierarchical Complex Real-time Systems},
 booktitle = {Proceedings of the Eighteenth ACM SIGSOFT International Symposium on Foundations of Software Engineering},
 series = {FSE '10},
 year = {2010},
 isbn = {978-1-60558-791-2},
 location = {Santa Fe, New Mexico, USA},
 pages = {365--366},
 numpages = {2},
 url = {http://doi.acm.org/10.1145/1882291.1882350},
 doi = {10.1145/1882291.1882350},
 acmid = {1882350},
 publisher = {ACM},
 address = {New York, NY, USA},
 keywords = {real-time system, zone abstraction},
}

@inproceedings{Lee:2001:LDM:360276.360290,
 author = {Lee, K. K. and Wong, Martin D. F.},
 title = {LRoute: A Delay Minimal Router for Hierarchical CPLDs},
 booktitle = {Proceedings of the 2001 ACM/SIGDA Ninth International Symposium on Field Programmable Gate Arrays},
 series = {FPGA '01},
 year = {2001},
 isbn = {1-58113-341-3},
 location = {Monterey, California, USA},
 pages = {12--20},
 numpages = {9},
 url = {http://doi.acm.org/10.1145/360276.360290},
 doi = {10.1145/360276.360290},
 acmid = {360290},
 publisher = {ACM},
 address = {New York, NY, USA},
 keywords = {Lagrangian relaxation, complex programmable logic devices, hierarchical model, routing},
}

@inproceedings{Yu:2017:DPS:3071178.3071253,
 author = {Yu, Jheng-Ying and Chen, I-Ting and Yu, Tian-Li},
 title = {A Diversity Preservation Scheme for DSMGA-II to Conquer the Hierarchical Difficulty},
 booktitle = {Proceedings of the Genetic and Evolutionary Computation Conference},
 series = {GECCO '17},
 year = {2017},
 isbn = {978-1-4503-4920-8},
 location = {Berlin, Germany},
 pages = {841--848},
 numpages = {8},
 url = {http://doi.acm.org/10.1145/3071178.3071253},
 doi = {10.1145/3071178.3071253},
 acmid = {3071253},
 publisher = {ACM},
 address = {New York, NY, USA},
 keywords = {diversity preserving, genetic algorithm, hierarchy, linkage learning, niching},
}

@inproceedings{Gunawardena:2018:AHV:3177457.3177476,
 author = {Gunawardena, G. M. W. L.},
 title = {Analyzing Human Visual Perception of Streetscape Elements Through Taxonomic Diagrams},
 booktitle = {Proceedings of the 10th International Conference on Computer Modeling and Simulation},
 series = {ICCMS 2018},
 year = {2018},
 isbn = {978-1-4503-6339-6},
 location = {Sydney, Australia},
 pages = {3--8},
 numpages = {6},
 url = {http://doi.acm.org/10.1145/3177457.3177476},
 doi = {10.1145/3177457.3177476},
 acmid = {3177476},
 publisher = {ACM},
 address = {New York, NY, USA},
 keywords = {Taxonomic diagrams, figure and background, streetscapes, visual perception},
}

@article{Sun:2013:MVH:2430536.2430537,
 author = {Sun, Jun and Liu, Yang and Dong, Jin Song and Liu, Yan and Shi, Ling and Andr{\'e}, \'{E}tienne},
 title = {Modeling and Verifying Hierarchical Real-time Systems Using Stateful Timed CSP},
 journal = {ACM Trans. Softw. Eng. Methodol.},
 issue_date = {February 2013},
 volume = {22},
 number = {1},
 month = mar,
 year = {2013},
 issn = {1049-331X},
 pages = {3:1--3:29},
 articleno = {3},
 numpages = {29},
 url = {http://doi.acm.org/10.1145/2430536.2430537},
 doi = {10.1145/2430536.2430537},
 acmid = {2430537},
 publisher = {ACM},
 address = {New York, NY, USA},
 keywords = {Non-Zenoness, PAT, Stateful Timed CSP, Zone Abstraction},
}

@inproceedings{Menashe:2015:MCH:2772879.2773538,
 author = {Menashe, Jacob and Stone, Peter},
 title = {Monte Carlo Hierarchical Model Learning: (Doctoral Consortium)},
 booktitle = {Proceedings of the 2015 International Conference on Autonomous Agents and Multiagent Systems},
 series = {AAMAS '15},
 year = {2015},
 isbn = {978-1-4503-3413-6},
 location = {Istanbul, Turkey},
 pages = {1985--1986},
 numpages = {2},
 url = {http://dl.acm.org/citation.cfm?id=2772879.2773538},
 acmid = {2773538},
 publisher = {International Foundation for Autonomous Agents and Multiagent Systems},
 address = {Richland, SC},
 keywords = {factored domains, hierarchical skill learning, model learning, monte carlo methods, reinforcement learning, single and multi-agent learning techniques},
}

@inproceedings{Menashe:2015:MCH:2772879.2773252,
 author = {Menashe, Jacob and Stone, Peter},
 title = {Monte Carlo Hierarchical Model Learning},
 booktitle = {Proceedings of the 2015 International Conference on Autonomous Agents and Multiagent Systems},
 series = {AAMAS '15},
 year = {2015},
 isbn = {978-1-4503-3413-6},
 location = {Istanbul, Turkey},
 pages = {771--779},
 numpages = {9},
 url = {http://dl.acm.org/citation.cfm?id=2772879.2773252},
 acmid = {2773252},
 publisher = {International Foundation for Autonomous Agents and Multiagent Systems},
 address = {Richland, SC},
 keywords = {factored domains, hierarchical skill learning, model learning, monte carlo methods, reinforcment learning, single and multi-agent learning techniques},
}

