@inproceedings{Block:1961:AP:1460690.1460722,
 author = {Block, H. D.},
 title = {Analysis of Perceptions},
 booktitle = {Papers Presented at the May 9-11, 1961, Western Joint IRE-AIEE-ACM Computer Conference},
 series = {IRE-AIEE-ACM '61 (Western)},
 year = {1961},
 location = {Los Angeles, California},
 pages = {281--289},
 numpages = {9},
 url = {http://doi.acm.org/10.1145/1460690.1460722},
 doi = {10.1145/1460690.1460722},
 acmid = {1460722},
 publisher = {ACM},
 address = {New York, NY, USA},
}

