@inproceedings{Spyropoulou:2013:ECE:2491845.2491882,
 author = {Spyropoulou, Maria and Ntourou, Dimitra and Simaki, Vasiliki and Malagkoniari, Dionysia and Koumpouri, Athanasia and Sorra, Maria},
 title = {Evaluating the Correspondence of Educational Software to Learning Theories},
 booktitle = {Proceedings of the 17th Panhellenic Conference on Informatics},
 series = {PCI '13},
 year = {2013},
 isbn = {978-1-4503-1969-0},
 location = {Thessaloniki, Greece},
 pages = {250--257},
 numpages = {8},
 url = {http://doi.acm.org/10.1145/2491845.2491882},
 doi = {10.1145/2491845.2491882},
 acmid = {2491882},
 publisher = {ACM},
 address = {New York, NY, USA},
 keywords = {behaviorism, cognitivism, constructivism, educational software, educational websites, evaluation, instructional design, learning theories, online learning},
}

@inproceedings{Jensen:2004:RCT:1028014.1028042,
 author = {Jensen, Mikkel and S{\o}gaard, Mads},
 title = {Refocusing the Contextual Turn: The Forgotten Construction of Meaning at the Interface},
 booktitle = {Proceedings of the Third Nordic Conference on Human-computer Interaction},
 series = {NordiCHI '04},
 year = {2004},
 isbn = {1-58113-857-1},
 location = {Tampere, Finland},
 pages = {185--188},
 numpages = {4},
 url = {http://doi.acm.org/10.1145/1028014.1028042},
 doi = {10.1145/1028014.1028042},
 acmid = {1028042},
 publisher = {ACM},
 address = {New York, NY, USA},
 keywords = {HCI theories, cognitive linguistics, cognitive semantics, cognitivism, reflexive HCI, user interface design},
}

@inproceedings{Kibuku:2018:FET:3283458.3283492,
 author = {Kibuku, Rachael Njeri and Ochieng, Daniel Orwa},
 title = {Formulating an e-Learning Theory: A Grounded Theory Approach},
 booktitle = {Proceedings of the Second African Conference for Human Computer Interaction: Thriving Communities},
 series = {AfriCHI '18},
 year = {2018},
 isbn = {978-1-4503-6558-1},
 location = {Windhoek, Namibia},
 pages = {37:1--37:5},
 articleno = {37},
 numpages = {5},
 url = {http://doi.acm.org/10.1145/3283458.3283492},
 doi = {10.1145/3283458.3283492},
 acmid = {3283492},
 publisher = {ACM},
 address = {New York, NY, USA},
 keywords = {connectivism, e-learning, learning, pedagogy, theory},
}

@inproceedings{Chalkidis:2017:ECE:3086512.3086515,
 author = {Chalkidis, Ilias and Androutsopoulos, Ion and Michos, Achilleas},
 title = {Extracting Contract Elements},
 booktitle = {Proceedings of the 16th Edition of the International Conference on Articial Intelligence and Law},
 series = {ICAIL '17},
 year = {2017},
 isbn = {978-1-4503-4891-1},
 location = {London, United Kingdom},
 pages = {19--28},
 numpages = {10},
 url = {http://doi.acm.org/10.1145/3086512.3086515},
 doi = {10.1145/3086512.3086515},
 acmid = {3086515},
 publisher = {ACM},
 address = {New York, NY, USA},
 keywords = {contracts, datasets, evaluation, information extraction, legal text analytics, machine learning, natural language processing},
}

@article{Naur:2007:CVH:1188913.1188922,
 author = {Naur, Peter},
 title = {Computing Versus Human Thinking},
 journal = {Commun. ACM},
 issue_date = {January 2007},
 volume = {50},
 number = {1},
 month = jan,
 year = {2007},
 issn = {0001-0782},
 pages = {85--94},
 numpages = {10},
 url = {http://doi.acm.org/10.1145/1188913.1188922},
 doi = {10.1145/1188913.1188922},
 acmid = {1188922},
 publisher = {ACM},
 address = {New York, NY, USA},
}

