@inproceedings{Murphy-Hill:2011:PIE:1958824.1958888,
 author = {Murphy-Hill, Emerson and Murphy, Gail C.},
 title = {Peer Interaction Effectively, Yet Infrequently, Enables Programmers to Discover New Tools},
 booktitle = {Proceedings of the ACM 2011 Conference on Computer Supported Cooperative Work},
 series = {CSCW '11},
 year = {2011},
 isbn = {978-1-4503-0556-3},
 location = {Hangzhou, China},
 pages = {405--414},
 numpages = {10},
 url = {http://doi.acm.org/10.1145/1958824.1958888},
 doi = {10.1145/1958824.1958888},
 acmid = {1958888},
 publisher = {ACM},
 address = {New York, NY, USA},
 keywords = {discovery, learning, programmers, programming tools},
}

@inproceedings{Ziegler:1999:DLI:299649.299797,
 author = {Ziegler, Uta},
 title = {Discovery Learning in Introductory Operating System Courses},
 booktitle = {The Proceedings of the Thirtieth SIGCSE Technical Symposium on Computer Science Education},
 series = {SIGCSE '99},
 year = {1999},
 isbn = {1-58113-085-6},
 location = {New Orleans, Louisiana, USA},
 pages = {321--325},
 numpages = {5},
 url = {http://doi.acm.org/10.1145/299649.299797},
 doi = {10.1145/299649.299797},
 acmid = {299797},
 publisher = {ACM},
 address = {New York, NY, USA},
 keywords = {discovery learning, operating systems, practical experience},
}

@article{Ziegler:1999:DLI:384266.299797,
 author = {Ziegler, Uta},
 title = {Discovery Learning in Introductory Operating System Courses},
 journal = {SIGCSE Bull.},
 issue_date = {March 1999},
 volume = {31},
 number = {1},
 month = mar,
 year = {1999},
 issn = {0097-8418},
 pages = {321--325},
 numpages = {5},
 url = {http://doi.acm.org/10.1145/384266.299797},
 doi = {10.1145/384266.299797},
 acmid = {299797},
 publisher = {ACM},
 address = {New York, NY, USA},
 keywords = {discovery learning, operating systems, practical experience},
}

@inproceedings{Hellmig:2015:UAC:2818314.2818337,
 author = {Hellmig, Lutz and Hempel, Tino},
 title = {Using -- Analysing -- Creating -- Embedding: A Framework for Scaffolded Problem-Based Discovery Learning in Informatics' Education},
 booktitle = {Proceedings of the Workshop in Primary and Secondary Computing Education},
 series = {WiPSCE '15},
 year = {2015},
 isbn = {978-1-4503-3753-3},
 location = {London, United Kingdom},
 pages = {17--20},
 numpages = {4},
 url = {http://doi.acm.org/10.1145/2818314.2818337},
 doi = {10.1145/2818314.2818337},
 acmid = {2818337},
 publisher = {ACM},
 address = {New York, NY, USA},
 keywords = {discovery learning, inductive learning, learner centered, scaffolding},
}

@inproceedings{Dong:2012:DGL:2207676.2208358,
 author = {Dong, Tao and Dontcheva, Mira and Joseph, Diana and Karahalios, Karrie and Newman, Mark and Ackerman, Mark},
 title = {Discovery-based Games for Learning Software},
 booktitle = {Proceedings of the SIGCHI Conference on Human Factors in Computing Systems},
 series = {CHI '12},
 year = {2012},
 isbn = {978-1-4503-1015-4},
 location = {Austin, Texas, USA},
 pages = {2083--2086},
 numpages = {4},
 url = {http://doi.acm.org/10.1145/2207676.2208358},
 doi = {10.1145/2207676.2208358},
 acmid = {2208358},
 publisher = {ACM},
 address = {New York, NY, USA},
 keywords = {discovery learning, learning games, software training},
}

@article{Holder:2003:GRL:959242.959254,
 author = {Holder, Lawrence B. and Cook, Diane J.},
 title = {Graph-based Relational Learning: Current and Future Directions},
 journal = {SIGKDD Explor. Newsl.},
 issue_date = {July 2003},
 volume = {5},
 number = {1},
 month = jul,
 year = {2003},
 issn = {1931-0145},
 pages = {90--93},
 numpages = {4},
 url = {http://doi.acm.org/10.1145/959242.959254},
 doi = {10.1145/959242.959254},
 acmid = {959254},
 publisher = {ACM},
 address = {New York, NY, USA},
 keywords = {discovery, graph, graph-based relational learning, learning, relational, structural},
}

@inproceedings{Saab:2005:SCD:1149293.1149365,
 author = {Saab, Nadira and van Joolingen, Wouter},
 title = {Supporting Collaborative Discovery Learning by Presenting a Tool},
 booktitle = {Proceedings of th 2005 Conference on Computer Support for Collaborative Learning: Learning 2005: The Next 10 Years!},
 series = {CSCL '05},
 year = {2005},
 isbn = {0-8058-5782-6},
 location = {Taipei, Taiwan},
 pages = {541--546},
 numpages = {6},
 url = {http://dl.acm.org/citation.cfm?id=1149293.1149365},
 acmid = {1149365},
 publisher = {International Society of the Learning Sciences},
 keywords = {cognitive tools, collaborative discovery learning, communication, discourse analysis},
}

@inproceedings{Seol:2012:UMA:2380552.2380591,
 author = {Seol, Sunmi and Sharp, Aaron and Kim, Paul},
 title = {Use of a Mobile Application to Promote Scientific Discovery Learning: Students' Perceptions Towards and Practical Adoption of a Mobile Application},
 booktitle = {Proceedings of the 13th Annual Conference on Information Technology Education},
 series = {SIGITE '12},
 year = {2012},
 isbn = {978-1-4503-1464-0},
 location = {Calgary, Alberta, Canada},
 pages = {121--126},
 numpages = {6},
 url = {http://doi.acm.org/10.1145/2380552.2380591},
 doi = {10.1145/2380552.2380591},
 acmid = {2380591},
 publisher = {ACM},
 address = {New York, NY, USA},
 keywords = {constructivism, mobile application, mobile document, scientific discovery learning},
}

@article{falcao:2018:FGS:3271479.3226114,
 author = {falc\~{a}o, Taciana Pontual},
 title = {Feedback and Guidance to Support Children with Intellectual Disabilities in Discovery Learning with a Tangible Interactive Tabletop},
 journal = {ACM Trans. Access. Comput.},
 issue_date = {October 2018},
 volume = {11},
 number = {3},
 month = sep,
 year = {2018},
 issn = {1936-7228},
 pages = {16:1--16:28},
 articleno = {16},
 numpages = {28},
 url = {http://doi.acm.org/10.1145/3226114},
 doi = {10.1145/3226114},
 acmid = {3226114},
 publisher = {ACM},
 address = {New York, NY, USA},
 keywords = {Tangible environments, children, discovery learning, feedback, intellectual disabilities, scaffolding},
}

@inproceedings{Sabitzer:2019:CCO:3304221.3325569,
 author = {Sabitzer, Barbara and Groher, Iris and Sametinger, Johannes},
 title = {COOL: Cooperative Open Learning for Beginning Programmers},
 booktitle = {Proceedings of the 2019 ACM Conference on Innovation and Technology in Computer Science Education},
 series = {ITiCSE '19},
 year = {2019},
 isbn = {978-1-4503-6301-3},
 location = {Aberdeen, Scotland Uk},
 pages = {321--321},
 numpages = {1},
 url = {http://doi.acm.org/10.1145/3304221.3325569},
 doi = {10.1145/3304221.3325569},
 acmid = {3325569},
 publisher = {ACM},
 address = {New York, NY, USA},
 keywords = {brain-based learning, cooperative learning, cs1, discovery learning},
}

@inproceedings{Yuliati:2018:ITM:3206129.3239423,
 author = {Yuliati, Lia and Munfaridah, Nuril},
 title = {The Influence of Thinking Maps on Discovery Learning Toward Physics Problem Solving Skills},
 booktitle = {Proceedings of the 2Nd International Conference on Education and Multimedia Technology},
 series = {ICEMT 2018},
 year = {2018},
 isbn = {978-1-4503-6525-3},
 location = {Okinawa, Japan},
 pages = {59--63},
 numpages = {5},
 url = {http://doi.acm.org/10.1145/3206129.3239423},
 doi = {10.1145/3206129.3239423},
 acmid = {3239423},
 publisher = {ACM},
 address = {New York, NY, USA},
 keywords = {Discovery learning, physics, problem-solving skills, thinking maps},
}

@inproceedings{Cuthbertson:2007:MEC:1297277.1297290,
 author = {Cuthbertson, Aaron and Hatton, Sarah and Minyard, Gary and Piver, Harper and Todd, Christopher and Birchfield, David},
 title = {Mediated Education in a Creative Arts Context: Research and Practice at Whittier Elementary School},
 booktitle = {Proceedings of the 6th International Conference on Interaction Design and Children},
 series = {IDC '07},
 year = {2007},
 isbn = {978-1-59593-747-6},
 location = {Aalborg, Denmark},
 pages = {65--72},
 numpages = {8},
 url = {http://doi.acm.org/10.1145/1297277.1297290},
 doi = {10.1145/1297277.1297290},
 acmid = {1297290},
 publisher = {ACM},
 address = {New York, NY, USA},
 keywords = {K-12 education, computer-enriched instruction, discovery learning, multimodal interaction},
}

@inproceedings{Philpott:2009:USP:1508865.1509012,
 author = {Philpott, Anne and Clear, Tony and Whalley, Jacqueline},
 title = {Understanding Student Performance on an Algorithm Simulation Task: Implications for Guided Learning},
 booktitle = {Proceedings of the 40th ACM Technical Symposium on Computer Science Education},
 series = {SIGCSE '09},
 year = {2009},
 isbn = {978-1-60558-183-5},
 location = {Chattanooga, TN, USA},
 pages = {408--412},
 numpages = {5},
 url = {http://doi.acm.org/10.1145/1508865.1509012},
 doi = {10.1145/1508865.1509012},
 acmid = {1509012},
 publisher = {ACM},
 address = {New York, NY, USA},
 keywords = {abstraction, algorithms, comprehension, cs3, discovery learning, novice programmers, problem based learning, solo},
}

@article{Philpott:2009:USP:1539024.1509012,
 author = {Philpott, Anne and Clear, Tony and Whalley, Jacqueline},
 title = {Understanding Student Performance on an Algorithm Simulation Task: Implications for Guided Learning},
 journal = {SIGCSE Bull.},
 issue_date = {March 2009},
 volume = {41},
 number = {1},
 month = mar,
 year = {2009},
 issn = {0097-8418},
 pages = {408--412},
 numpages = {5},
 url = {http://doi.acm.org/10.1145/1539024.1509012},
 doi = {10.1145/1539024.1509012},
 acmid = {1509012},
 publisher = {ACM},
 address = {New York, NY, USA},
 keywords = {abstraction, algorithms, comprehension, cs3, discovery learning, novice programmers, problem based learning, solo},
}

@inproceedings{Urbanowicz:2018:ATS:3205455.3205618,
 author = {Urbanowicz, Ryan J. and Lo, Christopher and Holmes, John H. and Moore, Jason H.},
 title = {Attribute Tracking: Strategies Towards Improved Detection and Characterization of Complex Associations},
 booktitle = {Proceedings of the Genetic and Evolutionary Computation Conference},
 series = {GECCO '18},
 year = {2018},
 isbn = {978-1-4503-5618-3},
 location = {Kyoto, Japan},
 pages = {553--560},
 numpages = {8},
 url = {http://doi.acm.org/10.1145/3205455.3205618},
 doi = {10.1145/3205455.3205618},
 acmid = {3205618},
 publisher = {ACM},
 address = {New York, NY, USA},
 keywords = {bioinformatics, epistasis, genetic heterogeneity, knowledge discovery, learning classifier systems, machine learning, pattern recognition and classification},
}

@article{Rieman:1996:FSE:234526.234527,
 author = {Rieman, John},
 title = {A Field Study of Exploratory Learning Strategies},
 journal = {ACM Trans. Comput.-Hum. Interact.},
 issue_date = {Sept. 1996},
 volume = {3},
 number = {3},
 month = sep,
 year = {1996},
 issn = {1073-0516},
 pages = {189--218},
 numpages = {30},
 url = {http://doi.acm.org/10.1145/234526.234527},
 doi = {10.1145/234526.234527},
 acmid = {234527},
 publisher = {ACM},
 address = {New York, NY, USA},
 keywords = {diary studies, discovery learning, exploratory learning, learning in the workplace, learning on demand},
}

@inproceedings{Kajiyama:2011:BDR:1991996.1992032,
 author = {Kajiyama, Tomoko},
 title = {Botanical Data Retrieval System Supporting Discovery Learning},
 booktitle = {Proceedings of the 1st ACM International Conference on Multimedia Retrieval},
 series = {ICMR '11},
 year = {2011},
 isbn = {978-1-4503-0336-1},
 location = {Trento, Italy},
 pages = {36:1--36:7},
 articleno = {36},
 numpages = {7},
 url = {http://doi.acm.org/10.1145/1991996.1992032},
 doi = {10.1145/1991996.1992032},
 acmid = {1992032},
 publisher = {ACM},
 address = {New York, NY, USA},
 keywords = {botanical collections, discovery learning, dynamical hierarchy, graphical search interface, multi-faceted search},
}

@inproceedings{Olson:2011:MTA:1999030.1999058,
 author = {Olson, Izabel C. and Horn, Michael S.},
 title = {Modeling on the Table: Agent-based Modeling in Elementary School with NetTango},
 booktitle = {Proceedings of the 10th International Conference on Interaction Design and Children},
 series = {IDC '11},
 year = {2011},
 isbn = {978-1-4503-0751-2},
 location = {Ann Arbor, Michigan},
 pages = {189--192},
 numpages = {4},
 url = {http://doi.acm.org/10.1145/1999030.1999058},
 doi = {10.1145/1999030.1999058},
 acmid = {1999058},
 publisher = {ACM},
 address = {New York, NY, USA},
 keywords = {agent-based modeling, children, discovery learning, multi-touch tabletops, scientific inquiry},
}

@article{Sigman:2007:ESF:1227504.1227463,
 author = {Sigman, Scott},
 title = {Engaging Students in Formal Language Theory and Theory of Computation},
 journal = {SIGCSE Bull.},
 issue_date = {March 2007},
 volume = {39},
 number = {1},
 month = mar,
 year = {2007},
 issn = {0097-8418},
 pages = {450--453},
 numpages = {4},
 url = {http://doi.acm.org/10.1145/1227504.1227463},
 doi = {10.1145/1227504.1227463},
 acmid = {1227463},
 publisher = {ACM},
 address = {New York, NY, USA},
 keywords = {Moore method, discovery learning, formal language theory, inquiry learning, problem based learning, theory of computation},
}

@inproceedings{Sigman:2007:ESF:1227310.1227463,
 author = {Sigman, Scott},
 title = {Engaging Students in Formal Language Theory and Theory of Computation},
 booktitle = {Proceedings of the 38th SIGCSE Technical Symposium on Computer Science Education},
 series = {SIGCSE '07},
 year = {2007},
 isbn = {1-59593-361-1},
 location = {Covington, Kentucky, USA},
 pages = {450--453},
 numpages = {4},
 url = {http://doi.acm.org/10.1145/1227310.1227463},
 doi = {10.1145/1227310.1227463},
 acmid = {1227463},
 publisher = {ACM},
 address = {New York, NY, USA},
 keywords = {Moore method, discovery learning, formal language theory, inquiry learning, problem based learning, theory of computation},
}

@inproceedings{Jones:2000:MTS:347642.347660,
 author = {Jones, Lauretta and Greene, Sharon L.},
 title = {MoMA and the Three-legged Stool: Fostering Creative Insight in Interactive System Design},
 booktitle = {Proceedings of the 3rd Conference on Designing Interactive Systems: Processes, Practices, Methods, and Techniques},
 series = {DIS '00},
 year = {2000},
 isbn = {1-58113-219-0},
 location = {New York City, New York, USA},
 pages = {39--47},
 numpages = {9},
 url = {http://doi.acm.org/10.1145/347642.347660},
 doi = {10.1145/347642.347660},
 acmid = {347660},
 publisher = {ACM},
 address = {New York, NY, USA},
 keywords = {HCI, cognitive HCI, discovery learning, human-computer interaction, participatory design, prototyping, software design, software design methodology, user-centered design},
}

@inproceedings{Baldwin:1996:DLC:236452.236544,
 author = {Baldwin, Doug},
 title = {Discovery Learning in Computer Science},
 booktitle = {Proceedings of the Twenty-seventh SIGCSE Technical Symposium on Computer Science Education},
 series = {SIGCSE '96},
 year = {1996},
 isbn = {0-89791-757-X},
 location = {Philadelphia, Pennsylvania, USA},
 pages = {222--226},
 numpages = {5},
 url = {http://doi.acm.org/10.1145/236452.236544},
 doi = {10.1145/236452.236544},
 acmid = {236544},
 publisher = {ACM},
 address = {New York, NY, USA},
}

@article{Baldwin:1996:DLC:236462.236544,
 author = {Baldwin, Doug},
 title = {Discovery Learning in Computer Science},
 journal = {SIGCSE Bull.},
 issue_date = {March 1996},
 volume = {28},
 number = {1},
 month = mar,
 year = {1996},
 issn = {0097-8418},
 pages = {222--226},
 numpages = {5},
 url = {http://doi.acm.org/10.1145/236462.236544},
 doi = {10.1145/236462.236544},
 acmid = {236544},
 publisher = {ACM},
 address = {New York, NY, USA},
}

@inproceedings{Marshall:2010:TBD:1709886.1709914,
 author = {Marshall, Paul and Cheng, Peter C.-H. and Luckin, Rosemary},
 title = {Tangibles in the Balance: A Discovery Learning Task with Physical or Graphical Materials},
 booktitle = {Proceedings of the Fourth International Conference on Tangible, Embedded, and Embodied Interaction},
 series = {TEI '10},
 year = {2010},
 isbn = {978-1-60558-841-4},
 location = {Cambridge, Massachusetts, USA},
 pages = {153--160},
 numpages = {8},
 url = {http://doi.acm.org/10.1145/1709886.1709914},
 doi = {10.1145/1709886.1709914},
 acmid = {1709914},
 publisher = {ACM},
 address = {New York, NY, USA},
 keywords = {balance beam task, graphical, physical, tangibles},
}

@article{McKinney:2005:MLD:1060405.1060410,
 author = {McKinney, Alfred L.},
 title = {A Modeling Lab for Discovery-learning in Computer Science},
 journal = {J. Comput. Sci. Coll.},
 issue_date = {June 2005},
 volume = {20},
 number = {6},
 month = jun,
 year = {2005},
 issn = {1937-4771},
 pages = {20--27},
 numpages = {8},
 url = {http://dl.acm.org/citation.cfm?id=1060405.1060410},
 acmid = {1060410},
 publisher = {Consortium for Computing Sciences in Colleges},
 address = {USA},
}

@inproceedings{Kobayashi:2004:ECD:1149126.1149239,
 author = {Kobayashi, Hiroko},
 title = {The Effects of "Collaborative Discovery Learning with an Association Scheme" on the Acquisition of Scientific Literacy},
 booktitle = {Proceedings of the 6th International Conference on Learning Sciences},
 series = {ICLS '04},
 year = {2004},
 location = {Santa Monica, California},
 pages = {615--615},
 numpages = {1},
 url = {http://dl.acm.org/citation.cfm?id=1149126.1149239},
 acmid = {1149239},
 publisher = {International Society of the Learning Sciences},
}

@article{Rubinstein:2003:MLL:980972.980988,
 author = {Rubinstein, Benjamin I. P. and McAuliffe, Jon and Cawley, Simon and Palaniswami, Marimuthu and Ramamohanarao, Kotagiri and Speed, Terence P.},
 title = {Machine Learning in Low-level Microarray Analysis},
 journal = {SIGKDD Explor. Newsl.},
 issue_date = {December 2003},
 volume = {5},
 number = {2},
 month = dec,
 year = {2003},
 issn = {1931-0145},
 pages = {130--139},
 numpages = {10},
 url = {http://doi.acm.org/10.1145/980972.980988},
 doi = {10.1145/980972.980988},
 acmid = {980988},
 publisher = {ACM},
 address = {New York, NY, USA},
 keywords = {gene expression estimation, genotyping, incremental learning, learning from heterogeneous data, low-level microarray analysis, re-sequencing, semi-supervised learning, transcript discovery, transductive learning},
}

@article{Kennedy:1989:UVB:70609.70624,
 author = {Kennedy, S.},
 title = {Using Video in the BNR Usability Lab},
 journal = {SIGCHI Bull.},
 issue_date = {Oct. 1989},
 volume = {21},
 number = {2},
 month = oct,
 year = {1989},
 issn = {0736-6906},
 pages = {92--95},
 numpages = {4},
 url = {http://doi.acm.org/10.1145/70609.70624},
 doi = {10.1145/70609.70624},
 acmid = {70624},
 publisher = {ACM},
 address = {New York, NY, USA},
}

@article{Kommers:1988:TST:43950.1047335,
 author = {Kommers, Piet},
 title = {TEXTVISION: A SOFTWARE TOOL TO VISUALIZE CONCEPTUAL KNOWLEDGE USING THE HYPERTEXT METAPHOR},
 journal = {SIGCHI Bull.},
 issue_date = {April, 1988},
 volume = {19},
 number = {4},
 month = apr,
 year = {1988},
 issn = {0736-6906},
 pages = {18--21},
 numpages = {4},
 url = {http://doi.acm.org/10.1145/43950.1047335},
 doi = {10.1145/43950.1047335},
 acmid = {1047335},
 publisher = {ACM},
 address = {New York, NY, USA},
}

@article{Maries:2007:CMI:1181849.1181858,
 author = {Maries, Adrian and Kumar, Amruth},
 title = {Concept Maps in Intelligent Tutors for Programming},
 journal = {J. Comput. Sci. Coll.},
 issue_date = {January 2007},
 volume = {22},
 number = {3},
 month = jan,
 year = {2007},
 issn = {1937-4771},
 pages = {54--54},
 numpages = {1},
 url = {http://dl.acm.org/citation.cfm?id=1181849.1181858},
 acmid = {1181858},
 publisher = {Consortium for Computing Sciences in Colleges},
 address = {USA},
}

@article{Guzdial:2017:BTC:3098997.3077227,
 author = {Guzdial, Mark},
 title = {Balancing Teaching CS Efficiently with Motivating Students},
 journal = {Commun. ACM},
 issue_date = {June 2017},
 volume = {60},
 number = {6},
 month = may,
 year = {2017},
 issn = {0001-0782},
 pages = {10--11},
 numpages = {2},
 url = {http://doi.acm.org/10.1145/3077227},
 doi = {10.1145/3077227},
 acmid = {3077227},
 publisher = {ACM},
 address = {New York, NY, USA},
}

@article{Bravo:2000:DSC:355354.355377,
 author = {Bravo, C. and Redondo, M. A. and Ortega, M. and Bravo, J.},
 title = {DOMOSIMCOL: A Simulation Collaborative Environment for the Learning of Domotic Design},
 journal = {SIGCSE Bull.},
 issue_date = {June 2000},
 volume = {32},
 number = {2},
 month = jun,
 year = {2000},
 issn = {0097-8418},
 pages = {65--67},
 numpages = {3},
 url = {http://doi.acm.org/10.1145/355354.355377},
 doi = {10.1145/355354.355377},
 acmid = {355377},
 publisher = {ACM},
 address = {New York, NY, USA},
}

@inproceedings{SaoPedro:2010:CPA:1854360.1854491,
 author = {Sao Pedro, Michael A. and Gobert, Janice D. and Raziuddin, Juelaila J.},
 title = {Comparing Pedagogical Approaches for the Acquisition and Long-term Robustness of the Control of Variables Strategy},
 booktitle = {Proceedings of the 9th International Conference of the Learning Sciences - Volume 1},
 series = {ICLS '10},
 year = {2010},
 location = {Chicago, Illinois},
 pages = {1024--1031},
 numpages = {8},
 url = {http://dl.acm.org/citation.cfm?id=1854360.1854491},
 acmid = {1854491},
 publisher = {International Society of the Learning Sciences},
}

@article{Mitrovic:1998:LSC:274790.274318,
 author = {Mitrovic, Antonija},
 title = {Learning SQL with a Computerized Tutor},
 journal = {SIGCSE Bull.},
 issue_date = {Mar. 1998},
 volume = {30},
 number = {1},
 month = mar,
 year = {1998},
 issn = {0097-8418},
 pages = {307--311},
 numpages = {5},
 url = {http://doi.acm.org/10.1145/274790.274318},
 doi = {10.1145/274790.274318},
 acmid = {274318},
 publisher = {ACM},
 address = {New York, NY, USA},
}

@inproceedings{Mitrovic:1998:LSC:273133.274318,
 author = {Mitrovic, Antonija},
 title = {Learning SQL with a Computerized Tutor},
 booktitle = {Proceedings of the Twenty-ninth SIGCSE Technical Symposium on Computer Science Education},
 series = {SIGCSE '98},
 year = {1998},
 isbn = {0-89791-994-7},
 location = {Atlanta, Georgia, USA},
 pages = {307--311},
 numpages = {5},
 url = {http://doi.acm.org/10.1145/273133.274318},
 doi = {10.1145/273133.274318},
 acmid = {274318},
 publisher = {ACM},
 address = {New York, NY, USA},
}

@inproceedings{Freischlad:2007:EMU:2449323.2449347,
 author = {Freischlad, Stefan},
 title = {Exploration Module for Understanding the Functionality of the Internet in Secondary Education},
 booktitle = {Proceedings of the Seventh Baltic Sea Conference on Computing Education Research - Volume 88},
 series = {Koli Calling '07},
 year = {2007},
 isbn = {978-1-920682-69-9},
 location = {Koli National Park, Finland},
 pages = {183--186},
 numpages = {4},
 url = {http://dl.acm.org/citation.cfm?id=2449323.2449347},
 acmid = {2449347},
 publisher = {Australian Computer Society, Inc.},
 address = {Darlinghurst, Australia, Australia},
 keywords = {educational software, exploration, internet applications},
}

@article{Brette:1995:TRC:201998.202002,
 author = {Brette, Jean-Fran\c{c}ois},
 title = {Transparent Running and Contextual Help to Learn and to Teach an Imperative Language},
 journal = {SIGCSE Bull.},
 issue_date = {June 1995},
 volume = {27},
 number = {2},
 month = jun,
 year = {1995},
 issn = {0097-8418},
 pages = {7--12},
 numpages = {6},
 url = {http://doi.acm.org/10.1145/201998.202002},
 doi = {10.1145/201998.202002},
 acmid = {202002},
 publisher = {ACM},
 address = {New York, NY, USA},
}

@inproceedings{Siemer:1995:EIT:224401.224823,
 author = {Siemer, Julika and Angelides, Marios C.},
 title = {Evaluating Intelligent Tutoring with Gaming-simulations},
 booktitle = {Proceedings of the 27th Conference on Winter Simulation},
 series = {WSC '95},
 year = {1995},
 isbn = {0-7803-3018-8},
 location = {Arlington, Virginia, USA},
 pages = {1376--1383},
 numpages = {8},
 url = {http://dx.doi.org/10.1145/224401.224823},
 doi = {10.1145/224401.224823},
 acmid = {224823},
 publisher = {IEEE Computer Society},
 address = {Washington, DC, USA},
}

@inproceedings{Lee:2011:SBE:2431518.2431980,
 author = {Lee, Wee-Leong},
 title = {Spreadsheet Based Experiential Learning Environment for Project Management},
 booktitle = {Proceedings of the Winter Simulation Conference},
 series = {WSC '11},
 year = {2011},
 location = {Phoenix, Arizona},
 pages = {3882--3892},
 numpages = {11},
 url = {http://dl.acm.org/citation.cfm?id=2431518.2431980},
 acmid = {2431980},
 publisher = {Winter Simulation Conference},
}

@inproceedings{Mohseni-Kabir:2016:IRP:2906831.2906936,
 author = {Mohseni-Kabir, Anahita and Chernova, Sonia and Rich, Charles},
 title = {Identifying Reusable Primitives in Narrated Demonstrations},
 booktitle = {The Eleventh ACM/IEEE International Conference on Human Robot Interaction},
 series = {HRI '16},
 year = {2016},
 isbn = {978-1-4673-8370-7},
 location = {Christchurch, New Zealand},
 pages = {479--480},
 numpages = {2},
 url = {http://dl.acm.org/citation.cfm?id=2906831.2906936},
 acmid = {2906936},
 publisher = {IEEE Press},
 address = {Piscataway, NJ, USA},
 keywords = {human action segmentation, human behavior understanding, human-robot interaction, learning action primitives, motif discovery, robot learning from demonstration},
}

@inproceedings{Poscic:2017:FFE:3123514.3123534,
 author = {Po\v{s}\'{c}i\'{c}, A. and Krekovi\'{c}, G.},
 title = {The Frailty of Formal Education: Visual Paradigms and Music Creation},
 booktitle = {Proceedings of the 12th International Audio Mostly Conference on Augmented and Participatory Sound and Music Experiences},
 series = {AM '17},
 year = {2017},
 isbn = {978-1-4503-5373-1},
 location = {London, United Kingdom},
 pages = {22:1--22:4},
 articleno = {22},
 numpages = {4},
 url = {http://doi.acm.org/10.1145/3123514.3123534},
 doi = {10.1145/3123514.3123534},
 acmid = {3123534},
 publisher = {ACM},
 address = {New York, NY, USA},
 keywords = {computer music, music education, visual programming},
}

@inproceedings{White:2007:VHT:1514339.1514387,
 author = {White, Sean and Lister, Levi and Feiner, Steven},
 title = {Visual Hints for Tangible Gestures in Augmented Reality},
 booktitle = {Proceedings of the 2007 6th IEEE and ACM International Symposium on Mixed and Augmented Reality},
 series = {ISMAR '07},
 year = {2007},
 isbn = {978-1-4244-1749-0},
 pages = {1--4},
 numpages = {4},
 url = {https://doi.org/10.1109/ISMAR.2007.4538824},
 doi = {10.1109/ISMAR.2007.4538824},
 acmid = {1514387},
 publisher = {IEEE Computer Society},
 address = {Washington, DC, USA},
}

@article{Surma:2005:LAR:1088791.1088806,
 author = {Surma, David R.},
 title = {Lab Activities Requiring Minimal Resources for Courses in Computer Networking},
 journal = {J. Comput. Sci. Coll.},
 issue_date = {October 2005},
 volume = {21},
 number = {1},
 month = oct,
 year = {2005},
 issn = {1937-4771},
 pages = {88--94},
 numpages = {7},
 url = {http://dl.acm.org/citation.cfm?id=1088791.1088806},
 acmid = {1088806},
 publisher = {Consortium for Computing Sciences in Colleges},
 address = {USA},
}

@inproceedings{Petri:2015:PGJ:2786567.2801610,
 author = {Petri, Anja and Schindler, Christian and Slany, Wolfgang and Spieler, Bernadette and Smith, Jonathan},
 title = {Pocket Game Jams: A Constructionist Approach at Schools},
 booktitle = {Proceedings of the 17th International Conference on Human-Computer Interaction with Mobile Devices and Services Adjunct},
 series = {MobileHCI '15},
 year = {2015},
 isbn = {978-1-4503-3653-6},
 location = {Copenhagen, Denmark},
 pages = {1207--1211},
 numpages = {5},
 url = {http://doi.acm.org/10.1145/2786567.2801610},
 doi = {10.1145/2786567.2801610},
 acmid = {2801610},
 publisher = {ACM},
 address = {New York, NY, USA},
 keywords = {Game Jam, Pocket Code, Pocket Game Jam, constructionism, constructivism, educational application, learning by doing},
}

@inproceedings{Consiglio:2012:DFL:2462932.2462951,
 author = {Consiglio, Teresa and van der Veer, Gerrit C.},
 title = {Design for Free Learning: A Case Study on Supporting a Service Design Course},
 booktitle = {Proceedings of the Eighth Annual International Symposium on Wikis and Open Collaboration},
 series = {WikiSym '12},
 year = {2012},
 isbn = {978-1-4503-1605-7},
 location = {Linz, Austria},
 pages = {14:1--14:13},
 articleno = {14},
 numpages = {13},
 url = {http://doi.acm.org/10.1145/2462932.2462951},
 doi = {10.1145/2462932.2462951},
 acmid = {2462951},
 publisher = {ACM},
 address = {New York, NY, USA},
 keywords = {cultural diversity, e-learning, experience report, learner centered design, open source, service design},
}

@article{Surkan:1998:ATT:379277.312744,
 author = {Surkan, Alvin J.},
 title = {APL-generated Teaching and Testing Items to Enhance a Student's Ability to Discover Functional Relationships},
 journal = {SIGAPL APL Quote Quad},
 issue_date = {Dec. 1998},
 volume = {29},
 number = {2},
 month = dec,
 year = {1998},
 issn = {0163-6006},
 pages = {98--104},
 numpages = {7},
 url = {http://doi.acm.org/10.1145/379277.312744},
 doi = {10.1145/379277.312744},
 acmid = {312744},
 publisher = {ACM},
 address = {New York, NY, USA},
 keywords = {function discovery, item generation, learning, teaching and testing, understanding},
}

@inproceedings{Surkan:1998:ATT:312627.312744,
 author = {Surkan, Alvin J.},
 title = {APL-generated Teaching and Testing Items to Enhance a Student's Ability to Discover Functional Relationships},
 booktitle = {Proceedings of the Conference on APL '99 : On Track to the 21st Century: On Track to the 21st Century},
 series = {APL '99},
 year = {1999},
 isbn = {1-58113-126-7},
 location = {Scranton, Pennsylvania, USA},
 pages = {98--104},
 numpages = {7},
 url = {http://doi.acm.org/10.1145/312627.312744},
 doi = {10.1145/312627.312744},
 acmid = {312744},
 publisher = {ACM},
 address = {New York, NY, USA},
 keywords = {function discovery, item generation, learning, teaching and testing, understanding},
}

@inproceedings{Owen:2016:MUE:2930238.2930271,
 author = {Owen, V. Elizabeth and Anton, Gabriella and Baker, Ryan},
 title = {Modeling User Exploration and Boundary Testing in Digital Learning Games},
 booktitle = {Proceedings of the 2016 Conference on User Modeling Adaptation and Personalization},
 series = {UMAP '16},
 year = {2016},
 isbn = {978-1-4503-4368-8},
 location = {Halifax, Nova Scotia, Canada},
 pages = {301--302},
 numpages = {2},
 url = {http://doi.acm.org/10.1145/2930238.2930271},
 doi = {10.1145/2930238.2930271},
 acmid = {2930271},
 publisher = {ACM},
 address = {New York, NY, USA},
 keywords = {behavior detection, classification, educational data mining, exploration, game-based learning, microworlds, productive failure, serious games, student model},
}

@article{Medley:2007:ILC:1292428.1292464,
 author = {Medley, M. Dee},
 title = {Inquiry-based Learning in CS1},
 journal = {J. Comput. Sci. Coll.},
 issue_date = {December 2007},
 volume = {23},
 number = {2},
 month = dec,
 year = {2007},
 issn = {1937-4771},
 pages = {209--215},
 numpages = {7},
 url = {http://dl.acm.org/citation.cfm?id=1292428.1292464},
 acmid = {1292464},
 publisher = {Consortium for Computing Sciences in Colleges},
 address = {USA},
}

@article{Becker:2000:TTA:369279.369319,
 author = {Becker, Katrin and Beacham, Melissa},
 title = {A Tool for Teaching Advanced Data Structures to Computer Science Students: An Overview of the BDP System},
 journal = {J. Comput. Sci. Coll.},
 issue_date = {Jan. 2001},
 volume = {16},
 number = {2},
 month = oct,
 year = {2000},
 issn = {1937-4771},
 pages = {65--71},
 numpages = {7},
 url = {http://dl.acm.org/citation.cfm?id=369279.369319},
 acmid = {369319},
 publisher = {Consortium for Computing Sciences in Colleges},
 address = {USA},
}

@inproceedings{Becker:2000:TTA:369274.369319,
 author = {Becker, Katrin and Beacham, Melissa},
 title = {A Tool for Teaching Advanced Data Structures to Computer Science Students: An Overview of the BDP System},
 booktitle = {Proceedings of the Second Annual CCSC on Computing in Small Colleges Northwestern Conference},
 year = {2000},
 location = {Oregon Graduate Institute, Beaverton, Oregon, USA},
 pages = {65--71},
 numpages = {7},
 url = {http://dl.acm.org/citation.cfm?id=369274.369319},
 acmid = {369319},
 publisher = {Consortium for Computing Sciences in Colleges},
 address = {USA},
}

@inproceedings{Becker:2000:TTA:369340.369319,
 author = {Becker, Katrin and Beacham, Melissa},
 title = {A Tool for Teaching Advanced Data Structures to Computer Science Students: An Overview of the BDP System},
 booktitle = {Proceedings of the Fourteenth Annual Consortium on Small Colleges Southeastern Conference},
 series = {CCSC '00},
 year = {2000},
 location = {Roanoke College, Salem, Virginia, USA},
 pages = {65--71},
 numpages = {7},
 url = {http://dl.acm.org/citation.cfm?id=369340.369319},
 acmid = {369319},
 publisher = {Consortium for Computing Sciences in Colleges},
 address = {USA},
}

