@article{Ulrich:1976:ETA:1037127.1037128,
 author = {Ulrich, Walter E.},
 title = {Expectancy Theory and Its Application to EDP Professionals: A Tentative View},
 journal = {SIGCPR Comput. Pers.},
 issue_date = {January 1976},
 volume = {5},
 number = {3-4},
 month = jan,
 year = {1976},
 issn = {0160-2497},
 pages = {2--4},
 numpages = {3},
 url = {http://doi.acm.org/10.1145/1037127.1037128},
 doi = {10.1145/1037127.1037128},
 acmid = {1037128},
 publisher = {ACM},
 address = {New York, NY, USA},
}

