@article{Wharton:1991:OCM:122344.122379,
 author = {Wharton, Cathleen and Kintsch, Walter},
 title = {An Overview of Construction-integration Model: A Theory of Comprehension As a Foundation for a New Cognitive Architecture},
 journal = {SIGART Bull.},
 issue_date = {Aug. 1991},
 volume = {2},
 number = {4},
 month = jul,
 year = {1991},
 issn = {0163-5719},
 pages = {169--173},
 numpages = {5},
 url = {http://doi.acm.org/10.1145/122344.122379},
 doi = {10.1145/122344.122379},
 acmid = {122379},
 publisher = {ACM},
 address = {New York, NY, USA},
}

@article{Carmien:2003:IWI:1027232.1027249,
 author = {Carmien, Stefan and DePaula, Rogerio and Gorman, Andrew and Kintsch, Anja},
 title = {Increasing Workplace Independence for People with Cognitive Disabilities by Leveraging Distributed Cognition Among Caregivers and Clients[11] (Abstract Only)},
 journal = {SIGGROUP Bull.},
 issue_date = {April 2003},
 volume = {24},
 number = {1},
 month = apr,
 year = {2003},
 issn = {2372-7403},
 pages = {8--8},
 numpages = {1},
 url = {http://doi.acm.org/10.1145/1027232.1027249},
 doi = {10.1145/1027232.1027249},
 acmid = {1027249},
 publisher = {ACM},
 address = {New York, NY, USA},
}

@inproceedings{Carmien:2003:IWI:958160.958176,
 author = {Carmien, Stefan and DePaula, Rogerio and Gorman, Andrew and Kintsch, Anja},
 title = {Increasing Workplace Independence for People with Cognitive Disabilities by Leveraging Distributed Cognition Among Caregivers and Clients},
 booktitle = {Proceedings of the 2003 International ACM SIGGROUP Conference on Supporting Group Work},
 series = {GROUP '03},
 year = {2003},
 isbn = {1-58113-693-5},
 location = {Sanibel Island, Florida, USA},
 pages = {95--104},
 numpages = {10},
 url = {http://doi.acm.org/10.1145/958160.958176},
 doi = {10.1145/958160.958176},
 acmid = {958176},
 publisher = {ACM},
 address = {New York, NY, USA},
 keywords = {communities, new social behaviors, social aspects},
}

@inproceedings{Fischer:1988:CAH:57167.57205,
 author = {Fischer, G. and Weyer, S. and Jones, W. P. and Kay, A. C. and Kintsch, W.},
 title = {A Critical Assessment of Hypertext Systems},
 booktitle = {Proceedings of the SIGCHI Conference on Human Factors in Computing Systems},
 series = {CHI '88},
 year = {1988},
 isbn = {0-201-14237-6},
 location = {Washington, D.C., USA},
 pages = {223--227},
 numpages = {5},
 url = {http://doi.acm.org/10.1145/57167.57205},
 doi = {10.1145/57167.57205},
 acmid = {57205},
 publisher = {ACM},
 address = {New York, NY, USA},
}

@inproceedings{Oulasvirta:2009:ERP:1690508.1690548,
 author = {Oulasvirta, Antti and Ericsson, K. Anders},
 title = {Effects of Repetitive Practice on Interruption Costs: An Empirical Review and Theoretical Implications},
 booktitle = {European Conference on Cognitive Ergonomics: Designing Beyond the Product --- Understanding Activity and User Experience in Ubiquitous Environments},
 series = {ECCE '09},
 year = {2009},
 isbn = {978-951-38-6340-1},
 location = {Helsinki, Finland},
 pages = {28:1--28:9},
 articleno = {28},
 numpages = {9},
 url = {http://dl.acm.org/citation.cfm?id=1690508.1690548},
 acmid = {1690548},
 publisher = {VTT Technical Research Centre of Finland},
 address = {VTT, Finland, Finland},
 keywords = {human--computer interaction, interruptions, long-term memory, repetitive practice, working memory},
}

