@article{Soloway:1994:LDC:174809.174813,
 author = {Soloway, Elliot and Guzdial, Mark and Hay, Kenneth E.},
 title = {Learner-centered Design: The Challenge for HCI in the 21st Century},
 journal = {interactions},
 issue_date = {April 1994},
 volume = {1},
 number = {2},
 month = apr,
 year = {1994},
 issn = {1072-5520},
 pages = {36--48},
 numpages = {13},
 url = {http://doi.acm.org/10.1145/174809.174813},
 doi = {10.1145/174809.174813},
 acmid = {174813},
 publisher = {ACM},
 address = {New York, NY, USA},
}

@inproceedings{Guzdial:1995:LSD:225434.225450,
 author = {Guzdial, Mark and Kafai, Yasmin B. and Carroll, John M. and Fischer, Gerhard and Schank, Roger and Soloway, Elliot},
 title = {Learner-centered System Design: HCI Perspective for the Future},
 booktitle = {Proceedings of the 1st Conference on Designing Interactive Systems: Processes, Practices, Methods, \& Techniques},
 series = {DIS '95},
 year = {1995},
 isbn = {0-89791-673-5},
 location = {Ann Arbor, Michigan, USA},
 pages = {143--147},
 numpages = {5},
 url = {http://doi.acm.org/10.1145/225434.225450},
 doi = {10.1145/225434.225450},
 acmid = {225450},
 publisher = {ACM},
 address = {New York, NY, USA},
}

@inproceedings{Luchini:2004:DGL:985692.985710,
 author = {Luchini, Kathleen and Quintana, Chris and Soloway, Elliot},
 title = {Design Guidelines for Learner-centered Handheld Tools},
 booktitle = {Proceedings of the SIGCHI Conference on Human Factors in Computing Systems},
 series = {CHI '04},
 year = {2004},
 isbn = {1-58113-702-8},
 location = {Vienna, Austria},
 pages = {135--142},
 numpages = {8},
 url = {http://doi.acm.org/10.1145/985692.985710},
 doi = {10.1145/985692.985710},
 acmid = {985710},
 publisher = {ACM},
 address = {New York, NY, USA},
 keywords = {handhelds, learner-centered design},
}

@article{Hsi:1998:LDS:310307.310374,
 author = {Hsi, Sherry and Soloway, Elliot},
 title = {Learner-centered Design: Specifically Addressing the Needs of Learners},
 journal = {SIGCHI Bull.},
 issue_date = {Oct. 1998},
 volume = {30},
 number = {4},
 month = oct,
 year = {1998},
 issn = {0736-6906},
 pages = {53--55},
 numpages = {3},
 url = {http://doi.acm.org/10.1145/310307.310374},
 doi = {10.1145/310307.310374},
 acmid = {310374},
 publisher = {ACM},
 address = {New York, NY, USA},
}

@inproceedings{Hsi:1998:LDA:286498.286697,
 author = {Hsi, Sherry and Soloway, Elliot},
 title = {Learner-centered Design: Addressing, Finally, the Unique Needs of Learners},
 booktitle = {CHI 98 Conference Summary on Human Factors in Computing Systems},
 series = {CHI '98},
 year = {1998},
 isbn = {1-58113-028-7},
 location = {Los Angeles, California, USA},
 pages = {211--212},
 numpages = {2},
 url = {http://doi.acm.org/10.1145/286498.286697},
 doi = {10.1145/286498.286697},
 acmid = {286697},
 publisher = {ACM},
 address = {New York, NY, USA},
}

@inproceedings{Quintana:2000:ECS:633292.633396,
 author = {Quintana, Chris and Fretz, Eric and Krajcik, Joseph and Soloway, Elliot},
 title = {Evaluation Criteria for Scaffolding in Learner-centered Tools},
 booktitle = {CHI '00 Extended Abstracts on Human Factors in Computing Systems},
 series = {CHI EA '00},
 year = {2000},
 isbn = {1-58113-248-4},
 location = {The Hague, The Netherlands},
 pages = {189--190},
 numpages = {2},
 url = {http://doi.acm.org/10.1145/633292.633396},
 doi = {10.1145/633292.633396},
 acmid = {633396},
 publisher = {ACM},
 address = {New York, NY, USA},
 keywords = {learner-centered design, scaffolding, software evaluation},
}

@inproceedings{Quintana:1996:NSC:1161135.1161172,
 author = {Quintana, Chris and Abotel, Kasem and Soloway, Elliot},
 title = {NoRIS: Supporting Computational Science Activities Through Learner-centered Design},
 booktitle = {Proceedings of the 1996 International Conference on Learning Sciences},
 series = {ICLS '96},
 year = {1996},
 isbn = {1-880094-23-1},
 location = {Evanston, Illinois},
 pages = {272--279},
 numpages = {8},
 url = {http://dl.acm.org/citation.cfm?id=1161135.1161172},
 acmid = {1161172},
 publisher = {International Society of the Learning Sciences},
}

@inproceedings{Lee:2004:MJF:985921.986068,
 author = {Lee, Jeremy and Luchini, Kathleen and Michael, Benjamin and Norris, Cathie and Soloway, Elliot},
 title = {More Than Just Fun and Games: Assessing the Value of Educational Video Games in the Classroom},
 booktitle = {CHI '04 Extended Abstracts on Human Factors in Computing Systems},
 series = {CHI EA '04},
 year = {2004},
 isbn = {1-58113-703-6},
 location = {Vienna, Austria},
 pages = {1375--1378},
 numpages = {4},
 url = {http://doi.acm.org/10.1145/985921.986068},
 doi = {10.1145/985921.986068},
 acmid = {986068},
 publisher = {ACM},
 address = {New York, NY, USA},
 keywords = {education, gameboy, handhelds, learner-centered design},
}

@inproceedings{Luchini:2002:SSD:506443.506600,
 author = {Luchini, Kathleen and Quintana, Chris and Krajcik, Joe and Farah, Chris and Nandihalli, Nayan and Reese, Kyle and Wieczorek, Adam and Soloway, Elliot},
 title = {Scaffolding in the Small: Designing Educational Supports for Concept Mapping on Handheld Computers},
 booktitle = {CHI '02 Extended Abstracts on Human Factors in Computing Systems},
 series = {CHI EA '02},
 year = {2002},
 isbn = {1-58113-454-1},
 location = {Minneapolis, Minnesota, USA},
 pages = {792--793},
 numpages = {2},
 url = {http://doi.acm.org/10.1145/506443.506600},
 doi = {10.1145/506443.506600},
 acmid = {506600},
 publisher = {ACM},
 address = {New York, NY, USA},
 keywords = {concept map, handhelds, learner centered design, scaffolds},
}

@inproceedings{Jackson:1998:DGL:274644.274672,
 author = {Jackson, Shari L. and Krajcik, Joseph and Soloway, Elliot},
 title = {The Design of Guided Learner-adaptable Scaffolding in Interactive Learning Environments},
 booktitle = {Proceedings of the SIGCHI Conference on Human Factors in Computing Systems},
 series = {CHI '98},
 year = {1998},
 isbn = {0-201-30987-4},
 location = {Los Angeles, California, USA},
 pages = {187--194},
 numpages = {8},
 url = {http://dx.doi.org/10.1145/274644.274672},
 doi = {10.1145/274644.274672},
 acmid = {274672},
 publisher = {ACM Press/Addison-Wesley Publishing Co.},
 address = {New York, NY, USA},
 keywords = {adaptable interfaces, education applications, fading, learner-centered design, scaffolding},
}

@inproceedings{Kuhn:2011:CSA:1979742.1979937,
 author = {Kuhn, Alex and McNally, Brenna and Cahill, Clara and Quintana, Chris and Soloway, Elliot},
 title = {Constructing Scientific Arguments with User Collected Data in Nomadic Inquiry},
 booktitle = {CHI '11 Extended Abstracts on Human Factors in Computing Systems},
 series = {CHI EA '11},
 year = {2011},
 isbn = {978-1-4503-0268-5},
 location = {Vancouver, BC, Canada},
 pages = {2167--2172},
 numpages = {6},
 url = {http://doi.acm.org/10.1145/1979742.1979937},
 doi = {10.1145/1979742.1979937},
 acmid = {1979937},
 publisher = {ACM},
 address = {New York, NY, USA},
 keywords = {argument creation, learner-centered design, nomadic inquiry, scaffolding, tagging},
}

@inproceedings{Kuhn:2010:SSI:1753846.1753987,
 author = {Kuhn, Alex and Cahill, Clara and Quintana, Chris and Soloway, Elliot},
 title = {Scaffolding Science Inquiry in Museums with Zydeco},
 booktitle = {CHI '10 Extended Abstracts on Human Factors in Computing Systems},
 series = {CHI EA '10},
 year = {2010},
 isbn = {978-1-60558-930-5},
 location = {Atlanta, Georgia, USA},
 pages = {3373--3378},
 numpages = {6},
 url = {http://doi.acm.org/10.1145/1753846.1753987},
 doi = {10.1145/1753846.1753987},
 acmid = {1753987},
 publisher = {ACM},
 address = {New York, NY, USA},
 keywords = {adaptive scaffolding, collaboration, context-aware, learner-centered design, mobile computing, science inquiry learning},
}

@inproceedings{Kuhn:2009:SNW:1551788.1551834,
 author = {Kuhn, Alex and Quintana, Chris and Soloway, Elliot},
 title = {StoryTime: A New Way for Children to Write},
 booktitle = {Proceedings of the 8th International Conference on Interaction Design and Children},
 series = {IDC '09},
 year = {2009},
 isbn = {978-1-60558-395-2},
 location = {Como, Italy},
 pages = {218--221},
 numpages = {4},
 url = {http://doi.acm.org/10.1145/1551788.1551834},
 doi = {10.1145/1551788.1551834},
 acmid = {1551834},
 publisher = {ACM},
 address = {New York, NY, USA},
 keywords = {children's literacy, finger-touch interface, learner-centered design, mobile learning, usability},
}

@inproceedings{Quintana:1999:SCS:302979.303136,
 author = {Quintana, Chris and Eng, Jim and Carra, Andrew and Wu, Hsin-Kai and Soloway, Elliot},
 title = {Symphony: A Case Study in Extending Learner-centered Design Through Process Space Analysis},
 booktitle = {Proceedings of the SIGCHI Conference on Human Factors in Computing Systems},
 series = {CHI '99},
 year = {1999},
 isbn = {0-201-48559-1},
 location = {Pittsburgh, Pennsylvania, USA},
 pages = {473--480},
 numpages = {8},
 url = {http://doi.acm.org/10.1145/302979.303136},
 doi = {10.1145/302979.303136},
 acmid = {303136},
 publisher = {ACM},
 address = {New York, NY, USA},
 keywords = {learner-centered design, process spaces, processes scaffolding, scaffolded integrated tool environments},
}

@article{Jackson:1996:LTS:227210.227224,
 author = {Jackson, Shari L. and Stratford, Steven J. and Krajcik, Joseph and Soloway, Elliot},
 title = {A Learner-centered Tool for Students Building Models},
 journal = {Commun. ACM},
 issue_date = {April 1996},
 volume = {39},
 number = {4},
 month = apr,
 year = {1996},
 issn = {0001-0782},
 pages = {48--49},
 numpages = {2},
 url = {http://doi.acm.org/10.1145/227210.227224},
 doi = {10.1145/227210.227224},
 acmid = {227224},
 publisher = {ACM},
 address = {New York, NY, USA},
}

@inproceedings{Quintana:1998:SEU:286498.286785,
 author = {Quintana, Chris and Soloway, Elliot and Krajcik, Joseph and Carra, Andrew and Houser, Matt and McDonald, Mike and Mouradian, Mike and Saarela, Aaron and Vyas, Naresh and Wisnudel, Michele},
 title = {Symphony: Exploring User Interface Representations for Learner-centered Process Scaffolding},
 booktitle = {CHI 98 Conference Summary on Human Factors in Computing Systems},
 series = {CHI '98},
 year = {1998},
 isbn = {1-58113-028-7},
 location = {Los Angeles, California, USA},
 pages = {311--312},
 numpages = {2},
 url = {http://doi.acm.org/10.1145/286498.286785},
 doi = {10.1145/286498.286785},
 acmid = {286785},
 publisher = {ACM},
 address = {New York, NY, USA},
 keywords = {learner-centered tools, process scaffolding, process visualization, supportive integrated environments},
}

@inproceedings{Wallace:1998:ALD:274644.274673,
 author = {Wallace, Raven and Soloway, Elliot and Krajcik, Joseph and Bos, Nathan and Hoffman, Joseph and Hunter, Heather Eccleston and Kiskis, Dan and Klann, Elisabeth and Peters, Greg and Richardson, David and Ronen, Ofer},
 title = {ARTEMIS: Learner-centered Design of an Information Seeking Environment for K-12 Education},
 booktitle = {Proceedings of the SIGCHI Conference on Human Factors in Computing Systems},
 series = {CHI '98},
 year = {1998},
 isbn = {0-201-30987-4},
 location = {Los Angeles, California, USA},
 pages = {195--202},
 numpages = {8},
 url = {http://dx.doi.org/10.1145/274644.274673},
 doi = {10.1145/274644.274673},
 acmid = {274673},
 publisher = {ACM Press/Addison-Wesley Publishing Co.},
 address = {New York, NY, USA},
 keywords = {K-12 education, digital libraries, information seeking, learner-centered design},
}

@inproceedings{Soloway:1996:LTP:238386.238476,
 author = {Soloway, Elliot and Jackson, Shari L. and Klein, Jonathan and Quintana, Chris and Reed, James and Spitulnik, Jeff and Stratford, Steven J. and Studer, Scott and Eng, Jim and Scala, Nancy},
 title = {Learning Theory in Practice: Case Studies of Learner-centered Design},
 booktitle = {Proceedings of the SIGCHI Conference on Human Factors in Computing Systems},
 series = {CHI '96},
 year = {1996},
 isbn = {0-89791-777-4},
 location = {Vancouver, British Columbia, Canada},
 pages = {189--196},
 numpages = {8},
 url = {http://doi.acm.org/10.1145/238386.238476},
 doi = {10.1145/238386.238476},
 acmid = {238476},
 publisher = {ACM},
 address = {New York, NY, USA},
 keywords = {case study, constructivism, educational applications, learner-centered design, scaffolding, science applications, socioculturalism},
}

@inproceedings{Luchini:2003:PPC:642611.642668,
 author = {Luchini, Kathleen and Quintana, Chris and Soloway, Elliot},
 title = {Pocket PiCoMap: A Case Study in Designing and Assessing a Handheld Concept Mapping Tool for Learners},
 booktitle = {Proceedings of the SIGCHI Conference on Human Factors in Computing Systems},
 series = {CHI '03},
 year = {2003},
 isbn = {1-58113-630-7},
 location = {Ft. Lauderdale, Florida, USA},
 pages = {321--328},
 numpages = {8},
 url = {http://doi.acm.org/10.1145/642611.642668},
 doi = {10.1145/642611.642668},
 acmid = {642668},
 publisher = {ACM},
 address = {New York, NY, USA},
}

@inproceedings{Quintana:2002:CSD:503376.503392,
 author = {Quintana, Chris and Krajcik, Joseph and Soloway, Elliot},
 title = {A Case Study to Distill Structural Scaffolding Guidelines for Scaffolded Software Environments},
 booktitle = {Proceedings of the SIGCHI Conference on Human Factors in Computing Systems},
 series = {CHI '02},
 year = {2002},
 isbn = {1-58113-453-3},
 location = {Minneapolis, Minnesota, USA},
 pages = {81--88},
 numpages = {8},
 url = {http://doi.acm.org/10.1145/503376.503392},
 doi = {10.1145/503376.503392},
 acmid = {503392},
 publisher = {ACM},
 address = {New York, NY, USA},
 keywords = {design guidelines, educational applications, scaffolding},
}

@inproceedings{Jackson:1996:DGL:1161135.1161241,
 author = {Jackson, Shari L.},
 title = {The Design of Guided Learner-adaptable Scaffolding in Interactive Learning Environments},
 booktitle = {Proceedings of the 1996 International Conference on Learning Sciences},
 series = {ICLS '96},
 year = {1996},
 isbn = {1-880094-23-1},
 location = {Evanston, Illinois},
 pages = {575--576},
 numpages = {2},
 url = {http://dl.acm.org/citation.cfm?id=1161135.1161241},
 acmid = {1161241},
 publisher = {International Society of the Learning Sciences},
}

