@inproceedings{Parikh:2018:PLD:3213586.3226224,
 author = {Parikh, Saurin and Kalva, Hari},
 title = {Predicting Learning Difficulty Based on Gaze and Pupil Response},
 booktitle = {Adjunct Publication of the 26th Conference on User Modeling, Adaptation and Personalization},
 series = {UMAP '18},
 year = {2018},
 isbn = {978-1-4503-5784-5},
 location = {Singapore, Singapore},
 pages = {131--135},
 numpages = {5},
 url = {http://doi.acm.org/10.1145/3213586.3226224},
 doi = {10.1145/3213586.3226224},
 acmid = {3226224},
 publisher = {ACM},
 address = {New York, NY, USA},
 keywords = {e-learning, eye movement analysis, eye tracking, predicting learning difficulty, predicting levels of learning, pupillary response analysis},
}

@inproceedings{Schneider:2016:LLL:2968219.2968313,
 author = {Schneider, Hanna},
 title = {LOL: Levels of Learning Through Personal Informatics},
 booktitle = {Proceedings of the 2016 ACM International Joint Conference on Pervasive and Ubiquitous Computing: Adjunct},
 series = {UbiComp '16},
 year = {2016},
 isbn = {978-1-4503-4462-3},
 location = {Heidelberg, Germany},
 pages = {510--515},
 numpages = {6},
 url = {http://doi.acm.org/10.1145/2968219.2968313},
 doi = {10.1145/2968219.2968313},
 acmid = {2968313},
 publisher = {ACM},
 address = {New York, NY, USA},
 keywords = {activity tracking, learning, personal informatics, self-knowledge},
}

@inproceedings{Sheen:2015:MDA:2791405.2791417,
 author = {Sheen, Shina and Ramalingam, Anitha},
 title = {Malware Detection in Android Files Based on Multiple Levels of Learning and Diverse Data Sources},
 booktitle = {Proceedings of the Third International Symposium on Women in Computing and Informatics},
 series = {WCI '15},
 year = {2015},
 isbn = {978-1-4503-3361-0},
 location = {Kochi, India},
 pages = {553--559},
 numpages = {7},
 url = {http://doi.acm.org/10.1145/2791405.2791417},
 doi = {10.1145/2791405.2791417},
 acmid = {2791417},
 publisher = {ACM},
 address = {New York, NY, USA},
 keywords = {Android, Malware, Multifeature, Multilevel, Ubiquitous},
}

@article{Lui:2010:FIL:1869746.1869762,
 author = {Lui, Andrew K. and Ng, S. C. and Cheung, Yannie H. Y. and Gurung, Prabhat},
 title = {Facilitating Independent Learning with Lego Mindstorms Robots},
 journal = {ACM Inroads},
 issue_date = {December 2010},
 volume = {1},
 number = {4},
 month = dec,
 year = {2010},
 issn = {2153-2184},
 pages = {49--53},
 numpages = {5},
 url = {http://doi.acm.org/10.1145/1869746.1869762},
 doi = {10.1145/1869746.1869762},
 acmid = {1869762},
 publisher = {ACM},
 address = {New York, NY, USA},
 keywords = {Lego Mindstorms, independent learning, robotics},
}

@inproceedings{Yuan:2010:DIN:1867651.1867694,
 author = {Yuan, Dongqing and Zhong, Jiling},
 title = {Design and Implement a Networking Curriculum in Light of ACM IT Curriculum Recommendations and Bloom's Taxonomy},
 booktitle = {Proceedings of the 2010 ACM Conference on Information Technology Education},
 series = {SIGITE '10},
 year = {2010},
 isbn = {978-1-4503-0343-9},
 location = {Midland, Michigan, USA},
 pages = {155--156},
 numpages = {2},
 url = {http://doi.acm.org/10.1145/1867651.1867694},
 doi = {10.1145/1867651.1867694},
 acmid = {1867694},
 publisher = {ACM},
 address = {New York, NY, USA},
 keywords = {IT education, curriculum, laboratory},
}

@article{Materson:2001:STV:378613.378678,
 author = {Materson, Timothy F. and Meyer, R. Mark},
 title = {SIVIL: A True Visual Programming Language for Students},
 journal = {J. Comput. Sci. Coll.},
 issue_date = {2001},
 volume = {16},
 number = {4},
 month = apr,
 year = {2001},
 issn = {1937-4771},
 pages = {74--86},
 numpages = {13},
 url = {http://dl.acm.org/citation.cfm?id=378613.378678},
 acmid = {378678},
 publisher = {Consortium for Computing Sciences in Colleges},
 address = {USA},
}

@inproceedings{Materson:2001:STV:378593.378678,
 author = {Materson, Timothy F. and Meyer, R. Mark},
 title = {SIVIL: A True Visual Programming Language for Students},
 booktitle = {Proceedings of the Sixth Annual CCSC Northeastern Conference on The Journal of Computing in Small Colleges},
 series = {CCSC '01},
 year = {2001},
 location = {Middlebury, Vermont, USA},
 pages = {74--86},
 numpages = {13},
 url = {http://dl.acm.org/citation.cfm?id=378593.378678},
 acmid = {378678},
 publisher = {Consortium for Computing Sciences in Colleges},
 address = {USA},
}

@inproceedings{Kim:2009:EFS:1516241.1516352,
 author = {Kim, Jihyun and Jung, Yujung and Lim, Yoonsun and Kim, Myung and Noh, Sunsook},
 title = {An e-Learning Framework Supporting Personalization and Collaboration},
 booktitle = {Proceedings of the 3rd International Conference on Ubiquitous Information Management and Communication},
 series = {ICUIMC '09},
 year = {2009},
 isbn = {978-1-60558-405-8},
 location = {Suwon, Korea},
 pages = {635--638},
 numpages = {4},
 url = {http://doi.acm.org/10.1145/1516241.1516352},
 doi = {10.1145/1516241.1516352},
 acmid = {1516352},
 publisher = {ACM},
 address = {New York, NY, USA},
 keywords = {personalized e-learning, semantic web},
}

@inproceedings{Ghasem-Aghaee:2008:APE:1400549.1400693,
 author = {Ghasem-Aghaee, Nasser and Fatahi, Somayeh and \"{O}ren, Tuncer I.},
 title = {Agents with Personality and Emotional Filters for an e-Learning Environment},
 booktitle = {Proceedings of the 2008 Spring Simulation Multiconference},
 series = {SpringSim '08},
 year = {2008},
 isbn = {1-56555-319-5},
 location = {Ottawa, Canada},
 pages = {5:1--5:5},
 articleno = {5},
 numpages = {5},
 url = {http://dl.acm.org/citation.cfm?id=1400549.1400693},
 acmid = {1400693},
 publisher = {Society for Computer Simulation International},
 address = {San Diego, CA, USA},
 keywords = {MBTI indicator, e-learning, emotional filters for software agents, learning styles, personality filters for software agents},
}

@inproceedings{Walker:2004:ECP:1044550.1041660,
 author = {Walker, Gary N.},
 title = {Experimentation in the Computer Programming Lab},
 booktitle = {Working Group Reports from ITiCSE on Innovation and Technology in Computer Science Education},
 series = {ITiCSE-WGR '04},
 year = {2004},
 location = {Leeds, United Kingdom},
 pages = {69--72},
 numpages = {4},
 url = {http://doi.acm.org/10.1145/1044550.1041660},
 doi = {10.1145/1044550.1041660},
 acmid = {1041660},
 publisher = {ACM},
 address = {New York, NY, USA},
 keywords = {active learning, experiments, programming laboratory},
}

@article{Walker:2004:ECP:1041624.1041660,
 author = {Walker, Gary N.},
 title = {Experimentation in the Computer Programming Lab},
 journal = {SIGCSE Bull.},
 issue_date = {December 2004},
 volume = {36},
 number = {4},
 month = jun,
 year = {2004},
 issn = {0097-8418},
 pages = {69--72},
 numpages = {4},
 url = {http://doi.acm.org/10.1145/1041624.1041660},
 doi = {10.1145/1041624.1041660},
 acmid = {1041660},
 publisher = {ACM},
 address = {New York, NY, USA},
 keywords = {active learning, experiments, programming laboratory},
}

@article{Taneja:2009:IPR:1629036.1629037,
 author = {Taneja, Aakash},
 title = {The Influence of Personal Response Systems on Students' Perceived Learning Outcomes and Course Satisfaction},
 journal = {J. Comput. Sci. Coll.},
 issue_date = {December 2009},
 volume = {25},
 number = {2},
 month = dec,
 year = {2009},
 issn = {1937-4771},
 pages = {5--11},
 numpages = {7},
 url = {http://dl.acm.org/citation.cfm?id=1629036.1629037},
 acmid = {1629037},
 publisher = {Consortium for Computing Sciences in Colleges},
 address = {USA},
}

@inproceedings{Kaloti-Hallak:2014:ERA:2632320.2632328,
 author = {Kaloti-Hallak, Fatima},
 title = {The Effect of Robotics Activities on Students' Learning and Attitudes},
 booktitle = {Proceedings of the Tenth Annual Conference on International Computing Education Research},
 series = {ICER '14},
 year = {2014},
 isbn = {978-1-4503-2755-8},
 location = {Glasgow, Scotland, United Kingdom},
 pages = {153--154},
 numpages = {2},
 url = {http://doi.acm.org/10.1145/2632320.2632328},
 doi = {10.1145/2632320.2632328},
 acmid = {2632328},
 publisher = {ACM},
 address = {New York, NY, USA},
 keywords = {attitudes, meaningful learning, robotics, stem},
}

@inproceedings{Star:1994:STE:192844.193021,
 author = {Star, Susan Leigh and Ruhleder, Karen},
 title = {Steps Towards an Ecology of Infrastructure: Complex Problems in Design and Access for Large-scale Collaborative Systems},
 booktitle = {Proceedings of the 1994 ACM Conference on Computer Supported Cooperative Work},
 series = {CSCW '94},
 year = {1994},
 isbn = {0-89791-689-1},
 location = {Chapel Hill, North Carolina, USA},
 pages = {253--264},
 numpages = {12},
 url = {http://doi.acm.org/10.1145/192844.193021},
 doi = {10.1145/192844.193021},
 acmid = {193021},
 publisher = {ACM},
 address = {New York, NY, USA},
 keywords = {collaboratory, ethnography, infrastructure, organizational computing, participatory design},
}

@article{DeClue:2012:LTC:2168874.2168919,
 author = {DeClue, Tim and Kimball, Jeff and Cain, James},
 title = {Learning Theory in Computer Science 1: An Experiment Supporting the Use of Multiple Languages},
 journal = {J. Comput. Sci. Coll.},
 issue_date = {May 2012},
 volume = {27},
 number = {5},
 month = may,
 year = {2012},
 issn = {1937-4771},
 pages = {198--204},
 numpages = {7},
 url = {http://dl.acm.org/citation.cfm?id=2168874.2168919},
 acmid = {2168919},
 publisher = {Consortium for Computing Sciences in Colleges},
 address = {USA},
}

@article{Ajami:2014:EIL:2631518.2632550,
 author = {Ajami, Khalil and Suleiman, Maher},
 title = {Evaluating Interactive Learning Content in an eLearning Environment},
 journal = {eLearn},
 issue_date = {06-01-2014},
 volume = {2014},
 number = {6},
 month = jun,
 year = {2014},
 issn = {1535-394X},
 articleno = {4},
 url = {http://doi.acm.org/10.1145/2631518.2632550},
 doi = {10.1145/2631518.2632550},
 acmid = {2632550},
 publisher = {ACM},
 address = {New York, NY, USA},
}

@inproceedings{Heitz:2014:AIC:2667657.2667659,
 author = {Heitz, Alexandre and D\"{u}nser, Andreas and Bartneck, Christoph and Grady, Jonathan and Moran, Catherine},
 title = {Assessing the Impact of a Clinical Audiology Simulator on First Year Students},
 booktitle = {Proceedings of the Fifteenth Australasian User Interface Conference - Volume 150},
 series = {AUIC '14},
 year = {2014},
 isbn = {978-1-921770-33-3},
 location = {Auckland, New Zealand},
 pages = {11--20},
 numpages = {10},
 url = {http://dl.acm.org/citation.cfm?id=2667657.2667659},
 acmid = {2667659},
 publisher = {Australian Computer Society, Inc.},
 address = {Darlinghurst, Australia, Australia},
 keywords = {audiology, clinical education, computer simulation, virtual patient},
}

@article{Sarawagi:2014:LSF:2602724.2602755,
 author = {Sarawagi, Namita},
 title = {Let's Start "Flipping" (the Classroom)},
 journal = {J. Comput. Sci. Coll.},
 issue_date = {June 2014},
 volume = {29},
 number = {6},
 month = jun,
 year = {2014},
 issn = {1937-4771},
 pages = {155--157},
 numpages = {3},
 url = {http://dl.acm.org/citation.cfm?id=2602724.2602755},
 acmid = {2602755},
 publisher = {Consortium for Computing Sciences in Colleges},
 address = {USA},
}

@inproceedings{Tsioptsias:2018:WLW:3320516.3321042,
 author = {Tsioptsias, Naoum},
 title = {Can We Learn from Wrong Models?: An Experimental Study on Learning from Oversimplified Simulation Models},
 booktitle = {Proceedings of the 2018 Winter Simulation Conference},
 series = {WSC '18},
 year = {2018},
 isbn = {978-1-5386-6570},
 location = {Gothenburg, Sweden},
 pages = {4140--4141},
 numpages = {2},
 url = {http://dl.acm.org/citation.cfm?id=3320516.3321042},
 acmid = {3321042},
 publisher = {IEEE Press},
 address = {Piscataway, NJ, USA},
}

@inproceedings{Kelleher:2005:STD:1054972.1055047,
 author = {Kelleher, Caitlin and Pausch, Randy and Pausch, Randy},
 title = {Stencils-based Tutorials: Design and Evaluation},
 booktitle = {Proceedings of the SIGCHI Conference on Human Factors in Computing Systems},
 series = {CHI '05},
 year = {2005},
 isbn = {1-58113-998-5},
 location = {Portland, Oregon, USA},
 pages = {541--550},
 numpages = {10},
 url = {http://doi.acm.org/10.1145/1054972.1055047},
 doi = {10.1145/1054972.1055047},
 acmid = {1055047},
 publisher = {ACM},
 address = {New York, NY, USA},
 keywords = {interaction technique, transparent overlay, tutorials, user interface design},
}

@inproceedings{Benitti:2017:TIW:3131151.3131185,
 author = {Benitti, Fabiane Barreto Vavassori},
 title = {As a Teacher, I Want to Know What to Teach in Requirements Engineering So That Professionals Can Be Better Prepared},
 booktitle = {Proceedings of the 31st Brazilian Symposium on Software Engineering},
 series = {SBES'17},
 year = {2017},
 isbn = {978-1-4503-5326-7},
 location = {Fortaleza, CE, Brazil},
 pages = {318--327},
 numpages = {10},
 url = {http://doi.acm.org/10.1145/3131151.3131185},
 doi = {10.1145/3131151.3131185},
 acmid = {3131185},
 publisher = {ACM},
 address = {New York, NY, USA},
 keywords = {Education, Requirement Engineering},
}

@inproceedings{Borjesson:2007:CPD:1297846.1297941,
 author = {Borjesson, Anna and Pareto, Lars and Snis, Ulrika Lundh and Staron, Miroslaw},
 title = {Continuing Professional Development by Practitioner Integrated Learning},
 booktitle = {Companion to the 22Nd ACM SIGPLAN Conference on Object-oriented Programming Systems and Applications Companion},
 series = {OOPSLA '07},
 year = {2007},
 isbn = {978-1-59593-865-7},
 location = {Montreal, Quebec, Canada},
 pages = {897--907},
 numpages = {11},
 url = {http://doi.acm.org/10.1145/1297846.1297941},
 doi = {10.1145/1297846.1297941},
 acmid = {1297941},
 publisher = {ACM},
 address = {New York, NY, USA},
 keywords = {PBL, action research, continuing professional development, lifelong learning, practitioner integrated learning, problem based learning},
}

@inproceedings{Kimani:2010:AAF:1719970.1720025,
 author = {Kimani, Stephen and Berkovsky, Shlomo and Smith, Greg and Freyne, Jill and Baghaei, Nilufar and Bhandari, Dipak},
 title = {Activity Awareness in Family-based Healthy Living Online Social Networks},
 booktitle = {Proceedings of the 15th International Conference on Intelligent User Interfaces},
 series = {IUI '10},
 year = {2010},
 isbn = {978-1-60558-515-4},
 location = {Hong Kong, China},
 pages = {337--340},
 numpages = {4},
 url = {http://doi.acm.org/10.1145/1719970.1720025},
 doi = {10.1145/1719970.1720025},
 acmid = {1720025},
 publisher = {ACM},
 address = {New York, NY, USA},
 keywords = {activity awareness, evaluation, families, healthy living, online social networks, user interaction, user interface},
}

@inproceedings{Garland:2000:LKA:633292.633487,
 author = {Garland, Kate},
 title = {Learning and Knowledge Application: Electronic Versus Printed Material},
 booktitle = {CHI '00 Extended Abstracts on Human Factors in Computing Systems},
 series = {CHI EA '00},
 year = {2000},
 isbn = {1-58113-248-4},
 location = {The Hague, The Netherlands},
 pages = {321--322},
 numpages = {2},
 url = {http://doi.acm.org/10.1145/633292.633487},
 doi = {10.1145/633292.633487},
 acmid = {633487},
 publisher = {ACM},
 address = {New York, NY, USA},
 keywords = {knowledge application, learning, memory awareness, printed and electronic text},
}

@article{Sarawagi:2013:FIP:2460156.2460190,
 author = {Sarawagi, Namita},
 title = {Flipping an Introductory Programming Course: Yes You Can!},
 journal = {J. Comput. Sci. Coll.},
 issue_date = {June 2013},
 volume = {28},
 number = {6},
 month = jun,
 year = {2013},
 issn = {1937-4771},
 pages = {186--188},
 numpages = {3},
 url = {http://dl.acm.org/citation.cfm?id=2460156.2460190},
 acmid = {2460190},
 publisher = {Consortium for Computing Sciences in Colleges},
 address = {USA},
}

@inproceedings{Boustedt:2011:SPD:2016911.2016926,
 author = {Boustedt, Jonas and Eckerdal, Anna and McCartney, Robert and Sanders, Kate and Thomas, Lynda and Zander, Carol},
 title = {Students' Perceptions of the Differences Between Formal and Informal Learning},
 booktitle = {Proceedings of the Seventh International Workshop on Computing Education Research},
 series = {ICER '11},
 year = {2011},
 isbn = {978-1-4503-0829-8},
 location = {Providence, Rhode Island, USA},
 pages = {61--68},
 numpages = {8},
 url = {http://doi.acm.org/10.1145/2016911.2016926},
 doi = {10.1145/2016911.2016926},
 acmid = {2016926},
 publisher = {ACM},
 address = {New York, NY, USA},
 keywords = {informal learning, self-directed learning},
}

@inproceedings{Ghosh:2018:SLE:3176349.3176386,
 author = {Ghosh, Souvick and Rath, Manasa and Shah, Chirag},
 title = {Searching As Learning: Exploring Search Behavior and Learning Outcomes in Learning-related Tasks},
 booktitle = {Proceedings of the 2018 Conference on Human Information Interaction \& Retrieval},
 series = {CHIIR '18},
 year = {2018},
 isbn = {978-1-4503-4925-3},
 location = {New Brunswick, NJ, USA},
 pages = {22--31},
 numpages = {10},
 url = {http://doi.acm.org/10.1145/3176349.3176386},
 doi = {10.1145/3176349.3176386},
 acmid = {3176386},
 publisher = {ACM},
 address = {New York, NY, USA},
 keywords = {bloom's taxonomy, human information behavior, learning outcomes, learning theories, searching as learning},
}

@inproceedings{Mustafa:2011:VMO:2047594.2047650,
 author = {Mustafa, Besim},
 title = {Visualizing the Modern Operating System: Simulation Experiments Supporting Enhanced Learning},
 booktitle = {Proceedings of the 2011 Conference on Information Technology Education},
 series = {SIGITE '11},
 year = {2011},
 isbn = {978-1-4503-1017-8},
 location = {West Point, New York, USA},
 pages = {209--214},
 numpages = {6},
 url = {http://doi.acm.org/10.1145/2047594.2047650},
 doi = {10.1145/2047594.2047650},
 acmid = {2047650},
 publisher = {ACM},
 address = {New York, NY, USA},
 keywords = {operating system, pedagogy, simulation, visualization},
}

@inproceedings{Hou:2016:MMD:2936924.2937003,
 author = {Hou, Yaqing and Zeng, Yifeng and Ong, Yew-Soon},
 title = {A Memetic Multi-Agent Demonstration Learning Approach with Behavior Prediction},
 booktitle = {Proceedings of the 2016 International Conference on Autonomous Agents \&\#38; Multiagent Systems},
 series = {AAMAS '16},
 year = {2016},
 isbn = {978-1-4503-4239-1},
 location = {Singapore, Singapore},
 pages = {539--547},
 numpages = {9},
 url = {http://dl.acm.org/citation.cfm?id=2936924.2937003},
 acmid = {2937003},
 publisher = {International Foundation for Autonomous Agents and Multiagent Systems},
 address = {Richland, SC},
 keywords = {demonstration learning, memetic algorithms, multiple agents},
}

@inproceedings{Sanchez:2006:TSE:1150034.1150130,
 author = {Sanchez, Christopher A. and Wiley, Jennifer and Goldman, Susan R.},
 title = {Teaching Students to Evaluate Source Reliability During Internet Research Tasks},
 booktitle = {Proceedings of the 7th International Conference on Learning Sciences},
 series = {ICLS '06},
 year = {2006},
 isbn = {0-8058-6174-2},
 location = {Bloomington, Indiana},
 pages = {662--666},
 numpages = {5},
 url = {http://dl.acm.org/citation.cfm?id=1150034.1150130},
 acmid = {1150130},
 publisher = {International Society of the Learning Sciences},
}

@article{Sarawagi:2014:FCC:2602724.2602731,
 author = {Sarawagi, Namita},
 title = {A Flipped CS0 Classroom: Applying Bloom's Taxonomy to Algorithmic Thinking},
 journal = {J. Comput. Sci. Coll.},
 issue_date = {June 2014},
 volume = {29},
 number = {6},
 month = jun,
 year = {2014},
 issn = {1937-4771},
 pages = {21--28},
 numpages = {8},
 url = {http://dl.acm.org/citation.cfm?id=2602724.2602731},
 acmid = {2602731},
 publisher = {Consortium for Computing Sciences in Colleges},
 address = {USA},
}

@inproceedings{Brand:2011:ISD:1999747.1999764,
 author = {Brand, Emily A. and Honig, William L. and Wojtowicz, Matthew},
 title = {Intelligent Systems Development in a Non Engineering Curriculum},
 booktitle = {Proceedings of the 16th Annual Joint Conference on Innovation and Technology in Computer Science Education},
 series = {ITiCSE '11},
 year = {2011},
 isbn = {978-1-4503-0697-3},
 location = {Darmstadt, Germany},
 pages = {48--52},
 numpages = {5},
 url = {http://doi.acm.org/10.1145/1999747.1999764},
 doi = {10.1145/1999747.1999764},
 acmid = {1999764},
 publisher = {ACM},
 address = {New York, NY, USA},
 keywords = {arduino course, embedded systems, microcontroller course},
}

@article{Korhonen:2002:MDS:637610.544452,
 author = {Korhonen, Ari and Malmi, Lauri and Myllyselk\"{a}, Pertti and Scheinin, Patrik},
 title = {Does It Make a Difference if Students Exercise on the Web or in the Classroom?},
 journal = {SIGCSE Bull.},
 issue_date = {September 2002},
 volume = {34},
 number = {3},
 month = jun,
 year = {2002},
 issn = {0097-8418},
 pages = {121--124},
 numpages = {4},
 url = {http://doi.acm.org/10.1145/637610.544452},
 doi = {10.1145/637610.544452},
 acmid = {544452},
 publisher = {ACM},
 address = {New York, NY, USA},
 keywords = {automatic assessment, randomised intervention study},
}

@inproceedings{Korhonen:2002:MDS:544414.544452,
 author = {Korhonen, Ari and Malmi, Lauri and Myllyselk\"{a}, Pertti and Scheinin, Patrik},
 title = {Does It Make a Difference if Students Exercise on the Web or in the Classroom?},
 booktitle = {Proceedings of the 7th Annual Conference on Innovation and Technology in Computer Science Education},
 series = {ITiCSE '02},
 year = {2002},
 isbn = {1-58113-499-1},
 location = {Aarhus, Denmark},
 pages = {121--124},
 numpages = {4},
 url = {http://doi.acm.org/10.1145/544414.544452},
 doi = {10.1145/544414.544452},
 acmid = {544452},
 publisher = {ACM},
 address = {New York, NY, USA},
 keywords = {automatic assessment, randomised intervention study},
}

@inproceedings{Bijlani:2011:ARC:2072598.2072602,
 author = {Bijlani, Kamal and K R, Jayahari and Mathew, Ancy},
 title = {A-view: Real-time Collaborative Multimedia e-Learning},
 booktitle = {Proceedings of the Third International ACM Workshop on Multimedia Technologies for Distance Learning},
 series = {MTDL '11},
 year = {2011},
 isbn = {978-1-4503-0994-3},
 location = {Scottsdale, Arizona, USA},
 pages = {13--18},
 numpages = {6},
 url = {http://doi.acm.org/10.1145/2072598.2072602},
 doi = {10.1145/2072598.2072602},
 acmid = {2072602},
 publisher = {ACM},
 address = {New York, NY, USA},
 keywords = {a-view, collaborative, e-learning, learning, multimedia, real-time, virtual},
}

@inproceedings{Chi:2019:ESL:3295750.3298975,
 author = {Chi, Yu},
 title = {Examining and Supporting Laypeople's Learning in Online Health Information Seeking},
 booktitle = {Proceedings of the 2019 Conference on Human Information Interaction and Retrieval},
 series = {CHIIR '19},
 year = {2019},
 isbn = {978-1-4503-6025-8},
 location = {Glasgow, Scotland UK},
 pages = {425--428},
 numpages = {4},
 url = {http://doi.acm.org/10.1145/3295750.3298975},
 doi = {10.1145/3295750.3298975},
 acmid = {3298975},
 publisher = {ACM},
 address = {New York, NY, USA},
 keywords = {health information seeking, search as learning, source selection, system design},
}

@article{Ju:1997:PCA:264701.264707,
 author = {Ju, Edward and Wagner, Christian},
 title = {Personal Computer Adventure Games: Their Structure, Principles, and Applicability for Training},
 journal = {SIGMIS Database},
 issue_date = {Spring 1997},
 volume = {28},
 number = {2},
 month = apr,
 year = {1997},
 issn = {0095-0033},
 pages = {78--92},
 numpages = {15},
 url = {http://doi.acm.org/10.1145/264701.264707},
 doi = {10.1145/264701.264707},
 acmid = {264707},
 publisher = {ACM},
 address = {New York, NY, USA},
 keywords = {adventure game, learning, simulation, software development, training},
}

@inproceedings{Munir:2014:EET:2601248.2601267,
 author = {Munir, Hussan and Wnuk, Krzysztof and Petersen, Kai and Moayyed, Misagh},
 title = {An Experimental Evaluation of Test Driven Development vs. Test-last Development with Industry Professionals},
 booktitle = {Proceedings of the 18th International Conference on Evaluation and Assessment in Software Engineering},
 series = {EASE '14},
 year = {2014},
 isbn = {978-1-4503-2476-2},
 location = {London, England, United Kingdom},
 pages = {50:1--50:10},
 articleno = {50},
 numpages = {10},
 url = {http://doi.acm.org/10.1145/2601248.2601267},
 doi = {10.1145/2601248.2601267},
 acmid = {2601267},
 publisher = {ACM},
 address = {New York, NY, USA},
 keywords = {TDD, TLD, internal or external code quality, productivity, test-driven development, test-last development},
}

@inproceedings{dosSantosSanfins:2017:DFE:3141151.3141156,
 author = {dos Santos Sanfins, Marco Aur{\'e}lio and da Costa, Celso Jos{\'e} and de Souza Oliveira, Daiane and Da Silva Contarato, Andressa},
 title = {Development of Financial Education In Open And Distance Learning: The Approach Of Federal Fluminense University},
 booktitle = {Proceedings of the 2017 International Conference on E-Education, E-Business and E-Technology},
 series = {ICEBT 2017},
 year = {2017},
 isbn = {978-1-4503-5331-1},
 location = {Toronto, ON, Canada},
 pages = {4--8},
 numpages = {5},
 url = {http://doi.acm.org/10.1145/3141151.3141156},
 doi = {10.1145/3141151.3141156},
 acmid = {3141156},
 publisher = {ACM},
 address = {New York, NY, USA},
 keywords = {Financial education, ODL, democratization, opportunity},
}

@inproceedings{Magenheim:2003:SAN:857097.857123,
 author = {Magenheim, Johannes},
 title = {Social, Affective and Normative Aspects of Learning in ICT-enriched Learning Environments: Collaborative Exploration of Societal Aspects of ICT},
 booktitle = {Proceedings of the 3.1 and 3.3 Working Groups Conference on International Federation for Information Processing: ICT and the Teacher of the Future - Volume 23},
 series = {CRPIT '03},
 year = {2003},
 isbn = {1-920682-02-3},
 location = {Melbourne, Australia},
 pages = {85--88},
 numpages = {4},
 url = {http://dl.acm.org/citation.cfm?id=857097.857123},
 acmid = {857123},
 publisher = {Australian Computer Society, Inc.},
 address = {Darlinghurst, Australia, Australia},
 keywords = {affective and normative aspects of learning, cyber risks, digital divide, learning communities, learning environments, roles of the teacher},
}

@inproceedings{Chin-Bang:2009:CCE:1655925.1656017,
 author = {Chin-Bang, Yao},
 title = {Context-aware Customization e-Learning System with Intelligent On-line Examination Mechanism},
 booktitle = {Proceedings of the 2Nd International Conference on Interaction Sciences: Information Technology, Culture and Human},
 series = {ICIS '09},
 year = {2009},
 isbn = {978-1-60558-710-3},
 location = {Seoul, Korea},
 pages = {502--507},
 numpages = {6},
 url = {http://doi.acm.org/10.1145/1655925.1656017},
 doi = {10.1145/1655925.1656017},
 acmid = {1656017},
 publisher = {ACM},
 address = {New York, NY, USA},
 keywords = {context-aware, customization learning, data mining, e-learning, green test-paper, multi-agent, on-line examination, personal learning profile, recommending mechanism},
}

@inproceedings{Bratitsis:2009:SEI:1600053.1600139,
 author = {Bratitsis, Tharrenos and Dimitracopoulou, Angelique},
 title = {Studying the Effect of Interaction Analysis Indicators on Students' Selfregulation During Asynchronous Discussion Learning Activities},
 booktitle = {Proceedings of the 9th International Conference on Computer Supported Collaborative Learning - Volume 1},
 series = {CSCL'09},
 year = {2009},
 isbn = {978-1-4092-8598-4},
 location = {Rhodes, Greece},
 pages = {601--605},
 numpages = {5},
 url = {http://dl.acm.org/citation.cfm?id=1600053.1600139},
 acmid = {1600139},
 publisher = {International Society of the Learning Sciences},
}

@inproceedings{Chung:1987:PAP:322917.323083,
 author = {Chung, Wen-Kai and Day, William B.},
 title = {The Process Allocation in Parallel Interpretation of Logic Programs (Abstract Only)},
 booktitle = {Proceedings of the 15th Annual Conference on Computer Science},
 series = {CSC '87},
 year = {1987},
 isbn = {0-89791-218-7},
 location = {St. Louis, Missouri, USA},
 pages = {422--},
 url = {http://doi.acm.org/10.1145/322917.323083},
 doi = {10.1145/322917.323083},
 acmid = {323083},
 publisher = {ACM},
 address = {New York, NY, USA},
}

