@article{Haws:1982:CFC:1098757.1098759,
 author = {Haws, Donald R.},
 title = {The Care and Feeding of the Creative Worker},
 journal = {SIGUCCS Newsl.},
 issue_date = {Spring 1982},
 volume = {12},
 number = {1},
 month = apr,
 year = {1982},
 issn = {0736-6892},
 pages = {7--8},
 numpages = {2},
 url = {http://doi.acm.org/10.1145/1098757.1098759},
 doi = {10.1145/1098757.1098759},
 acmid = {1098759},
 publisher = {ACM},
 address = {New York, NY, USA},
}

@inproceedings{Wang:2012:UEI:2430475.2430487,
 author = {Wang, Jun and Liu, Lin and Wang, Jianmin},
 title = {Understanding Evolution in Internetware Using a Double Pyramids Model},
 booktitle = {Proceedings of the Fourth Asia-Pacific Symposium on Internetware},
 series = {Internetware '12},
 year = {2012},
 isbn = {978-1-4503-1888-4},
 location = {Qingdao, China},
 pages = {12:1--12:9},
 articleno = {12},
 numpages = {9},
 url = {http://doi.acm.org/10.1145/2430475.2430487},
 doi = {10.1145/2430475.2430487},
 acmid = {2430487},
 publisher = {ACM},
 address = {New York, NY, USA},
 keywords = {Internetware, Maslow's hierarchy of needs, double pyramid, evolution, interaction, requirements evolution, user requirement},
}

@incollection{Munteanu:2017:MTS:3015783.3015793,
 author = {Munteanu, Cosmin and Salah, Albert Ali},
 chapter = {Multimodal Technologies for Seniors: Challenges and Opportunities},
 title = {The Handbook of Multimodal-Multisensor Interfaces},
 editor = {Oviatt, Sharon and Schuller, Bj\"{o}rn and Cohen, Philip R. and Sonntag, Daniel and Potamianos, Gerasimos and Kr\"{u}ger, Antonio},
 year = {2017},
 isbn = {978-1-97000-167-9},
 pages = {319--362},
 numpages = {44},
 url = {https://doi.org/10.1145/3015783.3015793},
 doi = {10.1145/3015783.3015793},
 acmid = {3015793},
 publisher = {Association for Computing Machinery and Morgan \&\#38; Claypool},
 address = {New York, NY, USA},
}

