@article{Shaft:1995:HPU:223278.223280,
 author = {Shaft, Teresa M.},
 title = {Helping Programmers Understand Computer Programs: The Use of Metacognition},
 journal = {SIGMIS Database},
 issue_date = {Nov. 1995},
 volume = {26},
 number = {4},
 month = nov,
 year = {1995},
 issn = {0095-0033},
 pages = {25--46},
 numpages = {22},
 url = {http://doi.acm.org/10.1145/223278.223280},
 doi = {10.1145/223278.223280},
 acmid = {223280},
 publisher = {ACM},
 address = {New York, NY, USA},
}

