@inproceedings{O'Rourke:2016:BPD:2876034.2876040,
 author = {O'Rourke, Eleanor and Peach, Erin and Dweck, Carol S. and Popovic, Zoran},
 title = {Brain Points: A Deeper Look at a Growth Mindset Incentive Structure for an Educational Game},
 booktitle = {Proceedings of the Third (2016) ACM Conference on Learning @ Scale},
 series = {L@S '16},
 year = {2016},
 isbn = {978-1-4503-3726-7},
 location = {Edinburgh, Scotland, UK},
 pages = {41--50},
 numpages = {10},
 url = {http://doi.acm.org/10.1145/2876034.2876040},
 doi = {10.1145/2876034.2876040},
 acmid = {2876040},
 publisher = {ACM},
 address = {New York, NY, USA},
 keywords = {educational games, growth mindset, incentive structures.},
}

@inproceedings{O'Rourke:2015:DDG:2724660.2728686,
 author = {O'Rourke, Eleanor and Chen, Yvonne and Haimovitz, Kyla and Dweck, Carol S. and Popovi\'{c}, Zoran},
 title = {Demographic Differences in a Growth Mindset Incentive Structure for Educational Games},
 booktitle = {Proceedings of the Second (2015) ACM Conference on Learning @ Scale},
 series = {L@S '15},
 year = {2015},
 isbn = {978-1-4503-3411-2},
 location = {Vancouver, BC, Canada},
 pages = {331--334},
 numpages = {4},
 url = {http://doi.acm.org/10.1145/2724660.2728686},
 doi = {10.1145/2724660.2728686},
 acmid = {2728686},
 publisher = {ACM},
 address = {New York, NY, USA},
 keywords = {educational games, growth mindset, incentive structures},
}

@inproceedings{O'Rourke:2014:BPG:2556288.2557157,
 author = {O'Rourke, Eleanor and Haimovitz, Kyla and Ballweber, Christy and Dweck, Carol and Popovi\'{c}, Zoran},
 title = {Brain Points: A Growth Mindset Incentive Structure Boosts Persistence in an Educational Game},
 booktitle = {Proceedings of the SIGCHI Conference on Human Factors in Computing Systems},
 series = {CHI '14},
 year = {2014},
 isbn = {978-1-4503-2473-1},
 location = {Toronto, Ontario, Canada},
 pages = {3339--3348},
 numpages = {10},
 url = {http://doi.acm.org/10.1145/2556288.2557157},
 doi = {10.1145/2556288.2557157},
 acmid = {2557157},
 publisher = {ACM},
 address = {New York, NY, USA},
 keywords = {educational games, growth mindset, incentive structures},
}

@inproceedings{O'Rourke:2014:BPG:2611222.2557157,
 author = {O'Rourke, Eleanor and Haimovitz, Kyla and Ballweber, Christy and Dweck, Carol and Popovi\'{c}, Zoran},
 title = {Brain Points: A Growth Mindset Incentive Structure Boosts Persistence in an Educational Game},
 booktitle = {Proceedings of the 32Nd Annual ACM Conference on Human Factors in Computing Systems},
 series = {CHI '14},
 year = {2014},
 isbn = {978-1-4503-2473-1},
 location = {Toronto, Ontario, Canada},
 pages = {3339--3348},
 numpages = {10},
 url = {http://doi.acm.org/10.1145/2556288.2557157},
 doi = {10.1145/2556288.2557157},
 acmid = {2557157},
 publisher = {ACM},
 address = {New York, NY, USA},
 keywords = {educational games, growth mindset, incentive structures},
}

@inproceedings{Simon:2008:SIN:1404520.1404537,
 author = {Simon, Beth and Hanks, Brian and Murphy, Laurie and Fitzgerald, Sue and McCauley, Ren{\'e}e and Thomas, Lynda and Zander, Carol},
 title = {Saying Isn'T Necessarily Believing: Influencing Self-theories in Computing},
 booktitle = {Proceedings of the Fourth International Workshop on Computing Education Research},
 series = {ICER '08},
 year = {2008},
 isbn = {978-1-60558-216-0},
 location = {Sydney, Australia},
 pages = {173--184},
 numpages = {12},
 url = {http://doi.acm.org/10.1145/1404520.1404537},
 doi = {10.1145/1404520.1404537},
 acmid = {1404537},
 publisher = {ACM},
 address = {New York, NY, USA},
 keywords = {attitudinal, cs0, cs1, debugging, dweck, growth mindset, likert, novice programmers, programming, self-theories},
}

@inproceedings{Cutts:2010:MMP:1734263.1734409,
 author = {Cutts, Quintin and Cutts, Emily and Draper, Stephen and O'Donnell, Patrick and Saffrey, Peter},
 title = {Manipulating Mindset to Positively Influence Introductory Programming Performance},
 booktitle = {Proceedings of the 41st ACM Technical Symposium on Computer Science Education},
 series = {SIGCSE '10},
 year = {2010},
 isbn = {978-1-4503-0006-3},
 location = {Milwaukee, Wisconsin, USA},
 pages = {431--435},
 numpages = {5},
 url = {http://doi.acm.org/10.1145/1734263.1734409},
 doi = {10.1145/1734263.1734409},
 acmid = {1734409},
 publisher = {ACM},
 address = {New York, NY, USA},
 keywords = {attitudinal, cs0, cs1, debugging, dweck, growth mindset, novice programmers, programming, self-theories},
}

@inproceedings{Scott:2013:ITP:2462476.2462515,
 author = {Scott, Michael James and Ghinea, Gheorghita},
 title = {Implicit Theories of Programming Aptitude As a Barrier to Learning to Code: Are They Distinct from Intelligence?},
 booktitle = {Proceedings of the 18th ACM Conference on Innovation and Technology in Computer Science Education},
 series = {ITiCSE '13},
 year = {2013},
 isbn = {978-1-4503-2078-8},
 location = {Canterbury, England, UK},
 pages = {347--347},
 numpages = {1},
 url = {http://doi.acm.org/10.1145/2462476.2462515},
 doi = {10.1145/2462476.2462515},
 acmid = {2462515},
 publisher = {ACM},
 address = {New York, NY, USA},
 keywords = {aptitude, dweck, entity, implicit theories, incremental, intelligence, learning, programming, self-theories},
}

@inproceedings{Zhang:2019:RGN:3311927.3325344,
 author = {Zhang, Stephanie and Ling, Emily},
 title = {Rewire: A Game About Neuroplasticity},
 booktitle = {Proceedings of the 18th ACM International Conference on Interaction Design and Children},
 series = {IDC '19},
 year = {2019},
 isbn = {978-1-4503-6690-8},
 location = {Boise, ID, USA},
 pages = {664--667},
 numpages = {4},
 url = {http://doi.acm.org/10.1145/3311927.3325344},
 doi = {10.1145/3311927.3325344},
 acmid = {3325344},
 publisher = {ACM},
 address = {New York, NY, USA},
}

@inproceedings{Flanigan:2015:ECC:2787622.2787722,
 author = {Flanigan, Abraham E. and Peteranetz, Markeya S. and Shell, Duane F. and Soh, Leen-Kiat},
 title = {Exploring Changes in Computer Science Students' Implicit Theories of Intelligence Across the Semester},
 booktitle = {Proceedings of the Eleventh Annual International Conference on International Computing Education Research},
 series = {ICER '15},
 year = {2015},
 isbn = {978-1-4503-3630-7},
 location = {Omaha, Nebraska, USA},
 pages = {161--168},
 numpages = {8},
 url = {http://doi.acm.org/10.1145/2787622.2787722},
 doi = {10.1145/2787622.2787722},
 acmid = {2787722},
 publisher = {ACM},
 address = {New York, NY, USA},
 keywords = {cs1, implicit learning theories, profiling},
}

