@article{Miller:2004:TDD:1040151.1040172,
 author = {Miller, Keith W.},
 title = {Test Driven Development on the Cheap: Text Files and Explicit Scaffolding},
 journal = {J. Comput. Sci. Coll.},
 issue_date = {December 2004},
 volume = {20},
 number = {2},
 month = dec,
 year = {2004},
 issn = {1937-4771},
 pages = {181--189},
 numpages = {9},
 url = {http://dl.acm.org/citation.cfm?id=1040151.1040172},
 acmid = {1040172},
 publisher = {Consortium for Computing Sciences in Colleges},
 address = {USA},
}

@inproceedings{Miller:2012:MTC:2148131.2148185,
 author = {Miller, Andrea and Rosenbaum, Claire and Blikstein, Paulo},
 title = {MagneTracks: A Tangible Constructionist Toolkit for Newtonian Physics},
 booktitle = {Proceedings of the Sixth International Conference on Tangible, Embedded and Embodied Interaction},
 series = {TEI '12},
 year = {2012},
 isbn = {978-1-4503-1174-8},
 location = {Kingston, Ontario, Canada},
 pages = {253--256},
 numpages = {4},
 url = {http://doi.acm.org/10.1145/2148131.2148185},
 doi = {10.1145/2148131.2148185},
 acmid = {2148185},
 publisher = {ACM},
 address = {New York, NY, USA},
 keywords = {cognitive load, constructionism, constructivism, design, dynamic tangible interaction, scaffolding, vertical interfaces},
}

@inproceedings{Vihavainen:2015:BSI:2676723.2677260,
 author = {Vihavainen, Arto and Miller, Craig S. and Settle, Amber},
 title = {Benefits of Self-explanation in Introductory Programming},
 booktitle = {Proceedings of the 46th ACM Technical Symposium on Computer Science Education},
 series = {SIGCSE '15},
 year = {2015},
 isbn = {978-1-4503-2966-8},
 location = {Kansas City, Missouri, USA},
 pages = {284--289},
 numpages = {6},
 url = {http://doi.acm.org/10.1145/2676723.2677260},
 doi = {10.1145/2676723.2677260},
 acmid = {2677260},
 publisher = {ACM},
 address = {New York, NY, USA},
 keywords = {cs1, introductory programming, programming education, scaffolding, self-explanation, self-explanation questions},
}

@inproceedings{Baker:2010:BFF:1854509.1854580,
 author = {Baker, Michael},
 title = {Buds, Flowers and Fruit: Potentialities for Guidance in Collaborative Argumentation-based Learning},
 booktitle = {Proceedings of the 9th International Conference of the Learning Sciences - Volume 2},
 series = {ICLS '10},
 year = {2010},
 location = {Chicago, Illinois},
 pages = {155--156},
 numpages = {2},
 url = {http://dl.acm.org/citation.cfm?id=1854509.1854580},
 acmid = {1854580},
 publisher = {International Society of the Learning Sciences},
}

@inproceedings{Damian:2012:ISE:2247569.2247583,
 author = {Damian, Daniela and Petre, Marian and Miller, Mariel and Hadwin, Allyson F.},
 title = {Instructional Strategies in the EGRET Course: An International Graduate Forum on Becoming a Researcher},
 booktitle = {Proceedings of the Seventeenth Western Canadian Conference on Computing Education},
 series = {WCCCE '12},
 year = {2012},
 isbn = {978-1-4503-1407-7},
 location = {Vancouver, British Columbia, Canada},
 pages = {41--45},
 numpages = {5},
 url = {http://doi.acm.org/10.1145/2247569.2247583},
 doi = {10.1145/2247569.2247583},
 acmid = {2247583},
 publisher = {ACM},
 address = {New York, NY, USA},
 keywords = {computer science education, computer-supported collaborative learning, instructional design},
}

@inproceedings{Clark:2010:SIU:1854509.1854622,
 author = {Clark, Douglas B. and Nelson, Brian C. and D'Angelo, Cynthia M. and Slack, Kent and Martinez, Mario},
 title = {SURGE: Intended and Unintended Learning in Digital Games},
 booktitle = {Proceedings of the 9th International Conference of the Learning Sciences - Volume 2},
 series = {ICLS '10},
 year = {2010},
 location = {Chicago, Illinois},
 pages = {230--231},
 numpages = {2},
 url = {http://dl.acm.org/citation.cfm?id=1854509.1854622},
 acmid = {1854622},
 publisher = {International Society of the Learning Sciences},
}

