@inproceedings{Forde:2015:IVC:2793107.2810297,
 author = {Forde, Seamus F. and Mekler, Elisa D. and Opwis, Klaus},
 title = {Informational vs. Controlling Gamification: A Study Design},
 booktitle = {Proceedings of the 2015 Annual Symposium on Computer-Human Interaction in Play},
 series = {CHI PLAY '15},
 year = {2015},
 isbn = {978-1-4503-3466-2},
 location = {London, United Kingdom},
 pages = {517--522},
 numpages = {6},
 url = {http://doi.acm.org/10.1145/2793107.2810297},
 doi = {10.1145/2793107.2810297},
 acmid = {2810297},
 publisher = {ACM},
 address = {New York, NY, USA},
 keywords = {gamification, motivation, self-determination theory},
}

@inproceedings{Forde:2016:IBI:2968120.2987738,
 author = {Forde, Seamus F. and Mekler, Elisa D. and Opwis, Klaus},
 title = {Informational, but Not Intrinsically Motivating Gamification': Preliminary Findings},
 booktitle = {Proceedings of the 2016 Annual Symposium on Computer-Human Interaction in Play Companion Extended Abstracts},
 series = {CHI PLAY Companion '16},
 year = {2016},
 isbn = {978-1-4503-4458-6},
 location = {Austin, Texas, USA},
 pages = {157--163},
 numpages = {7},
 url = {http://doi.acm.org/10.1145/2968120.2987738},
 doi = {10.1145/2968120.2987738},
 acmid = {2987738},
 publisher = {ACM},
 address = {New York, NY, USA},
 keywords = {gamification, motivation, self-determination theory},
}

@inproceedings{Neys:2010:PSW:1823818.1823831,
 author = {Neys, J. L. D. and Jansz, J. and Tan, E. S. H.},
 title = {To Persevere is to Save the World: Exploring Expertise in Gaming},
 booktitle = {Proceedings of the 3rd International Conference on Fun and Games},
 series = {Fun and Games '10},
 year = {2010},
 isbn = {978-1-60558-907-7},
 location = {Leuven, Belgium},
 pages = {116--125},
 numpages = {10},
 url = {http://doi.acm.org/10.1145/1823818.1823831},
 doi = {10.1145/1823818.1823831},
 acmid = {1823831},
 publisher = {ACM},
 address = {New York, NY, USA},
 keywords = {expertise, gamers, motivation, persistence, self-determination theory},
}

@inproceedings{Vella:2012:FVG:2336727.2336746,
 author = {Vella, Kellie and Johnson, Daniel},
 title = {Flourishing and Video Games},
 booktitle = {Proceedings of The 8th Australasian Conference on Interactive Entertainment: Playing the System},
 series = {IE '12},
 year = {2012},
 isbn = {978-1-4503-1410-7},
 location = {Auckland, New Zealand},
 pages = {19:1--19:3},
 articleno = {19},
 numpages = {3},
 url = {http://doi.acm.org/10.1145/2336727.2336746},
 doi = {10.1145/2336727.2336746},
 acmid = {2336746},
 publisher = {ACM},
 address = {New York, NY, USA},
 keywords = {flow, self-determination theory, video games, wellbeing},
}

@inproceedings{Mishkin:2019:AST:3287324.3287389,
 author = {Mishkin, Allison},
 title = {Applying Self-Determination Theory Towards Motivating Young Women in Computer Science},
 booktitle = {Proceedings of the 50th ACM Technical Symposium on Computer Science Education},
 series = {SIGCSE '19},
 year = {2019},
 isbn = {978-1-4503-5890-3},
 location = {Minneapolis, MN, USA},
 pages = {1025--1031},
 numpages = {7},
 url = {http://doi.acm.org/10.1145/3287324.3287389},
 doi = {10.1145/3287324.3287389},
 acmid = {3287389},
 publisher = {ACM},
 address = {New York, NY, USA},
 keywords = {belonging, gender, psychology, self-determination theory},
}

@inproceedings{Johnson:2015:BDP:2702123.2702447,
 author = {Johnson, Daniel and Nacke, Lennart E. and Wyeth, Peta},
 title = {All About That Base: Differing Player Experiences in Video Game Genres and the Unique Case of MOBA Games},
 booktitle = {Proceedings of the 33rd Annual ACM Conference on Human Factors in Computing Systems},
 series = {CHI '15},
 year = {2015},
 isbn = {978-1-4503-3145-6},
 location = {Seoul, Republic of Korea},
 pages = {2265--2274},
 numpages = {10},
 url = {http://doi.acm.org/10.1145/2702123.2702447},
 doi = {10.1145/2702123.2702447},
 acmid = {2702447},
 publisher = {ACM},
 address = {New York, NY, USA},
 keywords = {games, player experience, self-determination theory},
}

@inproceedings{Vella:2015:IWR:2838739.2838818,
 author = {Vella, Kellie and Johnson, Daniel and Hides, Leanne},
 title = {Indicators of Wellbeing in Recreational Video Game Players},
 booktitle = {Proceedings of the Annual Meeting of the Australian Special Interest Group for Computer Human Interaction},
 series = {OzCHI '15},
 year = {2015},
 isbn = {978-1-4503-3673-4},
 location = {Parkville, VIC, Australia},
 pages = {613--617},
 numpages = {5},
 url = {http://doi.acm.org/10.1145/2838739.2838818},
 doi = {10.1145/2838739.2838818},
 acmid = {2838818},
 publisher = {ACM},
 address = {New York, NY, USA},
 keywords = {Self-determination theory, flow, video game, wellbeing},
}

@inproceedings{Tyack:2017:ERS:3152771.3156149,
 author = {Tyack, April and Wyeth, Peta},
 title = {Exploring Relatedness in Single-player Video Game Play},
 booktitle = {Proceedings of the 29th Australian Conference on Computer-Human Interaction},
 series = {OZCHI '17},
 year = {2017},
 isbn = {978-1-4503-5379-3},
 location = {Brisbane, Queensland, Australia},
 pages = {422--427},
 numpages = {6},
 url = {http://doi.acm.org/10.1145/3152771.3156149},
 doi = {10.1145/3152771.3156149},
 acmid = {3156149},
 publisher = {ACM},
 address = {New York, NY, USA},
 keywords = {relatedness, self-determination theory, video games},
}

@inproceedings{McDermott:2016:MOE:2899415.2899474,
 author = {McDermott, Roger and Zarb, Mark and Daniels, Mats and Cajander, \AAsa and Clear, Tony},
 title = {Motivation, Optimal Experience and Flow in First Year Computing Science},
 booktitle = {Proceedings of the 2016 ACM Conference on Innovation and Technology in Computer Science Education},
 series = {ITiCSE '16},
 year = {2016},
 isbn = {978-1-4503-4231-5},
 location = {Arequipa, Peru},
 pages = {206--211},
 numpages = {6},
 url = {http://doi.acm.org/10.1145/2899415.2899474},
 doi = {10.1145/2899415.2899474},
 acmid = {2899474},
 publisher = {ACM},
 address = {New York, NY, USA},
 keywords = {flow, motivation, optimal experience, self determination theory},
}

@inproceedings{Wohn:2012:SCS:2212776.2212845,
 author = {Wohn, Donghee},
 title = {Sustainability of a College Social Network Site: Role of Autonomy, Engagement, and Relatedness},
 booktitle = {CHI '12 Extended Abstracts on Human Factors in Computing Systems},
 series = {CHI EA '12},
 year = {2012},
 isbn = {978-1-4503-1016-1},
 location = {Austin, Texas, USA},
 pages = {737--740},
 numpages = {4},
 url = {http://doi.acm.org/10.1145/2212776.2212845},
 doi = {10.1145/2212776.2212845},
 acmid = {2212845},
 publisher = {ACM},
 address = {New York, NY, USA},
 keywords = {adjustment, college, education, online community, self-determination theory, social media},
}

@inproceedings{Ford:2012:STA:2414536.2414562,
 author = {Ford, Matthew and Wyeth, Peta and Johnson, Daniel},
 title = {Self-determination Theory As Applied to the Design of a Software Learning System Using Whole-body Controls},
 booktitle = {Proceedings of the 24th Australian Computer-Human Interaction Conference},
 series = {OzCHI '12},
 year = {2012},
 isbn = {978-1-4503-1438-1},
 location = {Melbourne, Australia},
 pages = {146--149},
 numpages = {4},
 url = {http://doi.acm.org/10.1145/2414536.2414562},
 doi = {10.1145/2414536.2414562},
 acmid = {2414562},
 publisher = {ACM},
 address = {New York, NY, USA},
 keywords = {education, motivation, self-determination theory, videogames, young children},
}

@inproceedings{Azadvar:2018:UUP:3235765.3235780,
 author = {Azadvar, Ahmad and Canossa, Alessandro},
 title = {UPEQ: Ubisoft Perceived Experience Questionnaire: A Self-determination Evaluation Tool for Video Games},
 booktitle = {Proceedings of the 13th International Conference on the Foundations of Digital Games},
 series = {FDG '18},
 year = {2018},
 isbn = {978-1-4503-6571-0},
 location = {Malm\&ouml;, Sweden},
 pages = {5:1--5:7},
 articleno = {5},
 numpages = {7},
 url = {http://doi.acm.org/10.1145/3235765.3235780},
 doi = {10.1145/3235765.3235780},
 acmid = {3235780},
 publisher = {ACM},
 address = {New York, NY, USA},
 keywords = {data driven modeling, player experience, player profiling, self-determination theory},
}

@article{Grau:2018:PMM:3290265.3274329,
 author = {Grau, Paul and Naderi, Babak and Kim, Juho},
 title = {Personalized Motivation-supportive Messages for Increasing Participation in Crowd-civic Systems},
 journal = {Proc. ACM Hum.-Comput. Interact.},
 issue_date = {November 2018},
 volume = {2},
 number = {CSCW},
 month = nov,
 year = {2018},
 issn = {2573-0142},
 pages = {60:1--60:22},
 articleno = {60},
 numpages = {22},
 url = {http://doi.acm.org/10.1145/3274329},
 doi = {10.1145/3274329},
 acmid = {3274329},
 publisher = {ACM},
 address = {New York, NY, USA},
 keywords = {crowd-civic systems, motivation, personalization, self-determination theory},
}

@inproceedings{Jansen:2017:PBT:3025453.3026003,
 author = {Jansen, Arne and Van Mechelen, Maarten and Slegers, Karin},
 title = {Personas and Behavioral Theories: A Case Study Using Self-Determination Theory to Construct Overweight Personas},
 booktitle = {Proceedings of the 2017 CHI Conference on Human Factors in Computing Systems},
 series = {CHI '17},
 year = {2017},
 isbn = {978-1-4503-4655-9},
 location = {Denver, Colorado, USA},
 pages = {2127--2136},
 numpages = {10},
 url = {http://doi.acm.org/10.1145/3025453.3026003},
 doi = {10.1145/3025453.3026003},
 acmid = {3026003},
 publisher = {ACM},
 address = {New York, NY, USA},
 keywords = {behavioral theories, design methods, obesity, personas, self-determination theory},
}

@inproceedings{Janols:2017:SMM:3121283.3121417,
 author = {Janols, Rebecka and Lindgren, Helena},
 title = {A Study on Motivational Messages for Supporting Seniors to Increase Physical Activity and Social Participation},
 booktitle = {Proceedings of the European Conference on Cognitive Ergonomics 2017},
 series = {ECCE 2017},
 year = {2017},
 isbn = {978-1-4503-5256-7},
 location = {Ume\&aring;, Sweden},
 pages = {57--58},
 numpages = {2},
 url = {http://doi.acm.org/10.1145/3121283.3121417},
 doi = {10.1145/3121283.3121417},
 acmid = {3121417},
 publisher = {ACM},
 address = {New York, NY, USA},
 keywords = {Activity Theory, Personalization, Self-Determination Theory, motivational messages},
}

@inproceedings{Birk:2013:CYG:2470654.2470752,
 author = {Birk, Max and Mandryk, Regan L.},
 title = {Control Your Game-self: Effects of Controller Type on Enjoyment, Motivation, and Personality in Game},
 booktitle = {Proceedings of the SIGCHI Conference on Human Factors in Computing Systems},
 series = {CHI '13},
 year = {2013},
 isbn = {978-1-4503-1899-0},
 location = {Paris, France},
 pages = {685--694},
 numpages = {10},
 url = {http://doi.acm.org/10.1145/2470654.2470752},
 doi = {10.1145/2470654.2470752},
 acmid = {2470752},
 publisher = {ACM},
 address = {New York, NY, USA},
 keywords = {controller, games, motivation, personality, self-determination theory, self-discrepancy theory},
}

@inproceedings{Bomfim:2018:PBG:3170427.3188496,
 author = {Bomfim, Marcela C. C. and Wallace, James R.},
 title = {Pirate Bri's Grocery Adventure: Teaching Food Literacy Through Shopping},
 booktitle = {Extended Abstracts of the 2018 CHI Conference on Human Factors in Computing Systems},
 series = {CHI EA '18},
 year = {2018},
 isbn = {978-1-4503-5621-3},
 location = {Montreal QC, Canada},
 pages = {LBW068:1--LBW068:6},
 articleno = {LBW068},
 numpages = {6},
 url = {http://doi.acm.org/10.1145/3170427.3188496},
 doi = {10.1145/3170427.3188496},
 acmid = {3188496},
 publisher = {ACM},
 address = {New York, NY, USA},
 keywords = {food literacy, grocery shopping, mobile nutrition game, self determination theory},
}

@inproceedings{Yildirim:2016:TPV:2851581.2892298,
 author = {Yildirim, Irem G\"{o}k\c{c}e},
 title = {Time Pressure As Video Game Design Element and Basic Need Satisfaction},
 booktitle = {Proceedings of the 2016 CHI Conference Extended Abstracts on Human Factors in Computing Systems},
 series = {CHI EA '16},
 year = {2016},
 isbn = {978-1-4503-4082-3},
 location = {San Jose, California, USA},
 pages = {2005--2011},
 numpages = {7},
 url = {http://doi.acm.org/10.1145/2851581.2892298},
 doi = {10.1145/2851581.2892298},
 acmid = {2892298},
 publisher = {ACM},
 address = {New York, NY, USA},
 keywords = {basic need satisfaction, self-determination theory, time pressure, video games},
}

@inproceedings{Ferron:2013:TMD:2499149.2499158,
 author = {Ferron, Michela and Massa, Paolo},
 title = {Transtheoretical Model for Designing Technologies Supporting an Active Lifestyle},
 booktitle = {Proceedings of the Biannual Conference of the Italian Chapter of SIGCHI},
 series = {CHItaly '13},
 year = {2013},
 isbn = {978-1-4503-2061-0},
 location = {Trento, Italy},
 pages = {7:1--7:8},
 articleno = {7},
 numpages = {8},
 url = {http://doi.acm.org/10.1145/2499149.2499158},
 doi = {10.1145/2499149.2499158},
 acmid = {2499158},
 publisher = {ACM},
 address = {New York, NY, USA},
 keywords = {active lifestyle, design strategies, exercise, mobile technologies, self-determination theory, transtheoretical model of behavior change},
}

@inproceedings{Hardy:2014:MGC:2656719.2656728,
 author = {Hardy, Sandro and Kern, Angelika and Dutz, Tim and Weber, Christoph and G\"{o}bel, Stefan and Steinmetz, Ralf},
 title = {What Makes Games Challenging?: Considerations on How to Determine the "Challenge" Posed by an Exergame for Balance Training},
 booktitle = {Proceedings of the 2014 ACM International Workshop on Serious Games},
 series = {SeriousGames '14},
 year = {2014},
 isbn = {978-1-4503-3121-0},
 location = {Orlando, Florida, USA},
 pages = {57--62},
 numpages = {6},
 url = {http://doi.acm.org/10.1145/2656719.2656728},
 doi = {10.1145/2656719.2656728},
 acmid = {2656728},
 publisher = {ACM},
 address = {New York, NY, USA},
 keywords = {adaptation, difficulty, exergames, goal setting, health, motivation, personalization, self determination theory, sensors, serious games, training},
}

@inproceedings{Stroud:2019:UTS:3318396.3318399,
 author = {Stroud, Robert},
 title = {The Use of Technology to Support Theories of Learner Engagement},
 booktitle = {Proceedings of the 2019 8th International Conference on Educational and Information Technology},
 series = {ICEIT 2019},
 year = {2019},
 isbn = {978-1-4503-6267-2},
 location = {Cambridge, United Kingdom},
 pages = {137--140},
 numpages = {4},
 url = {http://doi.acm.org/10.1145/3318396.3318399},
 doi = {10.1145/3318396.3318399},
 acmid = {3318399},
 publisher = {ACM},
 address = {New York, NY, USA},
 keywords = {CALL, achievement goal theory, engagement, expectancy-value theory, motivation, self-determination theory, social cognitive theory, technology},
}

@inproceedings{Fabito:2019:EGA:3322385.3322426,
 author = {Fabito, Bernie and Cabredo, Rafael},
 title = {Exploring Game Aesthetics As Antecedents of Game Continuance: An Analysis in the Lens of Self-Determination Theory},
 booktitle = {Proceedings of the 2019 on Computers and People Research Conference},
 series = {SIGMIS-CPR '19},
 year = {2019},
 isbn = {978-1-4503-6088-3},
 location = {Nashville, TN, USA},
 pages = {157--163},
 numpages = {7},
 url = {http://doi.acm.org/10.1145/3322385.3322426},
 doi = {10.1145/3322385.3322426},
 acmid = {3322426},
 publisher = {ACM},
 address = {New York, NY, USA},
 keywords = {mda framework, mobile game aesthetics, mobile game motivations, self determination theory},
}

@inproceedings{Kappen:2013:KEG:2583008.2583029,
 author = {Kappen, Dennis L. and Nacke, Lennart E.},
 title = {The Kaleidoscope of Effective Gamification: Deconstructing Gamification in Business Applications},
 booktitle = {Proceedings of the First International Conference on Gameful Design, Research, and Applications},
 series = {Gamification '13},
 year = {2013},
 isbn = {978-1-4503-2815-9},
 location = {Toronto, Ontario, Canada},
 pages = {119--122},
 numpages = {4},
 url = {http://doi.acm.org/10.1145/2583008.2583029},
 doi = {10.1145/2583008.2583029},
 acmid = {2583029},
 publisher = {ACM},
 address = {New York, NY, USA},
 keywords = {gameplay, gamification, human factors, interaction design, player experience, self-determination theory, usability},
}

@inproceedings{Bruhlmann:2018:MID:3173574.3173680,
 author = {Br\"{u}hlmann, Florian and Vollenwyder, Beat and Opwis, Klaus and Mekler, Elisa D.},
 title = {Measuring the ``Why'' of Interaction: Development and Validation of the User Motivation Inventory (UMI)},
 booktitle = {Proceedings of the 2018 CHI Conference on Human Factors in Computing Systems},
 series = {CHI '18},
 year = {2018},
 isbn = {978-1-4503-5620-6},
 location = {Montreal QC, Canada},
 pages = {106:1--106:13},
 articleno = {106},
 numpages = {13},
 url = {http://doi.acm.org/10.1145/3173574.3173680},
 doi = {10.1145/3173574.3173680},
 acmid = {3173680},
 publisher = {ACM},
 address = {New York, NY, USA},
 keywords = {motivation, scale development, self-determination theory, technology use, usability, user experience},
}

@article{Lederman:2019:SCY:3310282.3301421,
 author = {Lederman, Reeva and Gleeson, John and Wadley, Greg and D'alfonso, Simon and Rice, Simon and Santesteban-Echarri, Olga and Alvarez-Jimenez, Mario},
 title = {Support for Carers of Young People with Mental Illness: Design and Trial of a Technology-Mediated Therapy},
 journal = {ACM Trans. Comput.-Hum. Interact.},
 issue_date = {February 2019},
 volume = {26},
 number = {1},
 month = feb,
 year = {2019},
 issn = {1073-0516},
 pages = {4:1--4:33},
 articleno = {4},
 numpages = {33},
 url = {http://doi.acm.org/10.1145/3301421},
 doi = {10.1145/3301421},
 acmid = {3301421},
 publisher = {ACM},
 address = {New York, NY, USA},
 keywords = {Technology-mediated support, concordance, peer-support, self-determination theory, social networking, therapeutic alliance, user-centered design},
}

@inproceedings{Vella:2015:PAP:2793107.2793118,
 author = {Vella, Kellie and Johnson, Daniel and Hides, Leanne},
 title = {Playing Alone, Playing With Others: Differences in Player Experience and Indicators of Wellbeing},
 booktitle = {Proceedings of the 2015 Annual Symposium on Computer-Human Interaction in Play},
 series = {CHI PLAY '15},
 year = {2015},
 isbn = {978-1-4503-3466-2},
 location = {London, United Kingdom},
 pages = {3--12},
 numpages = {10},
 url = {http://doi.acm.org/10.1145/2793107.2793118},
 doi = {10.1145/2793107.2793118},
 acmid = {2793118},
 publisher = {ACM},
 address = {New York, NY, USA},
 keywords = {player experience, psychology, self-determination theory, social capital, social interaction, video games, wellbeing},
}

@inproceedings{Johns:2016:IKA:2932206.2932218,
 author = {Johns, Allie and Galpin, Adam and Meredith, Joanne and Glancy, Maxine},
 title = {I Kind of Had an Avatar Switch: The Role of the Self in Engagement with an Interactive TV Drama},
 booktitle = {Proceedings of the ACM International Conference on Interactive Experiences for TV and Online Video},
 series = {TVX '16},
 year = {2016},
 isbn = {978-1-4503-4067-0},
 location = {Chicago, Illinois, USA},
 pages = {77--82},
 numpages = {6},
 url = {http://doi.acm.org/10.1145/2932206.2932218},
 doi = {10.1145/2932206.2932218},
 acmid = {2932218},
 publisher = {ACM},
 address = {New York, NY, USA},
 keywords = {interactive narrative, interactive storytelling, interactive tv, self-determination theory, self-reflection},
}

@inproceedings{Hiniker:2017:PPS:3078072.3079752,
 author = {Hiniker, Alexis and Lee, Bongshin and Sobel, Kiley and Choe, Eun Kyoung},
 title = {Plan \&\#38; Play: Supporting Intentional Media Use in Early Childhood},
 booktitle = {Proceedings of the 2017 Conference on Interaction Design and Children},
 series = {IDC '17},
 year = {2017},
 isbn = {978-1-4503-4921-5},
 location = {Stanford, California, USA},
 pages = {85--95},
 numpages = {11},
 url = {http://doi.acm.org/10.1145/3078072.3079752},
 doi = {10.1145/3078072.3079752},
 acmid = {3079752},
 publisher = {ACM},
 address = {New York, NY, USA},
 keywords = {child-computer interaction, parental controls, parental mediation, preschool, screen time, self-determination theory, tablets},
}

@inproceedings{Deterding:2016:CAS:2858036.2858395,
 author = {Deterding, Sebastian},
 title = {Contextual Autonomy Support in Video Game Play: A Grounded Theory},
 booktitle = {Proceedings of the 2016 CHI Conference on Human Factors in Computing Systems},
 series = {CHI '16},
 year = {2016},
 isbn = {978-1-4503-3362-7},
 location = {San Jose, California, USA},
 pages = {3931--3943},
 numpages = {13},
 url = {http://doi.acm.org/10.1145/2858036.2858395},
 doi = {10.1145/2858036.2858395},
 acmid = {2858395},
 publisher = {ACM},
 address = {New York, NY, USA},
 keywords = {applied gaming, autonomy, context, games, gamification, motivation, play, self-determination theory, video games},
}

@inproceedings{Vella:2013:PPV:2583008.2583024,
 author = {Vella, Kellie and Johnson, Daniel and Hides, Leanne},
 title = {Positively Playful: When Videogames Lead to Player Wellbeing},
 booktitle = {Proceedings of the First International Conference on Gameful Design, Research, and Applications},
 series = {Gamification '13},
 year = {2013},
 isbn = {978-1-4503-2815-9},
 location = {Toronto, Ontario, Canada},
 pages = {99--102},
 numpages = {4},
 url = {http://doi.acm.org/10.1145/2583008.2583024},
 doi = {10.1145/2583008.2583024},
 acmid = {2583024},
 publisher = {ACM},
 address = {New York, NY, USA},
 keywords = {computer-human interaction, flow, psychology, self-determination theory, videogames, well-being},
}

@inproceedings{Schilling:2012:LSM:2214091.2214119,
 author = {Schilling, Andreas},
 title = {Links to the Source - a Multidimensional View of Social Ties for the Retention of FLOSS Developers},
 booktitle = {Proceedings of the 50th Annual Conference on Computers and People Research},
 series = {SIGMIS-CPR '12},
 year = {2012},
 isbn = {978-1-4503-1110-6},
 location = {Milwaukee, Wisconsin, USA},
 pages = {103--108},
 numpages = {6},
 url = {http://doi.acm.org/10.1145/2214091.2214119},
 doi = {10.1145/2214091.2214119},
 acmid = {2214119},
 publisher = {ACM},
 address = {New York, NY, USA},
 keywords = {it personnel, job satisfaction, open source, retention, self-determination-theory, social-identity-theory, turnover intention},
}

@inproceedings{Coleman:2015:CMO:2815782.2815810,
 author = {Coleman, Emma and Lieberman, Zach},
 title = {Contributor Motivation in Online Knowledge Sharing Communities with Reputation Management Systems},
 booktitle = {Proceedings of the 2015 Annual Research Conference on South African Institute of Computer Scientists and Information Technologists},
 series = {SAICSIT '15},
 year = {2015},
 isbn = {978-1-4503-3683-3},
 location = {Stellenbosch, South Africa},
 pages = {11:1--11:12},
 articleno = {11},
 numpages = {12},
 url = {http://doi.acm.org/10.1145/2815782.2815810},
 doi = {10.1145/2815782.2815810},
 acmid = {2815810},
 publisher = {ACM},
 address = {New York, NY, USA},
 keywords = {Contributor Motivation, Online Knowledge Sharing Communities, Public versus Private Goods, Reputation Management System, Self Determination Theory},
}

@inproceedings{Behnke:2016:CSP:2960310.2960336,
 author = {Behnke, Kara Alexandra and Kos, Brittany Ann and Bennett, John K.},
 title = {Computer Science Principles: Impacting Student Motivation \&\#38; Learning Within and Beyond the Classroom},
 booktitle = {Proceedings of the 2016 ACM Conference on International Computing Education Research},
 series = {ICER '16},
 year = {2016},
 isbn = {978-1-4503-4449-4},
 location = {Melbourne, VIC, Australia},
 pages = {171--180},
 numpages = {10},
 url = {http://doi.acm.org/10.1145/2960310.2960336},
 doi = {10.1145/2960310.2960336},
 acmid = {2960336},
 publisher = {ACM},
 address = {New York, NY, USA},
 keywords = {computational thinking, computer science principles, connectivism, constructionism, learning outcomes., motivation, self-determination theory, self-directed learning},
}

@inproceedings{Chen:2014:FML:2556325.2567872,
 author = {Chen, Pin-Ju and Chen, Yang-Hsueh},
 title = {Facilitating MOOCs Learning Through Weekly Meet-up: A Case Study in Taiwan},
 booktitle = {Proceedings of the First ACM Conference on Learning @ Scale Conference},
 series = {L@S '14},
 year = {2014},
 isbn = {978-1-4503-2669-8},
 location = {Atlanta, Georgia, USA},
 pages = {183--184},
 numpages = {2},
 url = {http://doi.acm.org/10.1145/2556325.2567872},
 doi = {10.1145/2556325.2567872},
 acmid = {2567872},
 publisher = {ACM},
 address = {New York, NY, USA},
 keywords = {distance learning, learning strategies, mooc, self-determination theory, self-regulated learning},
}

@inproceedings{Wyeth:2013:AMG:2513002.2513025,
 author = {Wyeth, Peta and Johnson, Daniel and Ziviani, Jenny},
 title = {Activity, Motivation and Games for Young Children},
 booktitle = {Proceedings of The 9th Australasian Conference on Interactive Entertainment: Matters of Life and Death},
 series = {IE '13},
 year = {2013},
 isbn = {978-1-4503-2254-6},
 location = {Melbourne, Australia},
 pages = {33:1--33:3},
 articleno = {33},
 numpages = {3},
 url = {http://doi.acm.org/10.1145/2513002.2513025},
 doi = {10.1145/2513002.2513025},
 acmid = {2513025},
 publisher = {ACM},
 address = {New York, NY, USA},
 keywords = {game design, motivation, reality-based interaction, self-determination theory, young children},
}

@inproceedings{Huang:2017:QAA:3029798.3038342,
 author = {Huang, Lixiao},
 title = {Qualitative Analysis of the Application of Self-Determination Theory in Robotics Tournaments},
 booktitle = {Proceedings of the Companion of the 2017 ACM/IEEE International Conference on Human-Robot Interaction},
 series = {HRI '17},
 year = {2017},
 isbn = {978-1-4503-4885-0},
 location = {Vienna, Austria},
 pages = {135--136},
 numpages = {2},
 url = {http://doi.acm.org/10.1145/3029798.3038342},
 doi = {10.1145/3029798.3038342},
 acmid = {3038342},
 publisher = {ACM},
 address = {New York, NY, USA},
 keywords = {emotional responses, human-robot interaction, intrinsic motivation, robotics tournaments, self-determination theory},
}

@inproceedings{McGillicuddy:2012:FMA:2448096.2448108,
 author = {McGillicuddy, John W. and Gregoski, Mathew J. and Brunner-Jackson, Brenda M. and Weiland, Ana K. and Patel, Sachin K. and Rock, Rebecca A. and Treiber, Eveline M. and Davidson, Lydia K. and Treiber, Frank A.},
 title = {Facilitating Medication Adherence and Eliminating Therapeutic Inertia Using Wireless Technology: Proof of Concept Findings with Uncontrolled Hypertensives and Kidney Transplant Recipients},
 booktitle = {Proceedings of the Conference on Wireless Health},
 series = {WH '12},
 year = {2012},
 isbn = {978-1-4503-1760-3},
 location = {San Diego, California},
 pages = {12:1--12:9},
 articleno = {12},
 numpages = {9},
 url = {http://doi.acm.org/10.1145/2448096.2448108},
 doi = {10.1145/2448096.2448108},
 acmid = {2448108},
 publisher = {ACM},
 address = {New York, NY, USA},
 keywords = {blood pressure control, clinical inertia, essential hypertension, kidney transplantation, mHealth, medication adherence, self-determination theory},
}

@inproceedings{Fu:2018:BEC:3230467.3230472,
 author = {Fu, JenRuei and Ko, Po-Chang and Lu, ChaoTing and Lee, Wei-Long},
 title = {Brand Engagement and Co-creation in the Online Environments- Based on the Self-Determination Theory},
 booktitle = {Proceedings of the 2018 International Conference on E-business and Mobile Commerce},
 series = {ICEMC '18},
 year = {2018},
 isbn = {978-1-4503-6430-0},
 location = {Chengdu, China},
 pages = {11--16},
 numpages = {6},
 url = {http://doi.acm.org/10.1145/3230467.3230472},
 doi = {10.1145/3230467.3230472},
 acmid = {3230472},
 publisher = {ACM},
 address = {New York, NY, USA},
 keywords = {Community engagement, customer citizenship behaviors, customer co-creation, self-determination theory},
}

@inproceedings{Lerch:2018:UFA:3170427.3188608,
 author = {Lerch, Vanessa R. and Steinemann, Sharon T. and Opwis, Klaus},
 title = {Understanding Fitness App Usage Over Time: Moving Beyond the Need for Competence},
 booktitle = {Extended Abstracts of the 2018 CHI Conference on Human Factors in Computing Systems},
 series = {CHI EA '18},
 year = {2018},
 isbn = {978-1-4503-5621-3},
 location = {Montreal QC, Canada},
 pages = {LBW065:1--LBW065:6},
 articleno = {LBW065},
 numpages = {6},
 url = {http://doi.acm.org/10.1145/3170427.3188608},
 doi = {10.1145/3170427.3188608},
 acmid = {3188608},
 publisher = {ACM},
 address = {New York, NY, USA},
 keywords = {basic psychological needs, fitness apps, game design elements, gamification, self-determination theory, tracking apps},
}

@inproceedings{Sanders:2010:OAP:1936254.1936275,
 author = {Sanders, Benjamin and Chen, Vivian and Zahra, Daniel and Dowland, Paul and Atkinson, Shirley and Papadaki, Maria and Furnell, Steven},
 title = {Online Addiction: Privacy Risks in Online Gaming Environments},
 booktitle = {Proceedings of the International Conference on Management of Emergent Digital EcoSystems},
 series = {MEDES '10},
 year = {2010},
 isbn = {978-1-4503-0047-6},
 location = {Bangkok, Thailand},
 pages = {114--121},
 numpages = {8},
 url = {http://doi.acm.org/10.1145/1936254.1936275},
 doi = {10.1145/1936254.1936275},
 acmid = {1936275},
 publisher = {ACM},
 address = {New York, NY, USA},
 keywords = {MMORPG, data disclosure, exploitation, gaming addiction, impression management, privacy, self determination theory},
}

@inproceedings{Bass:2018:ERT:3196369.3196375,
 author = {Bass, Julian M. and Beecham, Sarah and Razzak, Mohammed Abdur and Noll, John},
 title = {Employee Retention and Turnover in Global Software Development: Comparing In-house Offshoring and Offshore Outsourcing},
 booktitle = {Proceedings of the 13th International Conference on Global Software Engineering},
 series = {ICGSE '18},
 year = {2018},
 isbn = {978-1-4503-5717-3},
 location = {Gothenburg, Sweden},
 pages = {82--91},
 numpages = {10},
 url = {http://doi.acm.org/10.1145/3196369.3196375},
 doi = {10.1145/3196369.3196375},
 acmid = {3196375},
 publisher = {ACM},
 address = {New York, NY, USA},
 keywords = {GSD, SME, employee retention, employee turnover, global software development, in-house offshore, large enterprise, motivation, offshore outsourced, self-determination theory},
}

@inproceedings{Alkhushayni:2016:MTT:2896338.2896350,
 author = {Alkhushayni, Suboh and McRoy, Susan},
 title = {mHealth Technology: Towards a New Mobile Application for Caregivers of the Elderly Living with Multiple Chronic Conditions (ELMCC)},
 booktitle = {Proceedings of the 6th International Conference on Digital Health Conference},
 series = {DH '16},
 year = {2016},
 isbn = {978-1-4503-4224-7},
 location = {Montr\&\#233;al, Qu\&\#233;bec, Canada},
 pages = {11--15},
 numpages = {5},
 url = {http://doi.acm.org/10.1145/2896338.2896350},
 doi = {10.1145/2896338.2896350},
 acmid = {2896350},
 publisher = {ACM},
 address = {New York, NY, USA},
 keywords = {caregiving, fogg's functional role triad, mobile health (mhealth) technology, persuasive system design framework (psd)., self-determination theory},
}

@inproceedings{Noll:2017:MAG:3084226.3084277,
 author = {Noll, John and Razzak, Mohammad Abdur and Beecham, Sarah},
 title = {Motivation and Autonomy in Global Software Development: An Empirical Study},
 booktitle = {Proceedings of the 21st International Conference on Evaluation and Assessment in Software Engineering},
 series = {EASE'17},
 year = {2017},
 isbn = {978-1-4503-4804-1},
 location = {Karlskrona, Sweden},
 pages = {394--399},
 numpages = {6},
 url = {http://doi.acm.org/10.1145/3084226.3084277},
 doi = {10.1145/3084226.3084277},
 acmid = {3084277},
 publisher = {ACM},
 address = {New York, NY, USA},
 keywords = {Agile Software Development, Autonomy, Career Anchors, Empirical Software Engineering, Global Software Development, Motivation, Scrum, Self-Determination Theory},
}

@inproceedings{Suzianti:2018:AAT:3290420.3290435,
 author = {Suzianti, Amalia and Herawati, Ratna and Septiandi, Yogi},
 title = {Analysis of Affecting Technology Adoption Factors in Online Transportation Reservation for Smartphone Application: Case Study: PT. GoJek Indonesia},
 booktitle = {Proceedings of the 4th International Conference on Communication and Information Processing},
 series = {ICCIP '18},
 year = {2018},
 isbn = {978-1-4503-6534-5},
 location = {Qingdao, China},
 pages = {198--203},
 numpages = {6},
 url = {http://doi.acm.org/10.1145/3290420.3290435},
 doi = {10.1145/3290420.3290435},
 acmid = {3290435},
 publisher = {ACM},
 address = {New York, NY, USA},
 keywords = {self-determination theory, smartphone application, structural equation modelling, technology acceptance model, theory of planned behavior, transportation reservation services},
}

@article{Guyan:2013:IME:2534974.2527388,
 author = {Guyan, Matt},
 title = {Improving Motivation in eLearning},
 journal = {eLearn},
 issue_date = {10-01-2013},
 volume = {2013},
 number = {10},
 month = oct,
 year = {2013},
 issn = {1535-394X},
 articleno = {1},
 url = {http://doi.acm.org/10.1145/2534974.2527388},
 doi = {10.1145/2534974.2527388},
 acmid = {2527388},
 publisher = {ACM},
 address = {New York, NY, USA},
}

@inproceedings{Tahamtan:2019:EMW:3295750.3298969,
 author = {Tahamtan, Iman},
 title = {The Effect of Motivation on Web Search Behaviors of Health Consumers},
 booktitle = {Proceedings of the 2019 Conference on Human Information Interaction and Retrieval},
 series = {CHIIR '19},
 year = {2019},
 isbn = {978-1-4503-6025-8},
 location = {Glasgow, Scotland UK},
 pages = {401--404},
 numpages = {4},
 url = {http://doi.acm.org/10.1145/3295750.3298969},
 doi = {10.1145/3295750.3298969},
 acmid = {3298969},
 publisher = {ACM},
 address = {New York, NY, USA},
 keywords = {health information, information need, motivation, search behavior, search effort, search enjoyment},
}

@inproceedings{Korn:2017:SPD:3056540.3056550,
 author = {Korn, Oliver and Tietz, Stefan},
 title = {Strategies for Playful Design when Gamifying Rehabilitation: A Study on User Experience},
 booktitle = {Proceedings of the 10th International Conference on PErvasive Technologies Related to Assistive Environments},
 series = {PETRA '17},
 year = {2017},
 isbn = {978-1-4503-5227-7},
 location = {Island of Rhodes, Greece},
 pages = {209--214},
 numpages = {6},
 url = {http://doi.acm.org/10.1145/3056540.3056550},
 doi = {10.1145/3056540.3056550},
 acmid = {3056550},
 publisher = {ACM},
 address = {New York, NY, USA},
 keywords = {Exergame, Gamification, Playful Design, Rehabilitation},
}

@inproceedings{Naderi:2014:DVE:2660114.2660122,
 author = {Naderi, Babak and Wechsung, Ina and Polzehl, Tim and M\"{o}ller, Sebastian},
 title = {Development and Validation of Extrinsic Motivation Scale for Crowdsourcing Micro-task Platforms},
 booktitle = {Proceedings of the 2014 International ACM Workshop on Crowdsourcing for Multimedia},
 series = {CrowdMM '14},
 year = {2014},
 isbn = {978-1-4503-3128-9},
 location = {Orlando, Florida, USA},
 pages = {31--36},
 numpages = {6},
 url = {http://doi.acm.org/10.1145/2660114.2660122},
 doi = {10.1145/2660114.2660122},
 acmid = {2660122},
 publisher = {ACM},
 address = {New York, NY, USA},
 keywords = {cfa, crowdsourcing, motivation, sdt},
}

@inproceedings{Dechering:2018:MEI:3235765.3235779,
 author = {Dechering, Anna and Bakkes, Sander},
 title = {Moral Engagement in Interactive Narrative Games: An Exploratory Study on Ethical Agency in the Walking Dead and Life is Strange},
 booktitle = {Proceedings of the 13th International Conference on the Foundations of Digital Games},
 series = {FDG '18},
 year = {2018},
 isbn = {978-1-4503-6571-0},
 location = {Malm\&ouml;, Sweden},
 pages = {23:1--23:10},
 articleno = {23},
 numpages = {10},
 url = {http://doi.acm.org/10.1145/3235765.3235779},
 doi = {10.1145/3235765.3235779},
 acmid = {3235779},
 publisher = {ACM},
 address = {New York, NY, USA},
}

@inproceedings{N.:2018:FIS:3277139.3277160,
 author = {N., AuYong H. and Ramendran, Charles and G., Yeoh G. and Surienty, Lilis},
 title = {Factors Influencing Safety Performance and Impacting Quality Care Among Healthcare Professionals in Malaysia},
 booktitle = {Proceedings of the 2018 International Conference on Information Management \& Management Science},
 series = {IMMS '18},
 year = {2018},
 isbn = {978-1-4503-6486-7},
 location = {Chengdu, China},
 pages = {144--148},
 numpages = {5},
 url = {http://doi.acm.org/10.1145/3277139.3277160},
 doi = {10.1145/3277139.3277160},
 acmid = {3277160},
 publisher = {ACM},
 address = {New York, NY, USA},
 keywords = {emerging market, healthcare, malaysia, quality care, safety management program, safety performance},
}

@inproceedings{Beh:2015:IIR:2838739.2838776,
 author = {Beh, Jeanie and Pedell, Sonja and Doube, Wendy},
 title = {Where is the "I" in iPad?: The Role of Interest in Older Adults' Learning of Mobile Touch Screen Technologies},
 booktitle = {Proceedings of the Annual Meeting of the Australian Special Interest Group for Computer Human Interaction},
 series = {OzCHI '15},
 year = {2015},
 isbn = {978-1-4503-3673-4},
 location = {Parkville, VIC, Australia},
 pages = {437--445},
 numpages = {9},
 url = {http://doi.acm.org/10.1145/2838739.2838776},
 doi = {10.1145/2838739.2838776},
 acmid = {2838776},
 publisher = {ACM},
 address = {New York, NY, USA},
 keywords = {Ageing, Engagement, Interest, Learning, Mobile Touch Screen Technologies, Motivation, Older adults},
}

@inproceedings{Chen:2018:SPC:3230348.3230371,
 author = {Chen, Litian and Zhang, Qing},
 title = {Study on Paths of Corporate Proactive and Reactive Green Innovation Under Multiple Institutional Pressures: Based on Fuzzy Sets Qualitative Comparative Approach},
 booktitle = {Proceedings of the 2018 International Conference on Internet and e-Business},
 series = {ICIEB '18},
 year = {2018},
 isbn = {978-1-4503-6375-4},
 location = {Singapore, Singapore},
 pages = {236--241},
 numpages = {6},
 url = {http://doi.acm.org/10.1145/3230348.3230371},
 doi = {10.1145/3230348.3230371},
 acmid = {3230371},
 publisher = {ACM},
 address = {New York, NY, USA},
 keywords = {Environmental Ethics, Institutional Pressure, Proactive Green Innovation, Reactive Green Innovation, Strategic Flexibility},
}

@inproceedings{Gegenfurtner:2010:MTR:1854360.1854418,
 author = {Gegenfurtner, Andreas and Vauras, Marja and Gruber, Hans and Festner, Dagmar},
 title = {Motivation to Transfer Revisited},
 booktitle = {Proceedings of the 9th International Conference of the Learning Sciences - Volume 1},
 series = {ICLS '10},
 year = {2010},
 location = {Chicago, Illinois},
 pages = {452--459},
 numpages = {8},
 url = {http://dl.acm.org/citation.cfm?id=1854360.1854418},
 acmid = {1854418},
 publisher = {International Society of the Learning Sciences},
}

@inproceedings{VandenBerghe:2014:EPP:2658537.2677953,
 author = {VandenBerghe, Jason},
 title = {Engines of Play: How Player Motivation Changes over Time},
 booktitle = {Proceedings of the First ACM SIGCHI Annual Symposium on Computer-human Interaction in Play},
 series = {CHI PLAY '14},
 year = {2014},
 isbn = {978-1-4503-3014-5},
 location = {Toronto, Ontario, Canada},
 pages = {476--476},
 numpages = {1},
 url = {http://doi.acm.org/10.1145/2658537.2677953},
 doi = {10.1145/2658537.2677953},
 acmid = {2677953},
 publisher = {ACM},
 address = {New York, NY, USA},
 keywords = {game design, personality, psychology},
}

@inproceedings{Putnam:2017:ECE:3130859.3131431,
 author = {Putnam, Cynthia and Lin, Amanda and Subramanian, Vansanth and Anderson, Dorian C. and Christian, Erica and Swaminathan, Bharathi and Yalla, Sai and Cotter, William and Ciccone, Danielle and Cheng, Jinghui},
 title = {Effects of Commercial Exergames on Motivation in Brian Injury Therapy},
 booktitle = {Extended Abstracts Publication of the Annual Symposium on Computer-Human Interaction in Play},
 series = {CHI PLAY '17 Extended Abstracts},
 year = {2017},
 isbn = {978-1-4503-5111-9},
 location = {Amsterdam, The Netherlands},
 pages = {47--59},
 numpages = {13},
 url = {http://doi.acm.org/10.1145/3130859.3131431},
 doi = {10.1145/3130859.3131431},
 acmid = {3131431},
 publisher = {ACM},
 address = {New York, NY, USA},
 keywords = {brain injury, commercial exergames, games, intrinsic motivation, physical rehabilitation},
}

@article{Li:2011:OSS:1989098.1989103,
 author = {Li, Yan and Tan, Chuan-Hoo and Xu, Heng and Teo, Hock-Hai},
 title = {Open Source Software Adoption: Motivations of Adopters and Amotivations of Non-adopters},
 journal = {SIGMIS Database},
 issue_date = {May 2011},
 volume = {42},
 number = {2},
 month = may,
 year = {2011},
 issn = {0095-0033},
 pages = {76--94},
 numpages = {19},
 url = {http://doi.acm.org/10.1145/1989098.1989103},
 doi = {10.1145/1989098.1989103},
 acmid = {1989103},
 publisher = {ACM},
 address = {New York, NY, USA},
 keywords = {open source software},
}

@inproceedings{Kauhondamwa:2018:CPA:3283458.3283480,
 author = {Kauhondamwa, Maria and Winschiers-Theophilus, Heike and Kapembe, Simson and Costa, Hiskia and Guxab, Jan and Kamati, Isay and Afrikaner, Helena},
 title = {Co-creating Personal Augmented Reality Accessories to Enhance Social Well-being of Urban San Youth},
 booktitle = {Proceedings of the Second African Conference for Human Computer Interaction: Thriving Communities},
 series = {AfriCHI '18},
 year = {2018},
 isbn = {978-1-4503-6558-1},
 location = {Windhoek, Namibia},
 pages = {10:1--10:10},
 articleno = {10},
 numpages = {10},
 url = {http://doi.acm.org/10.1145/3283458.3283480},
 doi = {10.1145/3283458.3283480},
 acmid = {3283480},
 publisher = {ACM},
 address = {New York, NY, USA},
 keywords = {Namibia, San, San community, augmented reality, co-design, cultural technology, inclusive innovation, self-determination, well-being, youth},
}

@inproceedings{Tolentino:2019:GPI:3306500.3306527,
 author = {Tolentino, Analyn N. and Roleda, Lydia S.},
 title = {Gamified Physics Instruction in a Reformatory Classroom Context},
 booktitle = {Proceedings of the 10th International Conference on E-Education, E-Business, E-Management and E-Learning},
 series = {IC4E '19},
 year = {2019},
 isbn = {978-1-4503-6602-1},
 location = {Tokyo, Japan},
 pages = {135--140},
 numpages = {6},
 url = {http://doi.acm.org/10.1145/3306500.3306527},
 doi = {10.1145/3306500.3306527},
 acmid = {3306527},
 publisher = {ACM},
 address = {New York, NY, USA},
 keywords = {achievement, gamification, motivation, physics},
}

