@inproceedings{Hauer:2008:LTP:1379249.1379257,
 author = {Hauer, Amie and Daniels, Mats},
 title = {A Learning Theory Perspective on Running Open Ended Group Projects (OEGPs)},
 booktitle = {Proceedings of the Tenth Conference on Australasian Computing Education - Volume 78},
 series = {ACE '08},
 year = {2008},
 isbn = {978-1-920682-59-0},
 location = {Wollongong, NSW, Australia},
 pages = {85--91},
 numpages = {7},
 url = {http://dl.acm.org/citation.cfm?id=1379249.1379257},
 acmid = {1379257},
 publisher = {Australian Computer Society, Inc.},
 address = {Darlinghurst, Australia, Australia},
 keywords = {ill-structured problem solving, open ended problems, professional skills, real-world problems, situated cognition, theories of learning},
}

@inproceedings{Dijk:2011:NTS:2069618.2069646,
 author = {Dijk, Jelle van and Roest, Jirka van der and Lugt, Remko van der and Overbeeke, Kees C.J.},
 title = {NOOT: A Tool for Sharing Moments of Reflection During Creative Meetings},
 booktitle = {Proceedings of the 8th ACM Conference on Creativity and Cognition},
 series = {C\&\#38;C '11},
 year = {2011},
 isbn = {978-1-4503-0820-5},
 location = {Atlanta, Georgia, USA},
 pages = {157--164},
 numpages = {8},
 url = {http://doi.acm.org/10.1145/2069618.2069646},
 doi = {10.1145/2069618.2069646},
 acmid = {2069646},
 publisher = {ACM},
 address = {New York, NY, USA},
 keywords = {audio, creativity, design, embodied situated cognition, interactive systems, reflection, sense-making, tangible},
}

@inproceedings{Whittemore:2011:BLP:2038476.2038539,
 author = {Whittemore, Stewart},
 title = {Browsing As a Learning Practice in the Information Management Work of Technical Communicators},
 booktitle = {Proceedings of the 29th ACM International Conference on Design of Communication},
 series = {SIGDOC '11},
 year = {2011},
 isbn = {978-1-4503-0936-3},
 location = {Pisa, Italy},
 pages = {297--298},
 numpages = {2},
 url = {http://doi.acm.org/10.1145/2038476.2038539},
 doi = {10.1145/2038476.2038539},
 acmid = {2038539},
 publisher = {ACM},
 address = {New York, NY, USA},
 keywords = {file browsing, information management, searching, technical communication},
}

@inproceedings{Whittemore:2013:BLP:2507065.2507097,
 author = {Whittemore, Stewart},
 title = {Browsing As a Learning Practice in the Information Management Work of Technical Communicators},
 booktitle = {Proceedings of the 31st ACM International Conference on Design of Communication},
 series = {SIGDOC '13},
 year = {2013},
 isbn = {978-1-4503-2131-0},
 location = {Greenville, North Carolina, USA},
 pages = {197--198},
 numpages = {2},
 url = {http://doi.acm.org/10.1145/2507065.2507097},
 doi = {10.1145/2507065.2507097},
 acmid = {2507097},
 publisher = {ACM},
 address = {New York, NY, USA},
 keywords = {file browsing, information management, searching, technical communication},
}

@inproceedings{Harman:2016:RID:3010915.3010945,
 author = {Harman, Joel and Brown, Ross and Johnson, Daniel},
 title = {The Role of Immersion During Situated Memory Recall Within Virtual Worlds},
 booktitle = {Proceedings of the 28th Australian Conference on Computer-Human Interaction},
 series = {OzCHI '16},
 year = {2016},
 isbn = {978-1-4503-4618-4},
 location = {Launceston, Tasmania, Australia},
 pages = {1--10},
 numpages = {10},
 url = {http://doi.acm.org/10.1145/3010915.3010945},
 doi = {10.1145/3010915.3010945},
 acmid = {3010945},
 publisher = {ACM},
 address = {New York, NY, USA},
 keywords = {3D virtual worlds, human-computer interaction, knowledge elicitation, situated cognition, virtual reality},
}

