@inproceedings{Veja:2017:SBV:3125433.3125457,
 author = {Veja, Cornelia and Sticht, Kendra and Schindler, Christoph and Kminek, Helge},
 title = {SMW Based VRE for Addressing Multi-Layered Data Analysis: The Use Case of Classroom Interaction Interpretation},
 booktitle = {Proceedings of the 13th International Symposium on Open Collaboration},
 series = {OpenSym '17},
 year = {2017},
 isbn = {978-1-4503-5187-4},
 location = {Galway, Ireland},
 pages = {10:1--10:12},
 articleno = {10},
 numpages = {12},
 url = {http://doi.acm.org/10.1145/3125433.3125457},
 doi = {10.1145/3125433.3125457},
 acmid = {3125457},
 publisher = {ACM},
 address = {New York, NY, USA},
 keywords = {Conversation Analysis, Dialogical Theories, Humanities, Objective Hermeneutic, Open Collaboration Research, Qualitative Data Analysis, Semantic MediaWiki, Semantic Web, Social Science, Virtual Research Environment},
}

@inproceedings{Tudevdagva:2012:SOE:2463728.2463816,
 author = {Tudevdagva, Uranchimeg and Sambuu, Uyanga},
 title = {A Structure Oriented Evaluation Model for Readiness of e-Governance},
 booktitle = {Proceedings of the 6th International Conference on Theory and Practice of Electronic Governance},
 series = {ICEGOV '12},
 year = {2012},
 isbn = {978-1-4503-1200-4},
 location = {Albany, New York, USA},
 pages = {454--455},
 numpages = {2},
 url = {http://doi.acm.org/10.1145/2463728.2463816},
 doi = {10.1145/2463728.2463816},
 acmid = {2463816},
 publisher = {ACM},
 address = {New York, NY, USA},
 keywords = {assessment method, e-governance, e-governance assessment, evaluation, evaluation model, evaluation theory, logical target structure, scoring method},
}

@inproceedings{Kuijer:2017:CRD:3064663.3064698,
 author = {Kuijer, Lenneke and Nicenboim, Iohanna and Giaccardi, Elisa},
 title = {Conceptualising Resourcefulness As a Dispersed Practice},
 booktitle = {Proceedings of the 2017 Conference on Designing Interactive Systems},
 series = {DIS '17},
 year = {2017},
 isbn = {978-1-4503-4922-2},
 location = {Edinburgh, United Kingdom},
 pages = {15--27},
 numpages = {13},
 url = {http://doi.acm.org/10.1145/3064663.3064698},
 doi = {10.1145/3064663.3064698},
 acmid = {3064698},
 publisher = {ACM},
 address = {New York, NY, USA},
 keywords = {dispersed practice, practice theory, resourcefulness, thing ethnography},
}

@inproceedings{Romein:2006:ARS:1148109.1148118,
 author = {Romein, John W. and Broekema, P. Chris and van Meijeren, Ellen and van der Schaaf, Kjeld and Zwart, Walther H.},
 title = {Astronomical Real-time Streaming Signal Processing on a Blue Gene/L Supercomputer},
 booktitle = {Proceedings of the Eighteenth Annual ACM Symposium on Parallelism in Algorithms and Architectures},
 series = {SPAA '06},
 year = {2006},
 isbn = {1-59593-452-9},
 location = {Cambridge, Massachusetts, USA},
 pages = {59--66},
 numpages = {8},
 url = {http://doi.acm.org/10.1145/1148109.1148118},
 doi = {10.1145/1148109.1148118},
 acmid = {1148118},
 publisher = {ACM},
 address = {New York, NY, USA},
 keywords = {Blue Gene/L, LOFAR, correlator, filtering},
}

@inproceedings{Marshall:2011:DCS:2043594.2043595,
 author = {Marshall, Linda},
 title = {Developing a Computer Science Curriculum in the South African Context},
 booktitle = {Computer Science Education Research Conference},
 series = {CSERC '11},
 year = {2011},
 isbn = {978 90 358 1987 0},
 location = {Heerlen, Netherlands},
 pages = {9--19},
 numpages = {11},
 url = {http://dl.acm.org/citation.cfm?id=2043594.2043595},
 acmid = {2043595},
 publisher = {Open Universiteit, Heerlen},
 address = {Open Univ., Heerlen, The Netherlands, The Netherlands},
 keywords = {education},
}

@article{Zhai:2013:MSA:2435227.2435230,
 author = {Zhai, Jiali Teddy and Nikolov, Hristo and Stefanov, Todor},
 title = {Mapping of Streaming Applications Considering Alternative Application Specifications},
 journal = {ACM Trans. Embed. Comput. Syst.},
 issue_date = {March 2013},
 volume = {12},
 number = {1s},
 month = mar,
 year = {2013},
 issn = {1539-9087},
 pages = {34:1--34:21},
 articleno = {34},
 numpages = {21},
 url = {http://doi.acm.org/10.1145/2435227.2435230},
 doi = {10.1145/2435227.2435230},
 acmid = {2435230},
 publisher = {ACM},
 address = {New York, NY, USA},
 keywords = {Streaming applications, alternative application specifications, data-level parallelism, multi-processor system-on-chip, parallel programming, polyhedral process networks},
}

@inproceedings{Borgers:2017:DPE:3049797.3049815,
 author = {Borgers, Dominicus P. and Dolk, Victor S. and Heemels, Maurice W.P.M.H.},
 title = {Dynamic Periodic Event-Triggered Control for Linear Systems},
 booktitle = {Proceedings of the 20th International Conference on Hybrid Systems: Computation and Control},
 series = {HSCC '17},
 year = {2017},
 isbn = {978-1-4503-4590-3},
 location = {Pittsburgh, Pennsylvania, USA},
 pages = {179--186},
 numpages = {8},
 url = {http://doi.acm.org/10.1145/3049797.3049815},
 doi = {10.1145/3049797.3049815},
 acmid = {3049815},
 publisher = {ACM},
 address = {New York, NY, USA},
 keywords = {Riccati differential equations, event-triggered control, global exponential stability, hybrid systems, impulsive systems, l2 stability},
}

@inproceedings{Zhai:2011:MAS:2024724.2024752,
 author = {Zhai, Jiali Teddy and Nikolov, Hristo and Stefanov, Todor},
 title = {Modeling Adaptive Streaming Applications with Parameterized Polyhedral Process Networks},
 booktitle = {Proceedings of the 48th Design Automation Conference},
 series = {DAC '11},
 year = {2011},
 isbn = {978-1-4503-0636-2},
 location = {San Diego, California},
 pages = {116--121},
 numpages = {6},
 url = {http://doi.acm.org/10.1145/2024724.2024752},
 doi = {10.1145/2024724.2024752},
 acmid = {2024752},
 publisher = {ACM},
 address = {New York, NY, USA},
 keywords = {adaptive embedded systems, model of computation, verification},
}

@inproceedings{Katoen:2016:PMC:2933575.2934574,
 author = {Katoen, Joost-Pieter},
 title = {The Probabilistic Model Checking Landscape},
 booktitle = {Proceedings of the 31st Annual ACM/IEEE Symposium on Logic in Computer Science},
 series = {LICS '16},
 year = {2016},
 isbn = {978-1-4503-4391-6},
 location = {New York, NY, USA},
 pages = {31--45},
 numpages = {15},
 url = {http://doi.acm.org/10.1145/2933575.2934574},
 doi = {10.1145/2933575.2934574},
 acmid = {2934574},
 publisher = {ACM},
 address = {New York, NY, USA},
 keywords = {Markov chains, Markov decision processes, abstraction, applications, fault trees, model checking, parameter synthesis, probabilistic logics},
}

@article{Karman:1991:BAP:122442.122447,
 author = {Karman, Jan},
 title = {Base-value in Actuarial Practice},
 journal = {SIGAPL APL Quote Quad},
 issue_date = {March 1991},
 volume = {21},
 number = {3},
 month = mar,
 year = {1991},
 issn = {0163-6006},
 pages = {12--14},
 numpages = {3},
 url = {http://doi.acm.org/10.1145/122442.122447},
 doi = {10.1145/122442.122447},
 acmid = {122447},
 publisher = {ACM},
 address = {New York, NY, USA},
}

@inproceedings{Simpson:1989:UID:74311.74322,
 author = {Simpson, M.},
 title = {Users Invoked: How Documents Help Readers Assume User Roles},
 booktitle = {Proceedings of the 7th Annual International Conference on Systems Documentation},
 series = {SIGDOC '89},
 year = {1989},
 isbn = {0-89791-337-X},
 location = {Pittsburg, Pennsylvania, USA},
 pages = {85--92},
 numpages = {8},
 url = {http://doi.acm.org/10.1145/74311.74322},
 doi = {10.1145/74311.74322},
 acmid = {74322},
 publisher = {ACM},
 address = {New York, NY, USA},
}

@inproceedings{Kontokostas:2014:TEL:2566486.2568002,
 author = {Kontokostas, Dimitris and Westphal, Patrick and Auer, S\"{o}ren and Hellmann, Sebastian and Lehmann, Jens and Cornelissen, Roland and Zaveri, Amrapali},
 title = {Test-driven Evaluation of Linked Data Quality},
 booktitle = {Proceedings of the 23rd International Conference on World Wide Web},
 series = {WWW '14},
 year = {2014},
 isbn = {978-1-4503-2744-2},
 location = {Seoul, Korea},
 pages = {747--758},
 numpages = {12},
 url = {http://doi.acm.org/10.1145/2566486.2568002},
 doi = {10.1145/2566486.2568002},
 acmid = {2568002},
 publisher = {ACM},
 address = {New York, NY, USA},
 keywords = {data quality, dbpedia, linked data},
}

@inproceedings{Kontokostas:2014:DTF:2567948.2577017,
 author = {Kontokostas, Dimitris and Westphal, Patrick and Auer, S\"{o}ren and Hellmann, Sebastian and Lehmann, Jens and Cornelissen, Roland},
 title = {Databugger: A Test-driven Framework for Debugging the Web of Data},
 booktitle = {Proceedings of the 23rd International Conference on World Wide Web},
 series = {WWW '14 Companion},
 year = {2014},
 isbn = {978-1-4503-2745-9},
 location = {Seoul, Korea},
 pages = {115--118},
 numpages = {4},
 url = {http://doi.acm.org/10.1145/2567948.2577017},
 doi = {10.1145/2567948.2577017},
 acmid = {2577017},
 publisher = {ACM},
 address = {New York, NY, USA},
 keywords = {DBpedia, data quality, linked data, web of data},
}

@inproceedings{Caleb-Solly:2014:MAE:2559636.2559681,
 author = {Caleb-Solly, Praminda and Dogramadzi, Sanja and Ellender, David and Fear, Tina and Heuvel, Herjan van den},
 title = {A Mixed-method Approach to Evoke Creative and Holistic Thinking About Robots in a Home Environment},
 booktitle = {Proceedings of the 2014 ACM/IEEE International Conference on Human-robot Interaction},
 series = {HRI '14},
 year = {2014},
 isbn = {978-1-4503-2658-2},
 location = {Bielefeld, Germany},
 pages = {374--381},
 numpages = {8},
 url = {http://doi.acm.org/10.1145/2559636.2559681},
 doi = {10.1145/2559636.2559681},
 acmid = {2559681},
 publisher = {ACM},
 address = {New York, NY, USA},
 keywords = {domestic robots, requirements elicitation},
}

