@inproceedings{Stroud:2019:UTS:3318396.3318399,
 author = {Stroud, Robert},
 title = {The Use of Technology to Support Theories of Learner Engagement},
 booktitle = {Proceedings of the 2019 8th International Conference on Educational and Information Technology},
 series = {ICEIT 2019},
 year = {2019},
 isbn = {978-1-4503-6267-2},
 location = {Cambridge, United Kingdom},
 pages = {137--140},
 numpages = {4},
 url = {http://doi.acm.org/10.1145/3318396.3318399},
 doi = {10.1145/3318396.3318399},
 acmid = {3318399},
 publisher = {ACM},
 address = {New York, NY, USA},
 keywords = {CALL, achievement goal theory, engagement, expectancy-value theory, motivation, self-determination theory, social cognitive theory, technology},
}

@inproceedings{Zingaro:2018:AGC:3159450.3159452,
 author = {Zingaro, Daniel and Craig, Michelle and Porter, Leo and Becker, Brett A. and Cao, Yingjun and Conrad, Phill and Cukierman, Diana and Hellas, Arto and Loksa, Dastyni and Thota, Neena},
 title = {Achievement Goals in CS1: Replication and Extension},
 booktitle = {Proceedings of the 49th ACM Technical Symposium on Computer Science Education},
 series = {SIGCSE '18},
 year = {2018},
 isbn = {978-1-4503-5103-4},
 location = {Baltimore, Maryland, USA},
 pages = {687--692},
 numpages = {6},
 url = {http://doi.acm.org/10.1145/3159450.3159452},
 doi = {10.1145/3159450.3159452},
 acmid = {3159452},
 publisher = {ACM},
 address = {New York, NY, USA},
 keywords = {achievement goals, cs1, interest, motivation, novice programming},
}

@inproceedings{Zingaro:2016:ISA:2839509.2844553,
 author = {Zingaro, Daniel and Porter, Leo},
 title = {Impact of Student Achievement Goals on CS1 Outcomes},
 booktitle = {Proceedings of the 47th ACM Technical Symposium on Computing Science Education},
 series = {SIGCSE '16},
 year = {2016},
 isbn = {978-1-4503-3685-7},
 location = {Memphis, Tennessee, USA},
 pages = {279--296},
 numpages = {18},
 url = {http://doi.acm.org/10.1145/2839509.2844553},
 doi = {10.1145/2839509.2844553},
 acmid = {2844553},
 publisher = {ACM},
 address = {New York, NY, USA},
 keywords = {achievement goals, cs1, outcomes, success},
}

