@inproceedings{Nulden:1998:EPA:273133.273176,
 author = {Nuld{\'e}n, Urban},
 title = {The ExCon Project: Advocating Continuous Examination},
 booktitle = {Proceedings of the Twenty-ninth SIGCSE Technical Symposium on Computer Science Education},
 series = {SIGCSE '98},
 year = {1998},
 isbn = {0-89791-994-7},
 location = {Atlanta, Georgia, USA},
 pages = {126--130},
 numpages = {5},
 url = {http://doi.acm.org/10.1145/273133.273176},
 doi = {10.1145/273133.273176},
 acmid = {273176},
 publisher = {ACM},
 address = {New York, NY, USA},
 keywords = {Newton messagepad, assessment, examination, feedback},
}

@article{Nulden:1998:EPA:274790.273176,
 author = {Nuld{\'e}n, Urban},
 title = {The ExCon Project: Advocating Continuous Examination},
 journal = {SIGCSE Bull.},
 issue_date = {Mar. 1998},
 volume = {30},
 number = {1},
 month = mar,
 year = {1998},
 issn = {0097-8418},
 pages = {126--130},
 numpages = {5},
 url = {http://doi.acm.org/10.1145/274790.273176},
 doi = {10.1145/274790.273176},
 acmid = {273176},
 publisher = {ACM},
 address = {New York, NY, USA},
 keywords = {Newton messagepad, assessment, examination, feedback},
}

@inproceedings{Pardo:2015:COE:2723576.2723625,
 author = {Pardo, Abelardo and Ellis, Robert A. and Calvo, Rafael A.},
 title = {Combining Observational and Experiential Data to Inform the Redesign of Learning Activities},
 booktitle = {Proceedings of the Fifth International Conference on Learning Analytics And Knowledge},
 series = {LAK '15},
 year = {2015},
 isbn = {978-1-4503-3417-4},
 location = {Poughkeepsie, New York},
 pages = {305--309},
 numpages = {5},
 url = {http://doi.acm.org/10.1145/2723576.2723625},
 doi = {10.1145/2723576.2723625},
 acmid = {2723625},
 publisher = {ACM},
 address = {New York, NY, USA},
 keywords = {active learning, approaches to learning, interventions, learning analytics, mixed methods analysis},
}

@inproceedings{Pardo:2017:CDS:3027385.3029441,
 author = {Pardo, Abelardo and Mart\'{\i}nez-Maldonado, Roberto and Buckingham Shum, Simon and Schulte, Jurgen and McIntyre, Simon and Ga\v{s}evi\'{c}, Dragan and Gao, Jing and Siemens, George},
 title = {Connecting Data with Student Support Actions in a Course: A Hands-on Tutorial},
 booktitle = {Proceedings of the Seventh International Learning Analytics \&\#38; Knowledge Conference},
 series = {LAK '17},
 year = {2017},
 isbn = {978-1-4503-4870-6},
 location = {Vancouver, British Columbia, Canada},
 pages = {522--523},
 numpages = {2},
 url = {http://doi.acm.org/10.1145/3027385.3029441},
 doi = {10.1145/3027385.3029441},
 acmid = {3029441},
 publisher = {ACM},
 address = {New York, NY, USA},
 keywords = {feedback, instructional design, learning analytics, predictive analytics, student support},
}

@inproceedings{Matcha:2019:ALS:3303772.3303787,
 author = {Matcha, Wannisa and Ga\v{s}evi\'{c}, Dragan and Uzir, Nora'Ayu Ahmad and Jovanovi\'{c}, Jelena and Pardo, Abelardo},
 title = {Analytics of Learning Strategies: Associations with Academic Performance and Feedback},
 booktitle = {Proceedings of the 9th International Conference on Learning Analytics \& Knowledge},
 series = {LAK19},
 year = {2019},
 isbn = {978-1-4503-6256-6},
 location = {Tempe, AZ, USA},
 pages = {461--470},
 numpages = {10},
 url = {http://doi.acm.org/10.1145/3303772.3303787},
 doi = {10.1145/3303772.3303787},
 acmid = {3303787},
 publisher = {ACM},
 address = {New York, NY, USA},
 keywords = {Data Mining, Feedback, Learning Analytics, Learning Strategies, Learning Tactics, Self-regulated Learning},
}

@article{Pears:2007:SLT:1345375.1345441,
 author = {Pears, Arnold and Seidman, Stephen and Malmi, Lauri and Mannila, Linda and Adams, Elizabeth and Bennedsen, Jens and Devlin, Marie and Paterson, James},
 title = {A Survey of Literature on the Teaching of Introductory Programming},
 journal = {SIGCSE Bull.},
 issue_date = {December 2007},
 volume = {39},
 number = {4},
 month = dec,
 year = {2007},
 issn = {0097-8418},
 pages = {204--223},
 numpages = {20},
 url = {http://doi.acm.org/10.1145/1345375.1345441},
 doi = {10.1145/1345375.1345441},
 acmid = {1345441},
 publisher = {ACM},
 address = {New York, NY, USA},
 keywords = {bibliography, computing education research, introductory programming, literature survey, teaching},
}

@inproceedings{Pears:2007:SLT:1345443.1345441,
 author = {Pears, Arnold and Seidman, Stephen and Malmi, Lauri and Mannila, Linda and Adams, Elizabeth and Bennedsen, Jens and Devlin, Marie and Paterson, James},
 title = {A Survey of Literature on the Teaching of Introductory Programming},
 booktitle = {Working Group Reports on ITiCSE on Innovation and Technology in Computer Science Education},
 series = {ITiCSE-WGR '07},
 year = {2007},
 location = {Dundee, Scotland},
 pages = {204--223},
 numpages = {20},
 url = {http://doi.acm.org/10.1145/1345443.1345441},
 doi = {10.1145/1345443.1345441},
 acmid = {1345441},
 publisher = {ACM},
 address = {New York, NY, USA},
 keywords = {bibliography, computing education research, introductory programming, literature survey, teaching},
}

@inproceedings{McCartney:2007:SSS:1268784.1268831,
 author = {McCartney, Robert and Eckerdal, Anna and Mostrom, Jan Erik and Sanders, Kate and Zander, Carol},
 title = {Successful Students' Strategies for Getting Unstuck},
 booktitle = {Proceedings of the 12th Annual SIGCSE Conference on Innovation and Technology in Computer Science Education},
 series = {ITiCSE '07},
 year = {2007},
 isbn = {978-1-59593-610-3},
 location = {Dundee, Scotland},
 pages = {156--160},
 numpages = {5},
 url = {http://doi.acm.org/10.1145/1268784.1268831},
 doi = {10.1145/1268784.1268831},
 acmid = {1268831},
 publisher = {ACM},
 address = {New York, NY, USA},
 keywords = {learning strategies, stuck places, threshold concepts},
}

@article{McCartney:2007:SSS:1269900.1268831,
 author = {McCartney, Robert and Eckerdal, Anna and Mostrom, Jan Erik and Sanders, Kate and Zander, Carol},
 title = {Successful Students' Strategies for Getting Unstuck},
 journal = {SIGCSE Bull.},
 issue_date = {September 2007},
 volume = {39},
 number = {3},
 month = jun,
 year = {2007},
 issn = {0097-8418},
 pages = {156--160},
 numpages = {5},
 url = {http://doi.acm.org/10.1145/1269900.1268831},
 doi = {10.1145/1269900.1268831},
 acmid = {1268831},
 publisher = {ACM},
 address = {New York, NY, USA},
 keywords = {learning strategies, stuck places, threshold concepts},
}

@inproceedings{Greening:1997:PER:299359.299367,
 author = {Greening, Tony},
 title = {Paradigms for Educational Research in Computer Science},
 booktitle = {Proceedings of the 2Nd Australasian Conference on Computer Science Education},
 series = {ACSE '97},
 year = {1996},
 isbn = {0-89791-958-0},
 location = {The Univ. of Melbourne, Australia},
 pages = {47--51},
 numpages = {5},
 url = {http://doi.acm.org/10.1145/299359.299367},
 doi = {10.1145/299359.299367},
 acmid = {299367},
 publisher = {ACM},
 address = {New York, NY, USA},
}

@inproceedings{Xiuqin:2019:AGE:3318396.3318434,
 author = {Xiuqin, Yang},
 title = {Achievement Gains from Educational Policy Reform: The Case of China's Education Policy},
 booktitle = {Proceedings of the 2019 8th International Conference on Educational and Information Technology},
 series = {ICEIT 2019},
 year = {2019},
 isbn = {978-1-4503-6267-2},
 location = {Cambridge, United Kingdom},
 pages = {203--208},
 numpages = {6},
 url = {http://doi.acm.org/10.1145/3318396.3318434},
 doi = {10.1145/3318396.3318434},
 acmid = {3318434},
 publisher = {ACM},
 address = {New York, NY, USA},
 keywords = {Academic achievement, Educational policy, Learning motivation, Learning strategy, Tuition policy},
}

@article{Hughes:2006:ACS:1140123.1140197,
 author = {Hughes, Janet and Peiris, D. Ramanee},
 title = {ASSISTing CS1 Students to Learn: Learning Approaches and Object-oriented Programming},
 journal = {SIGCSE Bull.},
 issue_date = {September 2006},
 volume = {38},
 number = {3},
 month = jun,
 year = {2006},
 issn = {0097-8418},
 pages = {275--279},
 numpages = {5},
 url = {http://doi.acm.org/10.1145/1140123.1140197},
 doi = {10.1145/1140123.1140197},
 acmid = {1140197},
 publisher = {ACM},
 address = {New York, NY, USA},
 keywords = {learning study approach, programming},
}

@inproceedings{Hughes:2006:ACS:1140124.1140197,
 author = {Hughes, Janet and Peiris, D. Ramanee},
 title = {ASSISTing CS1 Students to Learn: Learning Approaches and Object-oriented Programming},
 booktitle = {Proceedings of the 11th Annual SIGCSE Conference on Innovation and Technology in Computer Science Education},
 series = {ITICSE '06},
 year = {2006},
 isbn = {1-59593-055-8},
 location = {Bologna, Italy},
 pages = {275--279},
 numpages = {5},
 url = {http://doi.acm.org/10.1145/1140124.1140197},
 doi = {10.1145/1140124.1140197},
 acmid = {1140197},
 publisher = {ACM},
 address = {New York, NY, USA},
 keywords = {learning study approach, programming},
}

@inproceedings{Sheard:2013:APP:2462476.2465586,
 author = {Sheard, Judy and Simon and Carbone, Angela and D'Souza, Daryl and Hamilton, Margaret},
 title = {Assessment of Programming: Pedagogical Foundations of Exams},
 booktitle = {Proceedings of the 18th ACM Conference on Innovation and Technology in Computer Science Education},
 series = {ITiCSE '13},
 year = {2013},
 isbn = {978-1-4503-2078-8},
 location = {Canterbury, England, UK},
 pages = {141--146},
 numpages = {6},
 url = {http://doi.acm.org/10.1145/2462476.2465586},
 doi = {10.1145/2462476.2465586},
 acmid = {2465586},
 publisher = {ACM},
 address = {New York, NY, USA},
 keywords = {CS1, assessment, examination papers, programming pedagogy},
}

@article{Isomottonen:2019:SGE:3303943.3277568,
 author = {Isom\"{o}tt\"{o}nen, Ville and Daniels, Mats and Cajander, \AAsa and Pears, Arnold and Mcdermott, Roger},
 title = {Searching for Global Employability: Can Students Capitalize on Enabling Learning Environments?},
 journal = {ACM Trans. Comput. Educ.},
 issue_date = {February 2019},
 volume = {19},
 number = {2},
 month = jan,
 year = {2019},
 issn = {1946-6226},
 pages = {11:1--11:29},
 articleno = {11},
 numpages = {29},
 url = {http://doi.acm.org/10.1145/3277568},
 doi = {10.1145/3277568},
 acmid = {3277568},
 publisher = {ACM},
 address = {New York, NY, USA},
 keywords = {Project-based learning, employability, global software engineering education},
}

@inproceedings{ElliottTew:2012:TVC:2361276.2361303,
 author = {Elliott Tew, Allison and Dorn, Brian and Schneider, Oliver},
 title = {Toward a Validated Computing Attitudes Survey},
 booktitle = {Proceedings of the Ninth Annual International Conference on International Computing Education Research},
 series = {ICER '12},
 year = {2012},
 isbn = {978-1-4503-1604-0},
 location = {Auckland, New Zealand},
 pages = {135--142},
 numpages = {8},
 url = {http://doi.acm.org/10.1145/2361276.2361303},
 doi = {10.1145/2361276.2361303},
 acmid = {2361303},
 publisher = {ACM},
 address = {New York, NY, USA},
 keywords = {assessment, attitudes, surveys},
}

@inproceedings{Buchholz:2013:PRC:2532748.2532752,
 author = {Buchholz, Malte and Saeli, Mara and Schulte, Carsten},
 title = {PCK and Reflection in Computer Science Teacher Education},
 booktitle = {Proceedings of the 8th Workshop in Primary and Secondary Computing Education},
 series = {WiPSE '13},
 year = {2013},
 isbn = {978-1-4503-2455-7},
 location = {Aarhus, Denmark},
 pages = {8--16},
 numpages = {9},
 url = {http://doi.acm.org/10.1145/2532748.2532752},
 doi = {10.1145/2532748.2532752},
 acmid = {2532752},
 publisher = {ACM},
 address = {New York, NY, USA},
 keywords = {CoRe, PCK, competence model, content representation, pedagogical content knowledge, reflection, teacher education},
}

@article{Isomottonen:2016:FBA:3003827.2934697,
 author = {Isom\"{o}tt\"{o}nen, Ville and Tirronen, Ville},
 title = {Flipping and Blending\&Mdash;An Action Research Project on Improving a Functional Programming Course},
 journal = {Trans. Comput. Educ.},
 issue_date = {January 2017},
 volume = {17},
 number = {1},
 month = sep,
 year = {2016},
 issn = {1946-6226},
 pages = {1:1--1:35},
 articleno = {1},
 numpages = {35},
 url = {http://doi.acm.org/10.1145/2934697},
 doi = {10.1145/2934697},
 acmid = {2934697},
 publisher = {ACM},
 address = {New York, NY, USA},
 keywords = {Action research, blended learning, flipped classroom, functional programming, independent study},
}

@inproceedings{Pears:2007:WPT:2449323.2449353,
 author = {Pears, Arnold and East, Philip and McCartney, Robert and Ratcliffe, Mark Bartley and Stamouli, Ioanna and Berglund, Anders and Kinnunen, P\"{a}ivi and Mostr\"{o}m, Jan-Erik and Schulte, Carsten and Eckerdal, Anna and Malmi, Lauri and Murphy, Laurie and Simon, Beth and Thomas, Lynda},
 title = {What's the Problem?: Teachers' Experience of Student Learning Successes and Failures},
 booktitle = {Proceedings of the Seventh Baltic Sea Conference on Computing Education Research - Volume 88},
 series = {Koli Calling '07},
 year = {2007},
 isbn = {978-1-920682-69-9},
 location = {Koli National Park, Finland},
 pages = {207--211},
 numpages = {5},
 url = {http://dl.acm.org/citation.cfm?id=2449323.2449353},
 acmid = {2449353},
 publisher = {Australian Computer Society, Inc.},
 address = {Darlinghurst, Australia, Australia},
 keywords = {computing education, learning, student, teacher experiences},
}

@inproceedings{Simon:2006:PSF:1151869.1151894,
 author = {Simon and Fincher, Sally and Robins, Anthony and Baker, Bob and Box, Ilona and Cutts, Quintin and de Raadt, Michael and Haden, Patricia and Hamer, John and Hamilton, Margaret and Lister, Raymond and Petre, Marian and Sutton, Ken and Tolhurst, Denise and Tutty, Jodi},
 title = {Predictors of Success in a First Programming Course},
 booktitle = {Proceedings of the 8th Australasian Conference on Computing Education - Volume 52},
 series = {ACE '06},
 year = {2006},
 isbn = {1-920682-34-1},
 location = {Hobart, Australia},
 pages = {189--196},
 numpages = {8},
 url = {http://dl.acm.org/citation.cfm?id=1151869.1151894},
 acmid = {1151894},
 publisher = {Australian Computer Society, Inc.},
 address = {Darlinghurst, Australia, Australia},
 keywords = {education, programming aptitude},
}

@article{Thota:2016:LCS:2940362.2853199,
 author = {Thota, Neena and Berglund, Anders},
 title = {Learning Computer Science: Dimensions of Variation Within What Chinese Students Learn},
 journal = {Trans. Comput. Educ.},
 issue_date = {June 2016},
 volume = {16},
 number = {3},
 month = may,
 year = {2016},
 issn = {1946-6226},
 pages = {10:1--10:27},
 articleno = {10},
 numpages = {27},
 url = {http://doi.acm.org/10.1145/2853199},
 doi = {10.1145/2853199},
 acmid = {2853199},
 publisher = {ACM},
 address = {New York, NY, USA},
 keywords = {Computer science education, context, phenomenography, qualitative research, variation theory},
}

@inproceedings{Thota:2012:IPP:2483716.2483729,
 author = {Thota, Neena and Berglund, Anders and Clear, Tony},
 title = {Illustration of Paradigm Pluralism in Computing Education Research},
 booktitle = {Proceedings of the Fourteenth Australasian Computing Education Conference - Volume 123},
 series = {ACE '12},
 year = {2012},
 isbn = {978-1-921770-04-3},
 location = {Melbourne, Australia},
 pages = {103--112},
 numpages = {10},
 url = {http://dl.acm.org/citation.cfm?id=2483716.2483729},
 acmid = {2483729},
 publisher = {Australian Computer Society, Inc.},
 address = {Darlinghurst, Australia, Australia},
 keywords = {methodology, mixed methods, paradigm},
}

@inproceedings{Pardo:2015:ILS:2723576.2723611,
 author = {Pardo, Abelardo and Mirriahi, Negin and Dawson, Shane and Zhao, Yu and Zhao, An and Ga\v{s}evi\'{c}, Dragan},
 title = {Identifying Learning Strategies Associated with Active Use of Video Annotation Software},
 booktitle = {Proceedings of the Fifth International Conference on Learning Analytics And Knowledge},
 series = {LAK '15},
 year = {2015},
 isbn = {978-1-4503-3417-4},
 location = {Poughkeepsie, New York},
 pages = {255--259},
 numpages = {5},
 url = {http://doi.acm.org/10.1145/2723576.2723611},
 doi = {10.1145/2723576.2723611},
 acmid = {2723611},
 publisher = {ACM},
 address = {New York, NY, USA},
 keywords = {learning analytics, learning strategies, video annotation software},
}

@inproceedings{deRaadt:2011:MSD:2459936.2459949,
 author = {de Raadt, Michael and Simon},
 title = {My Students Don'T Learn the Way I Do},
 booktitle = {Proceedings of the Thirteenth Australasian Computing Education Conference - Volume 114},
 series = {ACE '11},
 year = {2011},
 isbn = {978-1-920682-94-1},
 location = {Perth, Australia},
 pages = {105--112},
 numpages = {8},
 url = {http://dl.acm.org/citation.cfm?id=2459936.2459949},
 acmid = {2459949},
 publisher = {Australian Computer Society, Inc.},
 address = {Darlinghurst, Australia, Australia},
 keywords = {VARK, computing education, introductory programming, learning styles},
}

@inproceedings{Cope:1998:TUT:289393.289420,
 author = {Cope, Chris and Horan, Pat},
 title = {Toward an Understanding of Teaching and Learning About Information Systems},
 booktitle = {Proceedings of the 3rd Australasian Conference on Computer Science Education},
 series = {ACSE '98},
 year = {1998},
 isbn = {1-58113-018-X},
 location = {The University of Queensland, Australia},
 pages = {188--197},
 numpages = {10},
 url = {http://doi.acm.org/10.1145/289393.289420},
 doi = {10.1145/289393.289420},
 acmid = {289420},
 publisher = {ACM},
 address = {New York, NY, USA},
}

@inproceedings{Madaio:2016:EMW:2909609.2909633,
 author = {Madaio, Michael A. and Grinter, Rebecca E. and Zegura, Ellen W.},
 title = {Experiences with MOOCs in a West-African Technology Hub},
 booktitle = {Proceedings of the Eighth International Conference on Information and Communication Technologies and Development},
 series = {ICTD '16},
 year = {2016},
 isbn = {978-1-4503-4306-0},
 location = {Ann Arbor, MI, USA},
 pages = {49:1--49:4},
 articleno = {49},
 numpages = {4},
 url = {http://doi.acm.org/10.1145/2909609.2909633},
 doi = {10.1145/2909609.2909633},
 acmid = {2909633},
 publisher = {ACM},
 address = {New York, NY, USA},
 keywords = {Africa, MOOCs, education, on-line learning, technology hubs},
}

@inproceedings{Sheard:2007:ITL:2449323.2449335,
 author = {Sheard, Judy and Carbone, Angela},
 title = {ICT Teaching and Learning in a New Educational Paradigm: Lecturers' Perceptions Versus Students' Experiences},
 booktitle = {Proceedings of the Seventh Baltic Sea Conference on Computing Education Research - Volume 88},
 series = {Koli Calling '07},
 year = {2007},
 isbn = {978-1-920682-69-9},
 location = {Koli National Park, Finland},
 pages = {109--117},
 numpages = {9},
 url = {http://dl.acm.org/citation.cfm?id=2449323.2449335},
 acmid = {2449335},
 publisher = {Australian Computer Society, Inc.},
 address = {Darlinghurst, Australia, Australia},
 keywords = {ICT teaching and learning, educational paradigm, first year experience, lecturer and student perceptions, student-centred technology-enhanced},
}

@inproceedings{Hosseini:2019:YG:3287324.3287411,
 author = {Hosseini, Hadi and Perweiler, Laurel},
 title = {Are You Game?},
 booktitle = {Proceedings of the 50th ACM Technical Symposium on Computer Science Education},
 series = {SIGCSE '19},
 year = {2019},
 isbn = {978-1-4503-5890-3},
 location = {Minneapolis, MN, USA},
 pages = {866--872},
 numpages = {7},
 url = {http://doi.acm.org/10.1145/3287324.3287411},
 doi = {10.1145/3287324.3287411},
 acmid = {3287411},
 publisher = {ACM},
 address = {New York, NY, USA},
 keywords = {game-based learning, introductory computer science, learning styles, scaffolding},
}

@inproceedings{Beheshitha:2015:PMA:2723576.2723628,
 author = {Beheshitha, Sanam Shirazi and Ga\v{s}evi\'{c}, Dragan and Hatala, Marek},
 title = {A Process Mining Approach to Linking the Study of Aptitude and Event Facets of Self-regulated Learning},
 booktitle = {Proceedings of the Fifth International Conference on Learning Analytics And Knowledge},
 series = {LAK '15},
 year = {2015},
 isbn = {978-1-4503-3417-4},
 location = {Poughkeepsie, New York},
 pages = {265--269},
 numpages = {5},
 url = {http://doi.acm.org/10.1145/2723576.2723628},
 doi = {10.1145/2723576.2723628},
 acmid = {2723628},
 publisher = {ACM},
 address = {New York, NY, USA},
 keywords = {clustering, learning patterns, process mining, self-regulated learning},
}

@inproceedings{Piki:2017:LEM:3136907.3136927,
 author = {Piki, Andriani},
 title = {Learner Engagement in Mobile Computer-supported Collaborative Learning Contexts: An Integrative Framework},
 booktitle = {Proceedings of the 16th World Conference on Mobile and Contextual Learning},
 series = {mLearn 2017},
 year = {2017},
 isbn = {978-1-4503-5255-0},
 location = {Larnaca, Cyprus},
 pages = {24:1--24:7},
 articleno = {24},
 numpages = {7},
 url = {http://doi.acm.org/10.1145/3136907.3136927},
 doi = {10.1145/3136907.3136927},
 acmid = {3136927},
 publisher = {ACM},
 address = {New York, NY, USA},
 keywords = {collaborative learning, integrative framework, learner engagement, mobile technology, theoretical exploration},
}

@inproceedings{Beheshitha:2016:RAG:2883851.2883904,
 author = {Beheshitha, Sanam Shirazi and Hatala, Marek and Ga\v{s}evi\'{c}, Dragan and Joksimovi\'{c}, Sre\'{c}ko},
 title = {The Role of Achievement Goal Orientations when Studying Effect of Learning Analytics Visualizations},
 booktitle = {Proceedings of the Sixth International Conference on Learning Analytics \& Knowledge},
 series = {LAK '16},
 year = {2016},
 isbn = {978-1-4503-4190-5},
 location = {Edinburgh, United Kingdom},
 pages = {54--63},
 numpages = {10},
 url = {http://doi.acm.org/10.1145/2883851.2883904},
 doi = {10.1145/2883851.2883904},
 acmid = {2883904},
 publisher = {ACM},
 address = {New York, NY, USA},
 keywords = {achievement goal orientation, dashboards, learning analytics, online discussions, visualizations},
}

@article{Theodoropoulos:2016:DCS:3003827.2940330,
 author = {Theodoropoulos, Anastasios and Antoniou, Angeliki and Lepouras, George},
 title = {How Do Different Cognitive Styles Affect Learning Programming? Insights from a Game-Based Approach in Greek Schools},
 journal = {Trans. Comput. Educ.},
 issue_date = {January 2017},
 volume = {17},
 number = {1},
 month = sep,
 year = {2016},
 issn = {1946-6226},
 pages = {3:1--3:25},
 articleno = {3},
 numpages = {25},
 url = {http://doi.acm.org/10.1145/2940330},
 doi = {10.1145/2940330},
 acmid = {2940330},
 publisher = {ACM},
 address = {New York, NY, USA},
 keywords = {CS education, cognitive style, digital game-based learning, hour of code, secondary education},
}

@inproceedings{Ke:2008:BLL:1599936.1600013,
 author = {Ke, Zhao and Chan, Carol K. K.},
 title = {Beliefs About Learning and Learning Strategies of Chinese English for International Business (EIB) Students in Project-based Learning Instruction},
 booktitle = {Proceedings of the 8th International Conference on International Conference for the Learning Sciences - Volume 3},
 series = {ICLS'08},
 year = {2008},
 location = {Utrecht, The Netherlands},
 pages = {163--164},
 numpages = {2},
 url = {http://dl.acm.org/citation.cfm?id=1599936.1600013},
 acmid = {1600013},
 publisher = {International Society of the Learning Sciences},
}

@inproceedings{Jivet:2018:LEP:3170358.3170421,
 author = {Jivet, Ioana and Scheffel, Maren and Specht, Marcus and Drachsler, Hendrik},
 title = {License to Evaluate: Preparing Learning Analytics Dashboards for Educational Practice},
 booktitle = {Proceedings of the 8th International Conference on Learning Analytics and Knowledge},
 series = {LAK '18},
 year = {2018},
 isbn = {978-1-4503-6400-3},
 location = {Sydney, New South Wales, Australia},
 pages = {31--40},
 numpages = {10},
 url = {http://doi.acm.org/10.1145/3170358.3170421},
 doi = {10.1145/3170358.3170421},
 acmid = {3170421},
 publisher = {ACM},
 address = {New York, NY, USA},
 keywords = {competition, evaluation, learning analytics, learning dashboards, learning science, learning theory, social comparison, systematic review},
}

