@inproceedings{Cambridge:2012:FST:2330601.2330622,
 author = {Cambridge, Darren and Perez-Lopez, Kathleen},
 title = {First Steps Towards a Social Learning Analytics for Online Communities of Practice for Educators},
 booktitle = {Proceedings of the 2Nd International Conference on Learning Analytics and Knowledge},
 series = {LAK '12},
 year = {2012},
 isbn = {978-1-4503-1111-3},
 location = {Vancouver, British Columbia, Canada},
 pages = {69--72},
 numpages = {4},
 url = {http://doi.acm.org/10.1145/2330601.2330622},
 doi = {10.1145/2330601.2330622},
 acmid = {2330622},
 publisher = {ACM},
 address = {New York, NY, USA},
 keywords = {education, learning analytics, online communities of practice, paradata, professional development, social network analysis},
}

@article{Flieger:2010:SPP:1858583.1858592,
 author = {Flieger, Joseph and Palmer, James Dean},
 title = {Supporting Pair Programming with JavaGrinder},
 journal = {J. Comput. Sci. Coll.},
 issue_date = {December 2010},
 volume = {26},
 number = {2},
 month = dec,
 year = {2010},
 issn = {1937-4771},
 pages = {63--70},
 numpages = {8},
 url = {http://dl.acm.org/citation.cfm?id=1858583.1858592},
 acmid = {1858592},
 publisher = {Consortium for Computing Sciences in Colleges},
 address = {USA},
}

