@inproceedings{Holzinger:2009:ITE:1671011.1671049,
 author = {Holzinger, Andreas and Kickmeier-Rust, Michael D. and Ebner, Martin},
 title = {Interactive Technology for Enhancing Distributed Learning: A Study on Weblogs},
 booktitle = {Proceedings of the 23rd British HCI Group Annual Conference on People and Computers: Celebrating People and Technology},
 series = {BCS-HCI '09},
 year = {2009},
 location = {Cambridge, United Kingdom},
 pages = {309--312},
 numpages = {4},
 url = {http://dl.acm.org/citation.cfm?id=1671011.1671049},
 acmid = {1671049},
 publisher = {British Computer Society},
 address = {Swinton, UK, UK},
 keywords = {distributed learning, learning performance, massed learning, web 2.0, weblogs},
}

@inproceedings{Rayon:2014:SCT:2669711.2669913,
 author = {Ray\'{o}n, Alex and Guenaga, Mariluz and N\'{u}\~{n}ez, Asier},
 title = {Supporting Competency-assessment Through a Learning Analytics Approach Using Enriched Rubrics},
 booktitle = {Proceedings of the Second International Conference on Technological Ecosystems for Enhancing Multiculturality},
 series = {TEEM '14},
 year = {2014},
 isbn = {978-1-4503-2896-8},
 location = {Salamanca, Spain},
 pages = {291--298},
 numpages = {8},
 url = {http://doi.acm.org/10.1145/2669711.2669913},
 doi = {10.1145/2669711.2669913},
 acmid = {2669913},
 publisher = {ACM},
 address = {New York, NY, USA},
 keywords = {data integration, information retrieval, large-scale interoperability, learning analytics, learning dashboard},
}

@inproceedings{Ragab:2014:CAC:2643604.2643631,
 author = {Ragab, Abdul Hamid M. and Noaman, Amin Y. and Al-Ghamdi, Abdullah S. and Madbouly, Ayman I.},
 title = {A Comparative Analysis of Classification Algorithms for Students College Enrollment Approval Using Data Mining},
 booktitle = {Proceedings of the 2014 Workshop on Interaction Design in Educational Environments},
 series = {IDEE '14},
 year = {2014},
 isbn = {978-1-4503-3034-3},
 location = {Albacete, Spain},
 pages = {106:106--106:113},
 articleno = {106},
 numpages = {8},
 url = {http://doi.acm.org/10.1145/2643604.2643631},
 doi = {10.1145/2643604.2643631},
 acmid = {2643631},
 publisher = {ACM},
 address = {New York, NY, USA},
 keywords = {Classification, College admission and enrollment, Data Mining, Machine Learning, WEKA},
}

@inproceedings{Page:2013:MFA:2445196.2445274,
 author = {Page, Rex and Gamboa, Ruben},
 title = {A More Formal Approach to "Computer Science: Principles"},
 booktitle = {Proceeding of the 44th ACM Technical Symposium on Computer Science Education},
 series = {SIGCSE '13},
 year = {2013},
 isbn = {978-1-4503-1868-6},
 location = {Denver, Colorado, USA},
 pages = {257--262},
 numpages = {6},
 url = {http://doi.acm.org/10.1145/2445196.2445274},
 doi = {10.1145/2445196.2445274},
 acmid = {2445274},
 publisher = {ACM},
 address = {New York, NY, USA},
 keywords = {first year, formal computation, service course},
}

@inproceedings{AlZoubi:2015:HMT:2808006.2808030,
 author = {AlZoubi, Omar and Fossati, Davide and Di Eugenio, Barbara and Green, Nick and Alizadeh, Mehrdad and Harsley, Rachel},
 title = {A Hybrid Model for Teaching Recursion},
 booktitle = {Proceedings of the 16th Annual Conference on Information Technology Education},
 series = {SIGITE '15},
 year = {2015},
 isbn = {978-1-4503-3835-6},
 location = {Chicago, Illinois, USA},
 pages = {65--70},
 numpages = {6},
 url = {http://doi.acm.org/10.1145/2808006.2808030},
 doi = {10.1145/2808006.2808030},
 acmid = {2808030},
 publisher = {ACM},
 address = {New York, NY, USA},
 keywords = {intelligent tutoring systems, mental models, recursion},
}

@inproceedings{Richards:2012:SUU:2157136.2157306,
 author = {Richards, Mike and Petre, Marian and Bandara, Arosha K.},
 title = {Starting with Ubicomp: Using the Senseboard to Introduce Computing},
 booktitle = {Proceedings of the 43rd ACM Technical Symposium on Computer Science Education},
 series = {SIGCSE '12},
 year = {2012},
 isbn = {978-1-4503-1098-7},
 location = {Raleigh, North Carolina, USA},
 pages = {583--588},
 numpages = {6},
 url = {http://doi.acm.org/10.1145/2157136.2157306},
 doi = {10.1145/2157136.2157306},
 acmid = {2157306},
 publisher = {ACM},
 address = {New York, NY, USA},
 keywords = {computer science education, distance education, programming, sense, senseboard, ubiquitous computing},
}

@inproceedings{Luna:2005:LSI:1066677.1067069,
 author = {Luna, Ronaldo and Lawrence, William T. and Sullivan, John M. and Hall, Richard and Hilgers, Michael G. and Buechler, Matt},
 title = {Learning System to Introduce GIS to Civil Engineers},
 booktitle = {Proceedings of the 2005 ACM Symposium on Applied Computing},
 series = {SAC '05},
 year = {2005},
 isbn = {1-58113-964-0},
 location = {Santa Fe, New Mexico},
 pages = {1737--1738},
 numpages = {2},
 url = {http://doi.acm.org/10.1145/1066677.1067069},
 doi = {10.1145/1066677.1067069},
 acmid = {1067069},
 publisher = {ACM},
 address = {New York, NY, USA},
 keywords = {GIS, civil engineering, e-Learning, usability, web engineering, web usability and accessibility, webbased},
}

@inproceedings{Conde:2016:TIW:3012430.3012637,
 author = {Conde, Miguel \'{A}. and Sarasa-Cabezuelo, Antonio and Sierra, Jos{\'e}-Luis},
 title = {7th International Workshop on Software Engineering for e-Learning (ISELEAR'16)},
 booktitle = {Proceedings of the Fourth International Conference on Technological Ecosystems for Enhancing Multiculturality},
 series = {TEEM '16},
 year = {2016},
 isbn = {978-1-4503-4747-1},
 location = {Salamanca, Spain},
 pages = {993--996},
 numpages = {4},
 url = {http://doi.acm.org/10.1145/3012430.3012637},
 doi = {10.1145/3012430.3012637},
 acmid = {3012637},
 publisher = {ACM},
 address = {New York, NY, USA},
 keywords = {e-learning engineering, educational technology, software engineering},
}

@article{Bonsignore:2013:SSL:2491500.2491506,
 author = {Bonsignore, Elizabeth and Quinn, Alexander J. and Druin, Allison and Bederson, Benjamin B.},
 title = {Sharing Stories \&Ldquo;in the Wild\&Rdquo;: A Mobile Storytelling Case Study Using StoryKit},
 journal = {ACM Trans. Comput.-Hum. Interact.},
 issue_date = {July 2013},
 volume = {20},
 number = {3},
 month = jul,
 year = {2013},
 issn = {1073-0516},
 pages = {18:1--18:38},
 articleno = {18},
 numpages = {38},
 url = {http://doi.acm.org/10.1145/2491500.2491506},
 doi = {10.1145/2491500.2491506},
 acmid = {2491506},
 publisher = {ACM},
 address = {New York, NY, USA},
 keywords = {Mobile devices, authoring, children, creativity, mobile storytelling, participatory design, social apps},
}

@inproceedings{Bauer:2007:SNA:1240624.1240773,
 author = {Bauer, Aaron and Koedinger, Kenneth R.},
 title = {Selection-based Note-taking Applications},
 booktitle = {Proceedings of the SIGCHI Conference on Human Factors in Computing Systems},
 series = {CHI '07},
 year = {2007},
 isbn = {978-1-59593-593-9},
 location = {San Jose, California, USA},
 pages = {981--990},
 numpages = {10},
 url = {http://doi.acm.org/10.1145/1240624.1240773},
 doi = {10.1145/1240624.1240773},
 acmid = {1240773},
 publisher = {ACM},
 address = {New York, NY, USA},
 keywords = {annotation, copy-paste, education, note-taking},
}

@inproceedings{Sullivan:2013:DIC:2445196.2445222,
 author = {Sullivan, David G.},
 title = {A Data-centric Introduction to Computer Science for Non-majors},
 booktitle = {Proceeding of the 44th ACM Technical Symposium on Computer Science Education},
 series = {SIGCSE '13},
 year = {2013},
 isbn = {978-1-4503-1868-6},
 location = {Denver, Colorado, USA},
 pages = {71--76},
 numpages = {6},
 url = {http://doi.acm.org/10.1145/2445196.2445222},
 doi = {10.1145/2445196.2445222},
 acmid = {2445222},
 publisher = {ACM},
 address = {New York, NY, USA},
 keywords = {computer science education, curriculum, data mining, data visualization, non-majors, programming, relational databases},
}

@inproceedings{DesPortes:2016:LCP:2960310.2960349,
 author = {DesPortes, Kayla},
 title = {Learning and Collaboration in Physical Computing},
 booktitle = {Proceedings of the 2016 ACM Conference on International Computing Education Research},
 series = {ICER '16},
 year = {2016},
 isbn = {978-1-4503-4449-4},
 location = {Melbourne, VIC, Australia},
 pages = {283--284},
 numpages = {2},
 url = {http://doi.acm.org/10.1145/2960310.2960349},
 doi = {10.1145/2960310.2960349},
 acmid = {2960349},
 publisher = {ACM},
 address = {New York, NY, USA},
 keywords = {cognitive load theory, distributed cognition, physical computing},
}

@inproceedings{Verbert:2005:OLC:1062745.1062908,
 author = {Verbert, Katrien and Ga\v{s}evi\'{c}, Dragan and Jovanovi\'{c}, Jelena and Duval, Erik},
 title = {Ontology-based Learning Content Repurposing},
 booktitle = {Special Interest Tracks and Posters of the 14th International Conference on World Wide Web},
 series = {WWW '05},
 year = {2005},
 isbn = {1-59593-051-5},
 location = {Chiba, Japan},
 pages = {1140--1141},
 numpages = {2},
 url = {http://doi.acm.org/10.1145/1062745.1062908},
 doi = {10.1145/1062745.1062908},
 acmid = {1062908},
 publisher = {ACM},
 address = {New York, NY, USA},
 keywords = {content models, learning objects, metadata, ontologies, repurposing},
}

@inproceedings{Schmalz:2008:IWM:1414558.1414567,
 author = {Schmalz, Mark S. and Conway, Lynn},
 title = {It/Cs Workshop: Multimodal, Multimedia Courseware for Teaching Technical Concepts in Humanistic Context},
 booktitle = {Proceedings of the 9th ACM SIGITE Conference on Information Technology Education},
 series = {SIGITE '08},
 year = {2008},
 isbn = {978-1-60558-329-7},
 location = {Cincinnati, OH, USA},
 pages = {23--30},
 numpages = {8},
 url = {http://doi.acm.org/10.1145/1414558.1414567},
 doi = {10.1145/1414558.1414567},
 acmid = {1414567},
 publisher = {ACM},
 address = {New York, NY, USA},
 keywords = {courseware, distributed learning, performance measurement},
}

@article{Stockman:2005:ULO:1869667.1869668,
 author = {Stockman, Mark and Wulf, Tom},
 title = {Using Learning Objects to Enhance the Systems Administration Lab},
 journal = {SIGITE Newsl.},
 issue_date = {Spring 2004},
 volume = {2},
 number = {1},
 month = apr,
 year = {2005},
 issn = {2166-1685},
 pages = {1:1--1:4},
 articleno = {1},
 numpages = {4},
 url = {http://doi.acm.org/10.1145/1869667.1869668},
 doi = {10.1145/1869667.1869668},
 acmid = {1869668},
 publisher = {ACM},
 address = {New York, NY, USA},
 keywords = {curriculum, digital media, laboratory, learning objects, networking, systems administration},
}

@inproceedings{Koppi:2010:CIW:1862219.1862235,
 author = {Koppi, Tony and Edwards, Sylvia L. and Sheard, Judy and Naghdy, Fazel and Brookes, Wayne},
 title = {The Case for ICT Work-integrated Learning from Graduates in the Workplace},
 booktitle = {Proceedings of the Twelfth Australasian Conference on Computing Education - Volume 103},
 series = {ACE '10},
 year = {2010},
 isbn = {978-1-920682-84-2},
 location = {Brisbane, Australia},
 pages = {107--116},
 numpages = {10},
 url = {http://dl.acm.org/citation.cfm?id=1862219.1862235},
 acmid = {1862235},
 publisher = {Australian Computer Society, Inc.},
 address = {Darlinghurst, Australia, Australia},
 keywords = {ICT curriculum, ICT graduates, professional work requirements, university courses, work-integrated learning},
}

@inproceedings{Olivares:2015:ELA:2787622.2787746,
 author = {Olivares, Daniel},
 title = {Exploring Learning Analytics for Computing Education},
 booktitle = {Proceedings of the Eleventh Annual International Conference on International Computing Education Research},
 series = {ICER '15},
 year = {2015},
 isbn = {978-1-4503-3630-7},
 location = {Omaha, Nebraska, USA},
 pages = {271--272},
 numpages = {2},
 url = {http://doi.acm.org/10.1145/2787622.2787746},
 doi = {10.1145/2787622.2787746},
 acmid = {2787746},
 publisher = {ACM},
 address = {New York, NY, USA},
 keywords = {computing education, learning analytics, learning dashboard, social learning theory, social programming},
}

@inproceedings{Lewthwaite:2016:EPC:2899475.2899490,
 author = {Lewthwaite, Sarah and Sloan, David},
 title = {Exploring Pedagogical Culture for Accessibility Education in Computing Science},
 booktitle = {Proceedings of the 13th Web for All Conference},
 series = {W4A '16},
 year = {2016},
 isbn = {978-1-4503-4138-7},
 location = {Montreal, Canada},
 pages = {3:1--3:4},
 articleno = {3},
 numpages = {4},
 url = {http://doi.acm.org/10.1145/2899475.2899490},
 doi = {10.1145/2899475.2899490},
 acmid = {2899490},
 publisher = {ACM},
 address = {New York, NY, USA},
 keywords = {disabled people, education, guidelines, pedagogy, social inclusion, teaching and learning, user experience, web accessibility},
}

@article{Kaltenbach:2001:CBV:381234.381243,
 author = {Kaltenbach, Marc and Guo, Rubiao},
 title = {A Curriculum Based Visual Interface for Course Authoring and Learning},
 journal = {SIGCUE Outlook},
 issue_date = {March 2001},
 volume = {27},
 number = {2},
 month = mar,
 year = {2001},
 issn = {0163-5735},
 pages = {37--45},
 numpages = {9},
 url = {http://doi.acm.org/10.1145/381234.381243},
 doi = {10.1145/381234.381243},
 acmid = {381243},
 publisher = {ACM},
 address = {New York, NY, USA},
 keywords = {capability transition network, creating alternative courses, curriculum based Intelligent Tutoring Systems, visual navigation in learning processes, visualizing the learning process},
}

@inproceedings{Wang:2005:BRI:1107622.1107642,
 author = {Wang, Andy Ju An and Yetsko, Ken},
 title = {Building Reusable Information Security Courseware},
 booktitle = {Proceedings of the 2Nd Annual Conference on Information Security Curriculum Development},
 series = {InfoSecCD '05},
 year = {2005},
 isbn = {1-59593-261-5},
 location = {Kennesaw, Georgia},
 pages = {88--94},
 numpages = {7},
 url = {http://doi.acm.org/10.1145/1107622.1107642},
 doi = {10.1145/1107622.1107642},
 acmid = {1107642},
 publisher = {ACM},
 address = {New York, NY, USA},
 keywords = {active learning, courseware design, information security, interactive learning},
}

@inproceedings{Anderson:2014:UDD:2538862.2538936,
 author = {Anderson, Paul and Bowring, James and McCauley, Ren{\'e}e and Pothering, George and Starr, Christopher},
 title = {An Undergraduate Degree in Data Science: Curriculum and a Decade of Implementation Experience},
 booktitle = {Proceedings of the 45th ACM Technical Symposium on Computer Science Education},
 series = {SIGCSE '14},
 year = {2014},
 isbn = {978-1-4503-2605-6},
 location = {Atlanta, Georgia, USA},
 pages = {145--150},
 numpages = {6},
 url = {http://doi.acm.org/10.1145/2538862.2538936},
 doi = {10.1145/2538862.2538936},
 acmid = {2538936},
 publisher = {ACM},
 address = {New York, NY, USA},
 keywords = {analytics, big data, cognate, contextualization, curriculum, data mining, data science, informatics, interdisciplinary, machine learning},
}

@inproceedings{Carter:2010:IWG:1971681.1971685,
 author = {Carter, Janet and White, Su and Fraser, Karen and Kurkovsky, Stanislav and McCreesh, Colette and Wieck, Malcolm},
 title = {ITiCSE 2010 Working Group Report Motivating Our Top Students},
 booktitle = {Proceedings of the 2010 ITiCSE Working Group Reports},
 series = {ITiCSE-WGR '10},
 year = {2010},
 isbn = {978-1-4503-0677-5},
 location = {Ankara, Turkey},
 pages = {29--47},
 numpages = {19},
 url = {http://doi.acm.org/10.1145/1971681.1971685},
 doi = {10.1145/1971681.1971685},
 acmid = {1971685},
 publisher = {ACM},
 address = {New York, NY, USA},
 keywords = {differentiation in the classroom, learning programming, motivation},
}

@techreport{Austing:2002:GAP:2593245,
 author = {Austing, Richard and Campbell, Robert D. and Cover, C. Fay and Hawthorne, Elizabeth K. and Klee, Karl J.},
 title = {Guidelines for Associate-degree Programs in Computer Science},
 year = {2002},
 isbn = {1-58113-559-9},
 note = {100020},
 publisher = {ACM},
 address = {New York, NY, USA},
}

@inproceedings{Campbell:2003:CPA:961511.961578,
 author = {Campbell, Robert D. and Hawthorne, Elizabeth K. and Klee, Karl J.},
 title = {Curricular Projects of the ACM Two-year College Education Committee},
 booktitle = {Proceedings of the 8th Annual Conference on Innovation and Technology in Computer Science Education},
 series = {ITiCSE '03},
 year = {2003},
 isbn = {1-58113-672-2},
 location = {Thessaloniki, Greece},
 pages = {222--222},
 numpages = {1},
 url = {http://doi.acm.org/10.1145/961511.961578},
 doi = {10.1145/961511.961578},
 acmid = {961578},
 publisher = {ACM},
 address = {New York, NY, USA},
 keywords = {curriculum guidelines},
}

@article{Campbell:2003:CPA:961290.961578,
 author = {Campbell, Robert D. and Hawthorne, Elizabeth K. and Klee, Karl J.},
 title = {Curricular Projects of the ACM Two-year College Education Committee},
 journal = {SIGCSE Bull.},
 issue_date = {September 2003},
 volume = {35},
 number = {3},
 month = jun,
 year = {2003},
 issn = {0097-8418},
 pages = {222--222},
 numpages = {1},
 url = {http://doi.acm.org/10.1145/961290.961578},
 doi = {10.1145/961290.961578},
 acmid = {961578},
 publisher = {ACM},
 address = {New York, NY, USA},
 keywords = {curriculum guidelines},
}

@techreport{Gorgone:2002:MCG:2593309,
 author = {Gorgone, John T. and Davis, Gordon B. and Valacich, Joseph S. and Topi, Heikki and Feinstein, David L. and Longenecker,Jr., Herbert E.},
 title = {Model Curriculum and Guidelines for Undergraduate Degree Programs in Information Systems},
 year = {2002},
 publisher = {ACM},
 address = {New York, NY, USA},
}

@inproceedings{Cramer:2016:CMC:2930674.2930692,
 author = {Cramer, Emily S. and Antle, Alissa N. and Fan, Min},
 title = {The Code of Many Colours: Evaluating the Effects of a Dynamic Colour-Coding Scheme on Children's Spelling in a Tangible Software System},
 booktitle = {Proceedings of the The 15th International Conference on Interaction Design and Children},
 series = {IDC '16},
 year = {2016},
 isbn = {978-1-4503-4313-8},
 location = {Manchester, United Kingdom},
 pages = {473--485},
 numpages = {13},
 url = {http://doi.acm.org/10.1145/2930674.2930692},
 doi = {10.1145/2930674.2930692},
 acmid = {2930692},
 publisher = {ACM},
 address = {New York, NY, USA},
 keywords = {Tangibles, children, design, dyslexia, evaluation, spelling},
}

@article{Cooper:2010:ECS:1709424.1709457,
 author = {Cooper, Stephen and Nickell, Christine and Piotrowski, Victor and Oldfield, Brenda and Abdallah, Ali and Bishop, Matt and Caelli, Bill and Dark, Melissa and Hawthorne, E. K. and Hoffman, Lance and P{\'e}rez, Lance C. and Pfleeger, Charles and Raines, Richard and Schou, Corey and Brynielsson, Joel},
 title = {An Exploration of the Current State of Information Assurance Education},
 journal = {SIGCSE Bull.},
 issue_date = {December 2009},
 volume = {41},
 number = {4},
 month = jan,
 year = {2010},
 issn = {0097-8418},
 pages = {109--125},
 numpages = {17},
 url = {http://doi.acm.org/10.1145/1709424.1709457},
 doi = {10.1145/1709424.1709457},
 acmid = {1709457},
 publisher = {ACM},
 address = {New York, NY, USA},
 keywords = {IA, education, guidelines, information assurance, standards},
}

@book{Not a Valid ID2534860,
 author = {Joint Task Force on Computing Curricula, Association for Computing Machinery (ACM) and IEEE Computer Society},
 title = {Computer Science Curricula 2013: Curriculum Guidelines for Undergraduate Degree Programs in Computer Science},
 year = {2013},
 isbn = {978-1-4503-2309-3},
 note = {999133},
 publisher = {ACM},
 address = {New York, NY, USA},
}

@techreport{Topi:2010:CGU:2593310,
 author = {Topi, Heikki and Kaiser, Kate M. and Sipior, Janice C. and Valacich, Joseph S. and Nunamaker,Jr., J. F. and de Vreede, G. J. and Wright, Ryan},
 title = {Curriculum Guidelines for Undergraduate Degree Programs in Information Systems},
 year = {2010},
 publisher = {ACM},
 address = {New York, NY, USA},
}

@inproceedings{Rutstein:2019:DIM:3287324.3287424,
 author = {Rutstein, Daisy W. and Xu, Yuning and McElhaney, Kevin and Bienkowski, Marie},
 title = {Developing Implementation Measures for K-12 Computer Science Curriculum Materials},
 booktitle = {Proceedings of the 50th ACM Technical Symposium on Computer Science Education},
 series = {SIGCSE '19},
 year = {2019},
 isbn = {978-1-4503-5890-3},
 location = {Minneapolis, MN, USA},
 pages = {321--327},
 numpages = {7},
 url = {http://doi.acm.org/10.1145/3287324.3287424},
 doi = {10.1145/3287324.3287424},
 acmid = {3287424},
 publisher = {ACM},
 address = {New York, NY, USA},
 keywords = {computational thinking, curriculum implementation, measurement},
}

@inproceedings{Magness:2009:IMT:1631728.1631767,
 author = {Magness, Jacqueline B. and Roslewicz, Elizabeth A.},
 title = {An Innovative Myers-briggs Type Indicator Educational Experience Used in an Information Technology Capstone Course},
 booktitle = {Proceedings of the 10th ACM Conference on SIG-information Technology Education},
 series = {SIGITE '09},
 year = {2009},
 isbn = {978-1-60558-765-3},
 location = {Fairfax, Virginia, USA},
 pages = {144--149},
 numpages = {6},
 url = {http://doi.acm.org/10.1145/1631728.1631767},
 doi = {10.1145/1631728.1631767},
 acmid = {1631767},
 publisher = {ACM},
 address = {New York, NY, USA},
 keywords = {it capstone, myers-briggs type indicator},
}

@inproceedings{Burge:2010:AAT:1734263.1734414,
 author = {Burge, Legand L. and Leach, Ronald J.},
 title = {An Advanced Assessment Tool and Process},
 booktitle = {Proceedings of the 41st ACM Technical Symposium on Computer Science Education},
 series = {SIGCSE '10},
 year = {2010},
 isbn = {978-1-4503-0006-3},
 location = {Milwaukee, Wisconsin, USA},
 pages = {451--454},
 numpages = {4},
 url = {http://doi.acm.org/10.1145/1734263.1734414},
 doi = {10.1145/1734263.1734414},
 acmid = {1734414},
 publisher = {ACM},
 address = {New York, NY, USA},
 keywords = {abet, assessment},
}

@inproceedings{Ghosh:2018:SLE:3176349.3176386,
 author = {Ghosh, Souvick and Rath, Manasa and Shah, Chirag},
 title = {Searching As Learning: Exploring Search Behavior and Learning Outcomes in Learning-related Tasks},
 booktitle = {Proceedings of the 2018 Conference on Human Information Interaction \& Retrieval},
 series = {CHIIR '18},
 year = {2018},
 isbn = {978-1-4503-4925-3},
 location = {New Brunswick, NJ, USA},
 pages = {22--31},
 numpages = {10},
 url = {http://doi.acm.org/10.1145/3176349.3176386},
 doi = {10.1145/3176349.3176386},
 acmid = {3176386},
 publisher = {ACM},
 address = {New York, NY, USA},
 keywords = {bloom's taxonomy, human information behavior, learning outcomes, learning theories, searching as learning},
}

@article{Flieger:2010:SPP:1858583.1858592,
 author = {Flieger, Joseph and Palmer, James Dean},
 title = {Supporting Pair Programming with JavaGrinder},
 journal = {J. Comput. Sci. Coll.},
 issue_date = {December 2010},
 volume = {26},
 number = {2},
 month = dec,
 year = {2010},
 issn = {1937-4771},
 pages = {63--70},
 numpages = {8},
 url = {http://dl.acm.org/citation.cfm?id=1858583.1858592},
 acmid = {1858592},
 publisher = {Consortium for Computing Sciences in Colleges},
 address = {USA},
}

@inproceedings{Clabaugh:1989:LCC:73760.73785,
 author = {Clabaugh, S. and Rush, B. and Fajman, J.},
 title = {Linking the Colleges and the Computer Science Center or Puzzle Pieces Fit Together},
 booktitle = {Proceedings of the 17th Annual ACM SIGUCCS Conference on User Services},
 series = {SIGUCCS '89},
 year = {1989},
 isbn = {0-89791-330-2},
 location = {Bethesda, Maryland, USA},
 pages = {151--156},
 numpages = {6},
 url = {http://doi.acm.org/10.1145/73760.73785},
 doi = {10.1145/73760.73785},
 acmid = {73785},
 publisher = {ACM},
 address = {New York, NY, USA},
}

@inproceedings{Dawson:2017:PIE:3027385.3027405,
 author = {Dawson, Shane and Jovanovic, Jelena and Ga\v{s}evi\'{c}, Dragan and Pardo, Abelardo},
 title = {From Prediction to Impact: Evaluation of a Learning Analytics Retention Program},
 booktitle = {Proceedings of the Seventh International Learning Analytics \&\#38; Knowledge Conference},
 series = {LAK '17},
 year = {2017},
 isbn = {978-1-4503-4870-6},
 location = {Vancouver, British Columbia, Canada},
 pages = {474--478},
 numpages = {5},
 url = {http://doi.acm.org/10.1145/3027385.3027405},
 doi = {10.1145/3027385.3027405},
 acmid = {3027405},
 publisher = {ACM},
 address = {New York, NY, USA},
 keywords = {early alert systems, learning analytics, mixed-effects model, predictive models, student retention},
}

@inproceedings{Winkler:2009:WOI:1551788.1551836,
 author = {Winkler, Thomas and Ide, Martina and Wolters, Christian and Herczeg, Michael},
 title = {WeWrite: 'On-the-fly' Interactive Writing on Electronic Textiles with Mobile Phones},
 booktitle = {Proceedings of the 8th International Conference on Interaction Design and Children},
 series = {IDC '09},
 year = {2009},
 isbn = {978-1-60558-395-2},
 location = {Como, Italy},
 pages = {226--229},
 numpages = {4},
 url = {http://doi.acm.org/10.1145/1551788.1551836},
 doi = {10.1145/1551788.1551836},
 acmid = {1551836},
 publisher = {ACM},
 address = {New York, NY, USA},
 keywords = {e-textiles, iterative design, learning, mobile phones, programmable environments, user centered design, wearable computing},
}

@inproceedings{Grover:2014:RMC:2538862.2538934,
 author = {Grover, Shuchi and Pea, Roy and Cooper, Stephen},
 title = {Remedying Misperceptions of Computer Science Among Middle School Students},
 booktitle = {Proceedings of the 45th ACM Technical Symposium on Computer Science Education},
 series = {SIGCSE '14},
 year = {2014},
 isbn = {978-1-4503-2605-6},
 location = {Atlanta, Georgia, USA},
 pages = {343--348},
 numpages = {6},
 url = {http://doi.acm.org/10.1145/2538862.2538934},
 doi = {10.1145/2538862.2538934},
 acmid = {2538934},
 publisher = {ACM},
 address = {New York, NY, USA},
 keywords = {K-12 curriculum development, computer science education, definition of computer science, identity, middle school, perceptions of computing},
}

@inproceedings{Neve:2012:NIL:2457523.2457566,
 author = {Neve, Paul and Hunter, Gordon and Livingston, David and Orwell, James},
 title = {NoobLab: An Intelligent Learning Environment for Teaching Programming},
 booktitle = {Proceedings of the The 2012 IEEE/WIC/ACM International Joint Conferences on Web Intelligence and Intelligent Agent Technology - Volume 03},
 series = {WI-IAT '12},
 year = {2012},
 isbn = {978-0-7695-4880-7},
 pages = {357--361},
 numpages = {5},
 url = {https://doi.org/10.1109/WI-IAT.2012.218},
 doi = {10.1109/WI-IAT.2012.218},
 acmid = {2457566},
 publisher = {IEEE Computer Society},
 address = {Washington, DC, USA},
 keywords = {computer programming, pedagogy, e-learning, virtual laboratories, educational analytics},
}

@inproceedings{Hammond:1995:PPE:217279.215309,
 author = {Hammond, Nick and McKendree, Jean and Reader, Will and Trapp, Annie},
 title = {The PsyCLE Project: Educational Multimedia for Conceptual Understanding},
 booktitle = {Proceedings of the Third ACM International Conference on Multimedia},
 series = {MULTIMEDIA '95},
 year = {1995},
 isbn = {0-89791-751-0},
 location = {San Francisco, California, USA},
 pages = {447--456},
 numpages = {10},
 url = {http://doi.acm.org/10.1145/217279.215309},
 doi = {10.1145/217279.215309},
 acmid = {215309},
 publisher = {ACM},
 address = {New York, NY, USA},
 keywords = {consortium project, learning principles, multimedia education, psychology},
}

@inproceedings{Fernandez-Medina:2013:ACP:2462476.2462496,
 author = {Fernandez-Medina, Carlos and P{\'e}rez-P{\'e}rez, Juan Ram\'{o}n and \'{A}lvarez-Garc\'{\i}a, V\'{\i}ctor M. and Paule-Ruiz, M. del Puerto},
 title = {Assistance in Computer Programming Learning Using Educational Data Mining and Learning Analytics},
 booktitle = {Proceedings of the 18th ACM Conference on Innovation and Technology in Computer Science Education},
 series = {ITiCSE '13},
 year = {2013},
 isbn = {978-1-4503-2078-8},
 location = {Canterbury, England, UK},
 pages = {237--242},
 numpages = {6},
 url = {http://doi.acm.org/10.1145/2462476.2462496},
 doi = {10.1145/2462476.2462496},
 acmid = {2462496},
 publisher = {ACM},
 address = {New York, NY, USA},
 keywords = {e-learning, eclipse plug-ins, integrated development environment, learning analytics, programming errors, programming language},
}

@inproceedings{Stevens:2008:UCD:1599936.1600033,
 author = {Stevens, Shawn Y. and Krajcik, Joseph S. and Shin, Namsoo and Pellegrino, James W. and Geier, Susan and Swarat, Su and Light, Gregory and Park, Eun Jung and Delgado, C{\'e}sar and Drane, Denise and Song, Minyoung and Quintana, Chris and Shipley, Emily and Silva, Brenda Lopez and Daly, Shanna and Wischow, Emily and Moher, Tom and Pellegrino, James W. and Cahill, Clara and Szeto, Alan K. and Unterman, Nathan A. and Lauhon, Lincoln J. and Park, Eun Jung and Hagedorn, Eric A.},
 title = {Using Construct-centered Design to Align Curriculum, Instruction, and Assessment Development in Emerging Science},
 booktitle = {Proceedings of the 8th International Conference on International Conference for the Learning Sciences - Volume 3},
 series = {ICLS'08},
 year = {2008},
 location = {Utrecht, The Netherlands},
 pages = {314--321},
 numpages = {8},
 url = {http://dl.acm.org/citation.cfm?id=1599936.1600033},
 acmid = {1600033},
 publisher = {International Society of the Learning Sciences},
}

@article{Goel:2006:IMI:1243481.1243483,
 author = {Goel, Sanjay and Pon, Damira and Bloniarz, Peter and Bangert-Drowns, Robert and Berg, George and Delio, Vince and Iwan, Laura and Hurbanek, Thomas and Schuman, Sandoor P. and Gangolly, Jagdish and Baykal, Adnan and Hobbs, Jon},
 title = {Innovative Model for Information Assurance Curriculum: A Teaching Hospital},
 journal = {J. Educ. Resour. Comput.},
 issue_date = {September 2006},
 volume = {6},
 number = {3},
 month = sep,
 year = {2006},
 issn = {1531-4278},
 articleno = {2},
 url = {http://doi.acm.org/10.1145/1243481.1243483},
 doi = {10.1145/1243481.1243483},
 acmid = {1243483},
 publisher = {ACM},
 address = {New York, NY, USA},
 keywords = {Education, case-based learning, cases, constructivism, information assurance, information security education, learning, problem-based learning, teaching hospital},
}

@inproceedings{Barria-Pineda:2018:FOL:3209219.3209242,
 author = {Barria-Pineda, Jordan and Guerra-Hollstein, Julio and Brusilovsky, Peter},
 title = {A Fine-Grained Open Learner Model for an Introductory Programming Course},
 booktitle = {Proceedings of the 26th Conference on User Modeling, Adaptation and Personalization},
 series = {UMAP '18},
 year = {2018},
 isbn = {978-1-4503-5589-6},
 location = {Singapore, Singapore},
 pages = {53--61},
 numpages = {9},
 url = {http://doi.acm.org/10.1145/3209219.3209242},
 doi = {10.1145/3209219.3209242},
 acmid = {3209242},
 publisher = {ACM},
 address = {New York, NY, USA},
 keywords = {computer science education, information visualization, open learner models, self-regulated learning},
}

@inproceedings{Cambridge:2012:FST:2330601.2330622,
 author = {Cambridge, Darren and Perez-Lopez, Kathleen},
 title = {First Steps Towards a Social Learning Analytics for Online Communities of Practice for Educators},
 booktitle = {Proceedings of the 2Nd International Conference on Learning Analytics and Knowledge},
 series = {LAK '12},
 year = {2012},
 isbn = {978-1-4503-1111-3},
 location = {Vancouver, British Columbia, Canada},
 pages = {69--72},
 numpages = {4},
 url = {http://doi.acm.org/10.1145/2330601.2330622},
 doi = {10.1145/2330601.2330622},
 acmid = {2330622},
 publisher = {ACM},
 address = {New York, NY, USA},
 keywords = {education, learning analytics, online communities of practice, paradata, professional development, social network analysis},
}

@inproceedings{Healion:2017:TPM:3027385.3029474,
 author = {Healion, Donal and Russell, Sam and Cukurova, Mutlu and Spikol, Daniel},
 title = {Tracing Physical Movement During Practice-based Learning Through Multimodal Learning Analytics},
 booktitle = {Proceedings of the Seventh International Learning Analytics \&\#38; Knowledge Conference},
 series = {LAK '17},
 year = {2017},
 isbn = {978-1-4503-4870-6},
 location = {Vancouver, British Columbia, Canada},
 pages = {588--589},
 numpages = {2},
 url = {http://doi.acm.org/10.1145/3027385.3029474},
 doi = {10.1145/3027385.3029474},
 acmid = {3029474},
 publisher = {ACM},
 address = {New York, NY, USA},
 keywords = {collaborative learning environment, collaborative problem solving, learning analytics, movement, practice-based learning},
}

@article{Lambropoulos:2010:HES:1858579.1858580,
 author = {Lambropoulos, Niki and Culwin, Fintan and Romero, Margarida},
 title = {HCI Education to Support Collaborative e-Learning Systems Design},
 journal = {eLearn},
 issue_date = {September 2010},
 volume = {2010},
 number = {9},
 month = sep,
 year = {2010},
 issn = {1535-394X},
 articleno = {1},
 url = {http://doi.acm.org/10.1145/1858579.1858580},
 doi = {10.1145/1858579.1858580},
 acmid = {1858580},
 publisher = {ACM},
 address = {New York, NY, USA},
}

@inproceedings{Burg:2013:CSB:2445196.2445391,
 author = {Burg, Jennifer and Romney, Jason and Schwartz, Eric},
 title = {Computer Science "Big Ideas" Play Well in Digital Sound and Music},
 booktitle = {Proceeding of the 44th ACM Technical Symposium on Computer Science Education},
 series = {SIGCSE '13},
 year = {2013},
 isbn = {978-1-4503-1868-6},
 location = {Denver, Colorado, USA},
 pages = {663--668},
 numpages = {6},
 url = {http://doi.acm.org/10.1145/2445196.2445391},
 doi = {10.1145/2445196.2445391},
 acmid = {2445391},
 publisher = {ACM},
 address = {New York, NY, USA},
 keywords = {digital media, digital sound and music},
}

@inproceedings{Mao:2006:OCM:1194670.1194719,
 author = {Mao, Ming and Peng, Yefei and He, Daqing},
 title = {Ontology-Based Content Management and Access Framework for Supporting E-Learning Systems},
 booktitle = {Proceedings of the 2006 IEEE/WIC/ACM International Conference on Web Intelligence and Intelligent Agent Technology},
 series = {WI-IATW '06},
 year = {2006},
 isbn = {0-7695-2749-3},
 pages = {220--226},
 numpages = {7},
 url = {http://dx.doi.org/10.1109/WI-IATW.2006.100},
 doi = {10.1109/WI-IATW.2006.100},
 acmid = {1194719},
 publisher = {IEEE Computer Society},
 address = {Washington, DC, USA},
}

@article{Russell:1995:MAA:201977.201989,
 author = {Russell, Stuart and Norvig, Peter},
 title = {A Modern, Agent-oriented Approach to Introductory Artificial Intelligence},
 journal = {SIGART Bull.},
 issue_date = {April 1995},
 volume = {6},
 number = {2},
 month = apr,
 year = {1995},
 issn = {0163-5719},
 pages = {24--26},
 numpages = {3},
 url = {http://doi.acm.org/10.1145/201977.201989},
 doi = {10.1145/201977.201989},
 acmid = {201989},
 publisher = {ACM},
 address = {New York, NY, USA},
}

@article{Sondak:1989:NNA:65294.71221,
 author = {Sondak, N. E. and Sondak, V. K.},
 title = {Neural Networks and Artificial Intelligence},
 journal = {SIGCSE Bull.},
 issue_date = {Feb. 1989},
 volume = {21},
 number = {1},
 month = feb,
 year = {1989},
 issn = {0097-8418},
 pages = {241--245},
 numpages = {5},
 url = {http://doi.acm.org/10.1145/65294.71221},
 doi = {10.1145/65294.71221},
 acmid = {71221},
 publisher = {ACM},
 address = {New York, NY, USA},
}

@inproceedings{Sondak:1989:NNA:65293.71221,
 author = {Sondak, N. E. and Sondak, V. K.},
 title = {Neural Networks and Artificial Intelligence},
 booktitle = {Proceedings of the Twentieth SIGCSE Technical Symposium on Computer Science Education},
 series = {SIGCSE '89},
 year = {1989},
 isbn = {0-89791-298-5},
 location = {Louisville, Kentucky, USA},
 pages = {241--245},
 numpages = {5},
 url = {http://doi.acm.org/10.1145/65293.71221},
 doi = {10.1145/65293.71221},
 acmid = {71221},
 publisher = {ACM},
 address = {New York, NY, USA},
}

@inproceedings{Santos:2008:RIL:1487207.1487304,
 author = {Santos, Olga C.},
 title = {Recommending in Inclusive Lifelong Learning Scenarios: Identifying and Managing Runtime Situations},
 booktitle = {Proceedings of the 2008 IEEE/WIC/ACM International Conference on Web Intelligence and Intelligent Agent Technology - Volume 03},
 series = {WI-IAT '08},
 year = {2008},
 isbn = {978-0-7695-3496-1},
 pages = {651--654},
 numpages = {4},
 url = {https://doi.org/10.1109/WIIAT.2008.251},
 doi = {10.1109/WIIAT.2008.251},
 acmid = {1487304},
 publisher = {IEEE Computer Society},
 address = {Washington, DC, USA},
 keywords = {recommending systems, lifelong learning, learning efficiency, kiviat figures},
}

@inproceedings{Gutierrez:2018:ASD:3183377.3183396,
 author = {Gutierrez, Francisco J. and Simmonds, Jocelyn and Hitschfeld, Nancy and Casanova, Cecilia and Sotomayor, Cecilia and Pe\~{n}a-Araya, Vanessa},
 title = {Assessing Software Development Skills Among K-6 Learners in a Project-based Workshop with Scratch},
 booktitle = {Proceedings of the 40th International Conference on Software Engineering: Software Engineering Education and Training},
 series = {ICSE-SEET '18},
 year = {2018},
 isbn = {978-1-4503-5660-2},
 location = {Gothenburg, Sweden},
 pages = {98--107},
 numpages = {10},
 url = {http://doi.acm.org/10.1145/3183377.3183396},
 doi = {10.1145/3183377.3183396},
 acmid = {3183396},
 publisher = {ACM},
 address = {New York, NY, USA},
 keywords = {K-6 learners, case study, rubric, scratch, software development, software engineering education},
}

@inproceedings{Catete:2017:ADM:3059009.3059042,
 author = {Catet{\'e}, Veronica and Barnes, Tiffany},
 title = {Application of the Delphi Method in Computer Science Principles Rubric Creation},
 booktitle = {Proceedings of the 2017 ACM Conference on Innovation and Technology in Computer Science Education},
 series = {ITiCSE '17},
 year = {2017},
 isbn = {978-1-4503-4704-4},
 location = {Bologna, Italy},
 pages = {164--169},
 numpages = {6},
 url = {http://doi.acm.org/10.1145/3059009.3059042},
 doi = {10.1145/3059009.3059042},
 acmid = {3059042},
 publisher = {ACM},
 address = {New York, NY, USA},
 keywords = {ap cs principles, bjc, delphi method, evaluation, rubrics},
}

@article{Seaton:2014:MOO:2580723.2500876,
 author = {Seaton, Daniel T. and Bergner, Yoav and Chuang, Isaac and Mitros, Piotr and Pritchard, David E.},
 title = {Who Does What in a Massive Open Online Course?},
 journal = {Commun. ACM},
 issue_date = {April 2014},
 volume = {57},
 number = {4},
 month = apr,
 year = {2014},
 issn = {0001-0782},
 pages = {58--65},
 numpages = {8},
 url = {http://doi.acm.org/10.1145/2500876},
 doi = {10.1145/2500876},
 acmid = {2500876},
 publisher = {ACM},
 address = {New York, NY, USA},
}

@article{TheJointTaskForceonComputingCurricula:2001:CC:384274.384275,
 editor = {The Joint Task Force on Computing Curricula, CORPORATE},
 title = {Computing Curricula 2001},
 journal = {J. Educ. Resour. Comput.},
 issue_date = {Fall 2001},
 volume = {1},
 number = {3es},
 month = sep,
 year = {2001},
 issn = {1531-4278},
 articleno = {1},
 url = {http://doi.acm.org/10.1145/384274.384275},
 doi = {10.1145/384274.384275},
 acmid = {384275},
 publisher = {ACM},
 address = {New York, NY, USA},
}

@article{Baker:2009:LTR:1578012.1578013,
 author = {Baker, Ken A.},
 title = {Learning Theory and the Re-education of Older Software Engineers},
 journal = {SIGITERes. IT},
 issue_date = {July 2009},
 volume = {6},
 number = {2},
 month = jul,
 year = {2009},
 issn = {1944-0278},
 pages = {2--10},
 numpages = {9},
 url = {http://doi.acm.org/10.1145/1578012.1578013},
 doi = {10.1145/1578012.1578013},
 acmid = {1578013},
 publisher = {ACM},
 address = {New York, NY, USA},
 keywords = {behaviorist, cognitive, cognitive load theory, learning theory, memory and motivation, paradigm shift, social learning},
}

@inproceedings{Korn:2016:CAS:2910674.2910675,
 author = {Korn, Oliver and Tso, Leslie and Papagrigoriou, Christos and Sowoidnich, Yannic and Konrad, Robert and Schmidt, Albrecht},
 title = {Computerized Assessment of the Skills of Impaired and Elderly Workers: A Tool Survey and Comparative Study},
 booktitle = {Proceedings of the 9th ACM International Conference on PErvasive Technologies Related to Assistive Environments},
 series = {PETRA '16},
 year = {2016},
 isbn = {978-1-4503-4337-4},
 location = {Corfu, Island, Greece},
 pages = {50:1--50:8},
 articleno = {50},
 numpages = {8},
 url = {http://doi.acm.org/10.1145/2910674.2910675},
 doi = {10.1145/2910674.2910675},
 acmid = {2910675},
 publisher = {ACM},
 address = {New York, NY, USA},
 keywords = {Assessment, assistive technology, computer-assisted instruction, gamification},
}

@inproceedings{Rodriguez-Vizzuett:2015:TDF:2829875.2829878,
 author = {Rodr\'{\i}guez-Vizzuett, Liliana and P{\'e}rez-Medina, Jorge Luis and Mu\~{n}oz-Arteaga, Jaime and Guerrero-Garc\'{\i}a, Josefina and \'{A}lvarez-Rodr\'{\i}guez, Francisco J.},
 title = {Towards the Definition of a Framework for the Management of Interactive Collaborative Learning Applications for Preschoolers},
 booktitle = {Proceedings of the XVI International Conference on Human Computer Interaction},
 series = {Interacci\&\#243;n '15},
 year = {2015},
 isbn = {978-1-4503-3463-1},
 location = {Vilanova i la Geltru, Spain},
 pages = {11:1--11:8},
 articleno = {11},
 numpages = {8},
 url = {http://doi.acm.org/10.1145/2829875.2829878},
 doi = {10.1145/2829875.2829878},
 acmid = {2829878},
 publisher = {ACM},
 address = {New York, NY, USA},
 keywords = {Augmented Reality, Collaborative Application, Collaborative Learning, Framework},
}

@inproceedings{Cobos:2017:EMA:3144826.3145396,
 author = {Cobos, Ruth and Palla, V\'{\i}ctor Mac\'{\i}as},
 title = {edX-MAS: Model Analyzer System},
 booktitle = {Proceedings of the 5th International Conference on Technological Ecosystems for Enhancing Multiculturality},
 series = {TEEM 2017},
 year = {2017},
 isbn = {978-1-4503-5386-1},
 location = {C\&aacute;diz, Spain},
 pages = {46:1--46:7},
 articleno = {46},
 numpages = {7},
 url = {http://doi.acm.org/10.1145/3144826.3145396},
 doi = {10.1145/3144826.3145396},
 acmid = {3145396},
 publisher = {ACM},
 address = {New York, NY, USA},
 keywords = {Data Science, Learning Analytics, MOOC, data analysis, machine learning, predictive model},
}

@article{Shafto:1986:PLM:953055.5635,
 author = {Shafto, Sylvia A.},
 title = {Programming for Learning in Mathematics and Science},
 journal = {SIGCSE Bull.},
 issue_date = {February 1986},
 volume = {18},
 number = {1},
 month = feb,
 year = {1986},
 issn = {0097-8418},
 pages = {296--302},
 numpages = {7},
 url = {http://doi.acm.org/10.1145/953055.5635},
 doi = {10.1145/953055.5635},
 acmid = {5635},
 publisher = {ACM},
 address = {New York, NY, USA},
}

@inproceedings{Shafto:1986:PLM:5600.5635,
 author = {Shafto, Sylvia A.},
 title = {Programming for Learning in Mathematics and Science},
 booktitle = {Proceedings of the Seventeenth SIGCSE Technical Symposium on Computer Science Education},
 series = {SIGCSE '86},
 year = {1986},
 isbn = {0-89791-178-4},
 location = {Cincinnati, Ohio, USA},
 pages = {296--302},
 numpages = {7},
 url = {http://doi.acm.org/10.1145/5600.5635},
 doi = {10.1145/5600.5635},
 acmid = {5635},
 publisher = {ACM},
 address = {New York, NY, USA},
}

@inproceedings{Roschelle:2009:HCT:1600053.1600112,
 author = {Roschelle, Jeremy and Rafanan, Ken and Estrella, Gucci and Nussbaum, Miguel and Claro, Susana},
 title = {From Handheld Collaborative Tool to Effective Classroom Module: Embedding CSCL in a Broader Design Framework},
 booktitle = {Proceedings of the 9th International Conference on Computer Supported Collaborative Learning - Volume 1},
 series = {CSCL'09},
 year = {2009},
 isbn = {978-1-4092-8598-4},
 location = {Rhodes, Greece},
 pages = {395--403},
 numpages = {9},
 url = {http://dl.acm.org/citation.cfm?id=1600053.1600112},
 acmid = {1600112},
 publisher = {International Society of the Learning Sciences},
}

@inproceedings{Graf:2011:ATA:2090116.2090145,
 author = {Graf, Sabine and Ives, Cindy and Rahman, Nazim and Ferri, Arnold},
 title = {AAT: A Tool for Accessing and Analysing Students' Behaviour Data in Learning Systems},
 booktitle = {Proceedings of the 1st International Conference on Learning Analytics and Knowledge},
 series = {LAK '11},
 year = {2011},
 isbn = {978-1-4503-0944-8},
 location = {Banff, Alberta, Canada},
 pages = {174--179},
 numpages = {6},
 url = {http://doi.acm.org/10.1145/2090116.2090145},
 doi = {10.1145/2090116.2090145},
 acmid = {2090145},
 publisher = {ACM},
 address = {New York, NY, USA},
 keywords = {academic analytics, data extraction and analysis, learning systems},
}

@article{Cassel:2007:COA:1345375.1345439,
 author = {Cassel, Lillian N. and Davies, Gordon and Fone, William and Hacquebard, Anneke and Impagliazzo, John and LeBlanc, Richard and Little, Joyce Currie and McGettrick, Andrew and Pedrona, Michela},
 title = {The Computing Ontology: Application in Education},
 journal = {SIGCSE Bull.},
 issue_date = {December 2007},
 volume = {39},
 number = {4},
 month = dec,
 year = {2007},
 issn = {0097-8418},
 pages = {171--183},
 numpages = {13},
 url = {http://doi.acm.org/10.1145/1345375.1345439},
 doi = {10.1145/1345375.1345439},
 acmid = {1345439},
 publisher = {ACM},
 address = {New York, NY, USA},
 keywords = {computing classification, computing ontology, history, social issues, visualization},
}

@inproceedings{Cassel:2007:COA:1345443.1345439,
 author = {Cassel, Lillian N. and Davies, Gordon and Fone, William and Hacquebard, Anneke and Impagliazzo, John and LeBlanc, Richard and Little, Joyce Currie and McGettrick, Andrew and Pedrona, Michela},
 title = {The Computing Ontology: Application in Education},
 booktitle = {Working Group Reports on ITiCSE on Innovation and Technology in Computer Science Education},
 series = {ITiCSE-WGR '07},
 year = {2007},
 location = {Dundee, Scotland},
 pages = {171--183},
 numpages = {13},
 url = {http://doi.acm.org/10.1145/1345443.1345439},
 doi = {10.1145/1345443.1345439},
 acmid = {1345439},
 publisher = {ACM},
 address = {New York, NY, USA},
 keywords = {computing classification, computing ontology, history, social issues, visualization},
}

@inproceedings{VanBlankenstein:2008:IVE:1599871.1599924,
 author = {Van Blankenstein, Floris M. and Dolmans, Diana H. J. M. and Van Der Vleuten, Cees P. M. and Schmidt, Henk G.},
 title = {The Influence of Verbal Elaboration on Subsequent Learning: An Experimental Study in a PBL-setting},
 booktitle = {Proceedings of the 8th International Conference on International Conference for the Learning Sciences - Volume 2},
 series = {ICLS'08},
 year = {2008},
 location = {Utrecht, The Netherlands},
 pages = {423--429},
 numpages = {7},
 url = {http://dl.acm.org/citation.cfm?id=1599871.1599924},
 acmid = {1599924},
 publisher = {International Society of the Learning Sciences},
}

@inproceedings{Bell:2016:LTP:2930674.2930705,
 author = {Bell, Adam and Davis, Katie},
 title = {Learning Through Participatory Design: Designing Digital Badges for and with Teens},
 booktitle = {Proceedings of the The 15th International Conference on Interaction Design and Children},
 series = {IDC '16},
 year = {2016},
 isbn = {978-1-4503-4313-8},
 location = {Manchester, United Kingdom},
 pages = {218--229},
 numpages = {12},
 url = {http://doi.acm.org/10.1145/2930674.2930705},
 doi = {10.1145/2930674.2930705},
 acmid = {2930705},
 publisher = {ACM},
 address = {New York, NY, USA},
 keywords = {Adolescents, Digital Badges, Learning Outcomes, Participatory Design, Science Education, Teens},
}

@inproceedings{Dawson:2000:TDT:337180.337204,
 author = {Dawson, Ray},
 title = {Twenty Dirty Tricks to Train Software Engineers},
 booktitle = {Proceedings of the 22Nd International Conference on Software Engineering},
 series = {ICSE '00},
 year = {2000},
 isbn = {1-58113-206-9},
 location = {Limerick, Ireland},
 pages = {209--218},
 numpages = {10},
 url = {http://doi.acm.org/10.1145/337180.337204},
 doi = {10.1145/337180.337204},
 acmid = {337204},
 publisher = {ACM},
 address = {New York, NY, USA},
 keywords = {education, project, teamwork, training, work experience},
}

@inproceedings{Weiderman:1985:AIM:325612.325629,
 author = {Weiderman, Nelson H. and Johnson, Catherine W.},
 title = {An Animated Instructional Model for Ada Tasking},
 booktitle = {Proceedings of the Second Annual Washington Ada Symposium on Ada: Ada in the Mainstream: Applications and Education},
 series = {WADAS '85},
 year = {1985},
 location = {Washington, D. C., USA},
 pages = {105--111},
 numpages = {7},
 url = {http://doi.acm.org/10.1145/325612.325629},
 doi = {10.1145/325612.325629},
 acmid = {325629},
 publisher = {ACM},
 address = {New York, NY, USA},
}

@inproceedings{Dietze:2017:AIE:3041021.3054160,
 author = {Dietze, Stefan and Taibi, Davide and Yu, Ran and Barker, Phil and d'Aquin, Mathieu},
 title = {Analysing and Improving Embedded Markup of Learning Resources on the Web},
 booktitle = {Proceedings of the 26th International Conference on World Wide Web Companion},
 series = {WWW '17 Companion},
 year = {2017},
 isbn = {978-1-4503-4914-7},
 location = {Perth, Australia},
 pages = {283--292},
 numpages = {10},
 url = {https://doi.org/10.1145/3041021.3054160},
 doi = {10.1145/3041021.3054160},
 acmid = {3054160},
 publisher = {International World Wide Web Conferences Steering Committee},
 address = {Republic and Canton of Geneva, Switzerland},
 keywords = {learning resources, lrmi, schema.org, web markup},
}

@inproceedings{Kovanovic:2017:DME:3027385.3027398,
 author = {Kovanovi\'{c}, Vitomir and Joksimovi\'{c}, Sre\'{c}ko and Katerinopoulos, Philip and Michail, Charalampos and Siemens, George and Ga\v{s}evi\'{c}, Dragan},
 title = {Developing a MOOC Experimentation Platform: Insights from a User Study},
 booktitle = {Proceedings of the Seventh International Learning Analytics \&\#38; Knowledge Conference},
 series = {LAK '17},
 year = {2017},
 isbn = {978-1-4503-4870-6},
 location = {Vancouver, British Columbia, Canada},
 pages = {1--5},
 numpages = {5},
 url = {http://doi.acm.org/10.1145/3027385.3027398},
 doi = {10.1145/3027385.3027398},
 acmid = {3027398},
 publisher = {ACM},
 address = {New York, NY, USA},
 keywords = {A/B testing, Coursera, MOOCs, analysis platform, controlled experiments, technology acceptance model, user study},
}

@article{Greitzer:2007:CSI:1281320.1281322,
 author = {Greitzer, Frank L. and Kuchar, Olga Anna and Huston, Kristy},
 title = {Cognitive Science Implications for Enhancing Training Effectiveness in a Serious Gaming Context},
 journal = {J. Educ. Resour. Comput.},
 issue_date = {November 2007},
 volume = {7},
 number = {3},
 month = nov,
 year = {2007},
 issn = {1531-4278},
 articleno = {2},
 url = {http://doi.acm.org/10.1145/1281320.1281322},
 doi = {10.1145/1281320.1281322},
 acmid = {1281322},
 publisher = {ACM},
 address = {New York, NY, USA},
 keywords = {Serious gaming, cognitive principles, computer-based training, cyber security education, training effectiveness},
}

@inproceedings{Tscholl:2008:CKC:1599871.1599922,
 author = {Tscholl, Michael and Dowell, John},
 title = {Characterising Knowledge Construction Through a Process Analysis of Dialogues},
 booktitle = {Proceedings of the 8th International Conference on International Conference for the Learning Sciences - Volume 2},
 series = {ICLS'08},
 year = {2008},
 location = {Utrecht, The Netherlands},
 pages = {407--414},
 numpages = {8},
 url = {http://dl.acm.org/citation.cfm?id=1599871.1599922},
 acmid = {1599922},
 publisher = {International Society of the Learning Sciences},
}

@inproceedings{Bruce:2006:ALO:1185448.1185577,
 author = {Bruce, Rebecca and Reiser, Susan},
 title = {Aligning Learning Objectives with Service-learning Outcomes in a Mobile Computing Application},
 booktitle = {Proceedings of the 44th Annual Southeast Regional Conference},
 series = {ACM-SE 44},
 year = {2006},
 isbn = {1-59593-315-8},
 location = {Melbourne, Florida},
 pages = {590--595},
 numpages = {6},
 url = {http://doi.acm.org/10.1145/1185448.1185577},
 doi = {10.1145/1185448.1185577},
 acmid = {1185577},
 publisher = {ACM},
 address = {New York, NY, USA},
 keywords = {guided tour, location-aware computing, mobile computing, project-based coursework, service learning},
}

@inproceedings{Nykanen:2014:PCS:2676467.2676470,
 author = {Nyk\"{a}nen, Ossi A.},
 title = {Productification for Collaborative Semantic Modeling},
 booktitle = {Proceedings of the 18th International Academic MindTrek Conference: Media Business, Management, Content \& Services},
 series = {AcademicMindTrek '14},
 year = {2014},
 isbn = {978-1-4503-3006-0},
 location = {Tampere, Finland},
 pages = {78--84},
 numpages = {7},
 url = {http://doi.acm.org/10.1145/2676467.2676470},
 doi = {10.1145/2676467.2676470},
 acmid = {2676470},
 publisher = {ACM},
 address = {New York, NY, USA},
 keywords = {curriculum design, productification, semantic modeling, structured documents},
}

@inproceedings{Chou:2002:RLC:588646.588652,
 author = {Chou, Elaine},
 title = {Redesigning a Large and Complex Website: How to Begin, and a Method for Success},
 booktitle = {Proceedings of the 30th Annual ACM SIGUCCS Conference on User Services},
 series = {SIGUCCS '02},
 year = {2002},
 isbn = {1-58113-564-5},
 location = {Providence, Rhode Island, USA},
 pages = {22--28},
 numpages = {7},
 url = {http://doi.acm.org/10.1145/588646.588652},
 doi = {10.1145/588646.588652},
 acmid = {588652},
 publisher = {ACM},
 address = {New York, NY, USA},
 keywords = {accessibility, automation, communications, consistency, efficiency, information architecture, internet, just-in-time, learning, needs assessment, support, task analysis, training, usability, web services, web site},
}

