@inproceedings{Schulte:2008:BME:1404520.1404535,
 author = {Schulte, Carsten},
 title = {Block Model: An Educational Model of Program Comprehension As a Tool for a Scholarly Approach to Teaching},
 booktitle = {Proceedings of the Fourth International Workshop on Computing Education Research},
 series = {ICER '08},
 year = {2008},
 isbn = {978-1-60558-216-0},
 location = {Sydney, Australia},
 pages = {149--160},
 numpages = {12},
 url = {http://doi.acm.org/10.1145/1404520.1404535},
 doi = {10.1145/1404520.1404535},
 acmid = {1404535},
 publisher = {ACM},
 address = {New York, NY, USA},
 keywords = {CS, CS ed research, educational model, pedagogy, program comprehension, teaching algorithms, teaching teacher students},
}

@inproceedings{Budde:2017:TBT:3137065.3137077,
 author = {Budde, Lea and Heinemann, Birte and Schulte, Carsten},
 title = {A Theory Based Tool Set for Analysing Reading Processes in the Context of Learning Programming},
 booktitle = {Proceedings of the 12th Workshop on Primary and Secondary Computing Education},
 series = {WiPSCE '17},
 year = {2017},
 isbn = {978-1-4503-5428-8},
 location = {Nijmegen, Netherlands},
 pages = {83--86},
 numpages = {4},
 url = {http://doi.acm.org/10.1145/3137065.3137077},
 doi = {10.1145/3137065.3137077},
 acmid = {3137077},
 publisher = {ACM},
 address = {New York, NY, USA},
 keywords = {Block Model, Block Sequence Viewer, Cognitive Load, Eye Tracking, Learning Programming},
}

@inproceedings{Bednarik:2018:EME:3279720.3279722,
 author = {Bednarik, Roman and Schulte, Carsten and Budde, Lea and Heinemann, Birte and Vrzakova, Hana},
 title = {Eye-movement Modeling Examples in Source Code Comprehension: A Classroom Study},
 booktitle = {Proceedings of the 18th Koli Calling International Conference on Computing Education Research},
 series = {Koli Calling '18},
 year = {2018},
 isbn = {978-1-4503-6535-2},
 location = {Koli, Finland},
 pages = {2:1--2:8},
 articleno = {2},
 numpages = {8},
 url = {http://doi.acm.org/10.1145/3279720.3279722},
 doi = {10.1145/3279720.3279722},
 acmid = {3279722},
 publisher = {ACM},
 address = {New York, NY, USA},
 keywords = {classroom, eye-tracking, gaze guidance, source code},
}

@inproceedings{Donaldson:2018:FLA:3265757.3265776,
 author = {Donaldson, Peter and Cutts, Quintin},
 title = {Flexible Low-cost Activities to Develop Novice Code Comprehension Skills in Schools},
 booktitle = {Proceedings of the 13th Workshop in Primary and Secondary Computing Education},
 series = {WiPSCE '18},
 year = {2018},
 isbn = {978-1-4503-6588-8},
 location = {Potsdam, Germany},
 pages = {19:1--19:4},
 articleno = {19},
 numpages = {4},
 url = {http://doi.acm.org/10.1145/3265757.3265776},
 doi = {10.1145/3265757.3265776},
 acmid = {3265776},
 publisher = {ACM},
 address = {New York, NY, USA},
 keywords = {block model, formative assessment, notional machine, program comprehension},
}

