@inproceedings{Hayashi:2013:PCA:2468356.2468472,
 author = {Hayashi, Yugo},
 title = {Pedagogical Conversational Agents for Supporting Collaborative Learning: Effects of Communication Channels},
 booktitle = {CHI '13 Extended Abstracts on Human Factors in Computing Systems},
 series = {CHI EA '13},
 year = {2013},
 isbn = {978-1-4503-1952-2},
 location = {Paris, France},
 pages = {655--660},
 numpages = {6},
 url = {http://doi.acm.org/10.1145/2468356.2468472},
 doi = {10.1145/2468356.2468472},
 acmid = {2468472},
 publisher = {ACM},
 address = {New York, NY, USA},
 keywords = {affective learning, collaboration, explanation activities, pedagogical agents},
}

@inproceedings{Budde:2017:TBT:3137065.3137077,
 author = {Budde, Lea and Heinemann, Birte and Schulte, Carsten},
 title = {A Theory Based Tool Set for Analysing Reading Processes in the Context of Learning Programming},
 booktitle = {Proceedings of the 12th Workshop on Primary and Secondary Computing Education},
 series = {WiPSCE '17},
 year = {2017},
 isbn = {978-1-4503-5428-8},
 location = {Nijmegen, Netherlands},
 pages = {83--86},
 numpages = {4},
 url = {http://doi.acm.org/10.1145/3137065.3137077},
 doi = {10.1145/3137065.3137077},
 acmid = {3137077},
 publisher = {ACM},
 address = {New York, NY, USA},
 keywords = {Block Model, Block Sequence Viewer, Cognitive Load, Eye Tracking, Learning Programming},
}

@inproceedings{Chiu:2017:ASS:3027385.3027439,
 author = {Chiu, Ming Ming and Chow, Bonnie Wing-Yin and Joh, Sung Wook},
 title = {How to Assign Students into Sections to Raise Learning},
 booktitle = {Proceedings of the Seventh International Learning Analytics \&\#38; Knowledge Conference},
 series = {LAK '17},
 year = {2017},
 isbn = {978-1-4503-4870-6},
 location = {Vancouver, British Columbia, Canada},
 pages = {95--104},
 numpages = {10},
 url = {http://doi.acm.org/10.1145/3027385.3027439},
 doi = {10.1145/3027385.3027439},
 acmid = {3027439},
 publisher = {ACM},
 address = {New York, NY, USA},
 keywords = {ability grouping, classmates, inequality, international assessment, socioeconomic status},
}

@inproceedings{Wang:2016:TTH:2883851.2883964,
 author = {Wang, Xu and Wen, Miaomiao and Ros{\'e}, Carolyn P.},
 title = {Towards Triggering Higher-order Thinking Behaviors in MOOCs},
 booktitle = {Proceedings of the Sixth International Conference on Learning Analytics \& Knowledge},
 series = {LAK '16},
 year = {2016},
 isbn = {978-1-4503-4190-5},
 location = {Edinburgh, United Kingdom},
 pages = {398--407},
 numpages = {10},
 url = {http://doi.acm.org/10.1145/2883851.2883964},
 doi = {10.1145/2883851.2883964},
 acmid = {2883964},
 publisher = {ACM},
 address = {New York, NY, USA},
 keywords = {LDA topic modeling, coding manual, discussion, learning analytics, propensity score matching, regression analysis},
}

@inproceedings{Hart:2005:AS:1090785.1090811,
 author = {Hart, Mary},
 title = {Autism/Excel Study},
 booktitle = {Proceedings of the 7th International ACM SIGACCESS Conference on Computers and Accessibility},
 series = {Assets '05},
 year = {2005},
 isbn = {1-59593-159-7},
 location = {Baltimore, MD, USA},
 pages = {136--141},
 numpages = {6},
 url = {http://doi.acm.org/10.1145/1090785.1090811},
 doi = {10.1145/1090785.1090811},
 acmid = {1090811},
 publisher = {ACM},
 address = {New York, NY, USA},
 keywords = {adapted computer curriculum, autism, generative thinking, multi-step planning, spreadsheets},
}

@inproceedings{Kizilcec:2014:SFV:2556288.2557207,
 author = {Kizilcec, Ren{\'e} F. and Papadopoulos, Kathryn and Sritanyaratana, Lalida},
 title = {Showing Face in Video Instruction: Effects on Information Retention, Visual Attention, and Affect},
 booktitle = {Proceedings of the SIGCHI Conference on Human Factors in Computing Systems},
 series = {CHI '14},
 year = {2014},
 isbn = {978-1-4503-2473-1},
 location = {Toronto, Ontario, Canada},
 pages = {2095--2102},
 numpages = {8},
 url = {http://doi.acm.org/10.1145/2556288.2557207},
 doi = {10.1145/2556288.2557207},
 acmid = {2557207},
 publisher = {ACM},
 address = {New York, NY, USA},
 keywords = {audiovisual instruction, eye-tracking, multimedia learning},
}

@inproceedings{Kizilcec:2014:SFV:2611528.2557207,
 author = {Kizilcec, Ren{\'e} F. and Papadopoulos, Kathryn and Sritanyaratana, Lalida},
 title = {Showing Face in Video Instruction: Effects on Information Retention, Visual Attention, and Affect},
 booktitle = {Proceedings of the 32Nd Annual ACM Conference on Human Factors in Computing Systems},
 series = {CHI '14},
 year = {2014},
 isbn = {978-1-4503-2473-1},
 location = {Toronto, Ontario, Canada},
 pages = {2095--2102},
 numpages = {8},
 url = {http://doi.acm.org/10.1145/2556288.2557207},
 doi = {10.1145/2556288.2557207},
 acmid = {2557207},
 publisher = {ACM},
 address = {New York, NY, USA},
 keywords = {audiovisual instruction, eye-tracking, multimedia learning},
}

@inproceedings{DesPortes:2016:BRB:2930674.2930708,
 author = {DesPortes, Kayla and Anupam, Aditya and Pathak, Neeti and DiSalvo, Betsy},
 title = {BitBlox: A Redesign of the Breadboard},
 booktitle = {Proceedings of the The 15th International Conference on Interaction Design and Children},
 series = {IDC '16},
 year = {2016},
 isbn = {978-1-4503-4313-8},
 location = {Manchester, United Kingdom},
 pages = {255--261},
 numpages = {7},
 url = {http://doi.acm.org/10.1145/2930674.2930708},
 doi = {10.1145/2930674.2930708},
 acmid = {2930708},
 publisher = {ACM},
 address = {New York, NY, USA},
 keywords = {Electrical circuits, design, education, microcontroller},
}

@inproceedings{Kohls:2006:GSM:1415472.1415500,
 author = {Kohls, Christian and Windbrake, Tobias},
 title = {Where to Go and What to Show: More Patterns for a Pattern Language of Interactive Information Graphics},
 booktitle = {Proceedings of the 2006 Conference on Pattern Languages of Programs},
 series = {PLoP '06},
 year = {2006},
 isbn = {978-1-60558-372-3},
 location = {Portland, Oregon, USA},
 pages = {24:1--24:11},
 articleno = {24},
 numpages = {11},
 url = {http://doi.acm.org/10.1145/1415472.1415500},
 doi = {10.1145/1415472.1415500},
 acmid = {1415500},
 publisher = {ACM},
 address = {New York, NY, USA},
 keywords = {design patterns, e-learning, educational patterns, interactive graphic},
}

@inproceedings{Zhi:2019:EIW:3287324.3287385,
 author = {Zhi, Rui and Price, Thomas W. and Marwan, Samiha and Milliken, Alexandra and Barnes, Tiffany and Chi, Min},
 title = {Exploring the Impact of Worked Examples in a Novice Programming Environment},
 booktitle = {Proceedings of the 50th ACM Technical Symposium on Computer Science Education},
 series = {SIGCSE '19},
 year = {2019},
 isbn = {978-1-4503-5890-3},
 location = {Minneapolis, MN, USA},
 pages = {98--104},
 numpages = {7},
 url = {http://doi.acm.org/10.1145/3287324.3287385},
 doi = {10.1145/3287324.3287385},
 acmid = {3287385},
 publisher = {ACM},
 address = {New York, NY, USA},
 keywords = {cognitive load, novice programming, worked examples},
}

@inproceedings{Namatame:2007:LOE:1255047.1255076,
 author = {Namatame, Miki and Kusunoki, Fusako},
 title = {Learning Onomatopoeic Expressions by Animation},
 booktitle = {Proceedings of the International Conference on Advances in Computer Entertainment Technology},
 series = {ACE '07},
 year = {2007},
 isbn = {978-1-59593-640-0},
 location = {Salzburg, Austria},
 pages = {143--146},
 numpages = {4},
 url = {http://doi.acm.org/10.1145/1255047.1255076},
 doi = {10.1145/1255047.1255076},
 acmid = {1255076},
 publisher = {ACM},
 address = {New York, NY, USA},
 keywords = {animation, hard-of-hearing, onomatopoeic, visualization},
}

@inproceedings{Surjono:2017:EVA:3175536.3175558,
 author = {Surjono, Herman D. and Muhtadi, Ali},
 title = {The Effects of Various Animation-Based Multimedia Learning in e-Learning Course},
 booktitle = {Proceedings of the 2017 9th International Conference on Education Technology and Computers},
 series = {ICETC 2017},
 year = {2017},
 isbn = {978-1-4503-5435-6},
 location = {Barcelona, Spain},
 pages = {117--121},
 numpages = {5},
 url = {http://doi.acm.org/10.1145/3175536.3175558},
 doi = {10.1145/3175536.3175558},
 acmid = {3175558},
 publisher = {ACM},
 address = {New York, NY, USA},
 keywords = {Animation, Modality, Multimedia learning, e-Learning},
}

@inproceedings{Mera:2017:ADE:3144826.3145415,
 author = {Mera, Carlos and Ruiz-Cagigas, Gonzalo and Navarro-Guzm\'{a}n, Jos{\'e} I. and Arag\'{o}n-Mendiz\'{a}bal, Est\'{\i}baliz and Delgado, C\'{a}ndida and Aguilar-Villagr\'{a}n, Manuel},
 title = {APP Designed for Early Math Training. Magnitudes Comparison},
 booktitle = {Proceedings of the 5th International Conference on Technological Ecosystems for Enhancing Multiculturality},
 series = {TEEM 2017},
 year = {2017},
 isbn = {978-1-4503-5386-1},
 location = {C\&aacute;diz, Spain},
 pages = {65:1--65:8},
 articleno = {65},
 numpages = {8},
 url = {http://doi.acm.org/10.1145/3144826.3145415},
 doi = {10.1145/3144826.3145415},
 acmid = {3145415},
 publisher = {ACM},
 address = {New York, NY, USA},
 keywords = {APPs, Numerical sense, magnitudes comparison},
}

@inproceedings{Mills:2017:PYT:3027385.3027431,
 author = {Mills, Caitlin and Fridman, Igor and Soussou, Walid and Waghray, Disha and Olney, Andrew M. and D'Mello, Sidney K.},
 title = {Put Your Thinking Cap on: Detecting Cognitive Load Using EEG During Learning},
 booktitle = {Proceedings of the Seventh International Learning Analytics \&\#38; Knowledge Conference},
 series = {LAK '17},
 year = {2017},
 isbn = {978-1-4503-4870-6},
 location = {Vancouver, British Columbia, Canada},
 pages = {80--89},
 numpages = {10},
 url = {http://doi.acm.org/10.1145/3027385.3027431},
 doi = {10.1145/3027385.3027431},
 acmid = {3027431},
 publisher = {ACM},
 address = {New York, NY, USA},
 keywords = {EEG, cognitive load, engagement, intelligent tutoring systems},
}

@inproceedings{Morrison:2017:DMC:3105726.3106191,
 author = {Morrison, Briana B.},
 title = {Dual Modality Code Explanations for Novices: Unexpected Results},
 booktitle = {Proceedings of the 2017 ACM Conference on International Computing Education Research},
 series = {ICER '17},
 year = {2017},
 isbn = {978-1-4503-4968-0},
 location = {Tacoma, Washington, USA},
 pages = {226--235},
 numpages = {10},
 url = {http://doi.acm.org/10.1145/3105726.3106191},
 doi = {10.1145/3105726.3106191},
 acmid = {3106191},
 publisher = {ACM},
 address = {New York, NY, USA},
 keywords = {cognitive load, live coding, modality},
}

@inproceedings{Morrison:2014:MCL:2632320.2632348,
 author = {Morrison, Briana B. and Dorn, Brian and Guzdial, Mark},
 title = {Measuring Cognitive Load in Introductory CS: Adaptation of an Instrument},
 booktitle = {Proceedings of the Tenth Annual Conference on International Computing Education Research},
 series = {ICER '14},
 year = {2014},
 isbn = {978-1-4503-2755-8},
 location = {Glasgow, Scotland, United Kingdom},
 pages = {131--138},
 numpages = {8},
 url = {http://doi.acm.org/10.1145/2632320.2632348},
 doi = {10.1145/2632320.2632348},
 acmid = {2632348},
 publisher = {ACM},
 address = {New York, NY, USA},
 keywords = {cognitive load theory, confirmatory factor analysis, measuring cognitive load, survey},
}

@inproceedings{Chen:2018:UEG:3178158.3178188,
 author = {Chen, Yang},
 title = {Understanding How Educational Gamification Impacts Users' Behavior: A Theoretical Analysis},
 booktitle = {Proceedings of the 6th International Conference on Information and Education Technology},
 series = {ICIET '18},
 year = {2018},
 isbn = {978-1-4503-5359-5},
 location = {Osaka, Japan},
 pages = {154--159},
 numpages = {6},
 url = {http://doi.acm.org/10.1145/3178158.3178188},
 doi = {10.1145/3178158.3178188},
 acmid = {3178188},
 publisher = {ACM},
 address = {New York, NY, USA},
 keywords = {behavior, gamification, motivation, theory of planned behavior},
}

@inproceedings{Galasso:2018:PPB:3290511.3290543,
 author = {Galasso, Bruno and Esdras, Dirceu},
 title = {The Production Process of Bilingual Courseware at the National Institute of Education for the Deaf},
 booktitle = {Proceedings of the 10th International Conference on Education Technology and Computers},
 series = {ICETC '18},
 year = {2018},
 isbn = {978-1-4503-6517-8},
 location = {Tokyo, Japan},
 pages = {356--362},
 numpages = {7},
 url = {http://doi.acm.org/10.1145/3290511.3290543},
 doi = {10.1145/3290511.3290543},
 acmid = {3290543},
 publisher = {ACM},
 address = {New York, NY, USA},
 keywords = {bilingualism, courseware, deafness, special education, translation},
}

@inproceedings{Knorr:2019:RDC:3314994.3325083,
 author = {Knorr, Edwin M.},
 title = {Reforming a Database Course to Address Cognitive Load by Using Worked Examples},
 booktitle = {Proceedings of the Western Canadian Conference on Computing Education},
 series = {WCCCE '19},
 year = {2019},
 isbn = {978-1-4503-6715-8},
 location = {Calgary, AB, Canada},
 pages = {4:1--4:6},
 articleno = {4},
 numpages = {6},
 url = {http://doi.acm.org/10.1145/3314994.3325083},
 doi = {10.1145/3314994.3325083},
 acmid = {3325083},
 publisher = {ACM},
 address = {New York, NY, USA},
 keywords = {cognitive load, course transformation, database systems, worked examples},
}

@inproceedings{Gray:2007:SGE:1288580.1288594,
 author = {Gray, Simon and St. Clair, Caroline and James, Richard and Mead, Jerry},
 title = {Suggestions for Graduated Exposure to Programming Concepts Using Fading Worked Examples},
 booktitle = {Proceedings of the Third International Workshop on Computing Education Research},
 series = {ICER '07},
 year = {2007},
 isbn = {978-1-59593-841-1},
 location = {Atlanta, Georgia, USA},
 pages = {99--110},
 numpages = {12},
 url = {http://doi.acm.org/10.1145/1288580.1288594},
 doi = {10.1145/1288580.1288594},
 acmid = {1288594},
 publisher = {ACM},
 address = {New York, NY, USA},
 keywords = {cognitive load theory, fading worked examples},
}

@inproceedings{Nevanpaa:2006:PER:1139073.1139088,
 author = {Nevanp\"{a}\"{a}, Tiina and Law, Nancy},
 title = {Pupil's Ecological Reasoning with Help of Modeling Tool},
 booktitle = {Proceedings of the 2006 Conference on Interaction Design and Children},
 series = {IDC '06},
 year = {2006},
 location = {Tampere, Finland},
 pages = {41--44},
 numpages = {4},
 url = {http://doi.acm.org/10.1145/1139073.1139088},
 doi = {10.1145/1139073.1139088},
 acmid = {1139088},
 publisher = {ACM},
 address = {New York, NY, USA},
 keywords = {ecological reasoning, modelling, population dynamics, simulation},
}

@inproceedings{Rello:2016:DTD:2899475.2899491,
 author = {Rello, Luz and Williams, Kristin and Ali, Abdullah and White, Nancy Cushen and Bigham, Jeffrey P.},
 title = {Dytective: Towards Detecting Dyslexia Across Languages Using an Online Game},
 booktitle = {Proceedings of the 13th Web for All Conference},
 series = {W4A '16},
 year = {2016},
 isbn = {978-1-4503-4138-7},
 location = {Montreal, Canada},
 pages = {29:1--29:4},
 articleno = {29},
 numpages = {4},
 url = {http://doi.acm.org/10.1145/2899475.2899491},
 doi = {10.1145/2899475.2899491},
 acmid = {2899491},
 publisher = {ACM},
 address = {New York, NY, USA},
 keywords = {assessment, diagnosis, dyslexia, early detection, games, linguistics, screening},
}

@inproceedings{Muller:2005:POI:1089786.1089792,
 author = {Muller, Orna},
 title = {Pattern Oriented Instruction and the Enhancement of Analogical Reasoning},
 booktitle = {Proceedings of the First International Workshop on Computing Education Research},
 series = {ICER '05},
 year = {2005},
 isbn = {1-59593-043-4},
 location = {Seattle, WA, USA},
 pages = {57--67},
 numpages = {11},
 url = {http://doi.acm.org/10.1145/1089786.1089792},
 doi = {10.1145/1089786.1089792},
 acmid = {1089792},
 publisher = {ACM},
 address = {New York, NY, USA},
 keywords = {analogical reasoning, instructional design, pattern oriented instruction, problem solving},
}

@inproceedings{Ericson:2015:AIF:2787622.2787731,
 author = {Ericson, Barbara J. and Guzdial, Mark J. and Morrison, Briana B.},
 title = {Analysis of Interactive Features Designed to Enhance Learning in an Ebook},
 booktitle = {Proceedings of the Eleventh Annual International Conference on International Computing Education Research},
 series = {ICER '15},
 year = {2015},
 isbn = {978-1-4503-3630-7},
 location = {Omaha, Nebraska, USA},
 pages = {169--178},
 numpages = {10},
 url = {http://doi.acm.org/10.1145/2787622.2787731},
 doi = {10.1145/2787622.2787731},
 acmid = {2787731},
 publisher = {ACM},
 address = {New York, NY, USA},
 keywords = {ebook, educational data mining, electronic book, learning analytics, parsons problem},
}

@inproceedings{Samonte:2019:AGS:3313950.3313968,
 author = {Samonte, Mary Jane C. and Guce, Frances Casey D. and Peraja, Janina Mikaela P. and Sambile, Gwynel Daniel V.},
 title = {Assistive Gamification and Speech Recognition E-tutor System for Speech Impaired Students},
 booktitle = {Proceedings of the 2Nd International Conference on Image and Graphics Processing},
 series = {ICIGP '19},
 year = {2019},
 isbn = {978-1-4503-6092-0},
 location = {Singapore, Singapore},
 pages = {37--41},
 numpages = {5},
 url = {http://doi.acm.org/10.1145/3313950.3313968},
 doi = {10.1145/3313950.3313968},
 acmid = {3313968},
 publisher = {ACM},
 address = {New York, NY, USA},
 keywords = {Filipino sign language, assistive technology, e-tutor, gamification, speech recognition},
}

@inproceedings{Morrison:2013:UCL:2493394.2493425,
 author = {Morrison, Briana B.},
 title = {Using Cognitive Load Theory to Improve the Efficiency of Learning to Program},
 booktitle = {Proceedings of the Ninth Annual International ACM Conference on International Computing Education Research},
 series = {ICER '13},
 year = {2013},
 isbn = {978-1-4503-2243-0},
 location = {San Diego, San California, USA},
 pages = {183--184},
 numpages = {2},
 url = {http://doi.acm.org/10.1145/2493394.2493425},
 doi = {10.1145/2493394.2493425},
 acmid = {2493425},
 publisher = {ACM},
 address = {New York, NY, USA},
 keywords = {multi-medium code explanation, worked examples.},
}

@inproceedings{Bouvier:2016:NPP:3024906.3024912,
 author = {Bouvier, Dennis and Lovellette, Ellie and Matta, John and Alshaigy, Bedour and Becker, Brett A. and Craig, Michelle and Jackova, Jana and McCartney, Robert and Sanders, Kate and Zarb, Mark},
 title = {Novice Programmers and the Problem Description Effect},
 booktitle = {Proceedings of the 2016 ITiCSE Working Group Reports},
 series = {ITiCSE '16},
 year = {2016},
 isbn = {978-1-4503-4882-9},
 location = {Arequipa, Peru},
 pages = {103--118},
 numpages = {16},
 url = {http://doi.acm.org/10.1145/3024906.3024912},
 doi = {10.1145/3024906.3024912},
 acmid = {3024912},
 publisher = {ACM},
 address = {New York, NY, USA},
 keywords = {CS1, context, novice programmers},
}

@inproceedings{Kaunang:2019:PSP:3306500.3306529,
 author = {Kaunang, Sumenge Tangkawarouw Godion and Pertiwi, Junita Maja},
 title = {Portray of Student Preference on e-Learning Complex Course Based on Gender},
 booktitle = {Proceedings of the 10th International Conference on E-Education, E-Business, E-Management and E-Learning},
 series = {IC4E '19},
 year = {2019},
 isbn = {978-1-4503-6602-1},
 location = {Tokyo, Japan},
 pages = {23--27},
 numpages = {5},
 url = {http://doi.acm.org/10.1145/3306500.3306529},
 doi = {10.1145/3306500.3306529},
 acmid = {3306529},
 publisher = {ACM},
 address = {New York, NY, USA},
 keywords = {Indonesia, cognitive load theory, connected knowing, e-learning method, separated knowing, way of knowing},
}

@inproceedings{Chen:2018:EAS:3209219.3209221,
 author = {Chen, Xingliang and Mitrovic, Antonija and Mathews, Moffat},
 title = {Exploring Adaptive Strategies for Providing Learning Activities},
 booktitle = {Proceedings of the 26th Conference on User Modeling, Adaptation and Personalization},
 series = {UMAP '18},
 year = {2018},
 isbn = {978-1-4503-5589-6},
 location = {Singapore, Singapore},
 pages = {139--145},
 numpages = {7},
 url = {http://doi.acm.org/10.1145/3209219.3209221},
 doi = {10.1145/3209219.3209221},
 acmid = {3209221},
 publisher = {ACM},
 address = {New York, NY, USA},
 keywords = {SQL-tutor, adaptive learning, adaptive strategy, erroneous examples, intelligent tutoring system, problem solving, worked examples},
}

@inproceedings{Haidry:2017:IDC:3059009.3059032,
 author = {Haidry, Shifa-e-Zehra and Falkner, Katrina and Szabo, Claudia},
 title = {Identifying Domain-Specific Cognitive Strategies for Software Engineering},
 booktitle = {Proceedings of the 2017 ACM Conference on Innovation and Technology in Computer Science Education},
 series = {ITiCSE '17},
 year = {2017},
 isbn = {978-1-4503-4704-4},
 location = {Bologna, Italy},
 pages = {206--211},
 numpages = {6},
 url = {http://doi.acm.org/10.1145/3059009.3059032},
 doi = {10.1145/3059009.3059032},
 acmid = {3059032},
 publisher = {ACM},
 address = {New York, NY, USA},
 keywords = {instructional scaffolding, learning and education, problem solving, self-regulated learning, software engineering},
}

@article{Notess:2007:OLS:1266885.1266893,
 author = {Notess, Mark and Lorenzen-Huber, Lesa},
 title = {Online Learning for Seniors: Barriers and Opportunities},
 journal = {eLearn},
 issue_date = {May 2007},
 volume = {2007},
 number = {5},
 month = may,
 year = {2007},
 issn = {1535-394X},
 pages = {4--},
 url = {http://doi.acm.org/10.1145/1266885.1266893},
 doi = {10.1145/1266885.1266893},
 acmid = {1266893},
 publisher = {ACM},
 address = {New York, NY, USA},
}

@inproceedings{Donahue:2013:ICP:2460625.2460647,
 author = {Donahue, Thomas J. and Poor, G. Michael and Mott, Martez E. and Leventhal, Laura Marie and Zimmerman, Guy and Klopfer, Dale},
 title = {On Interface Closeness and Problem Solving},
 booktitle = {Proceedings of the 7th International Conference on Tangible, Embedded and Embodied Interaction},
 series = {TEI '13},
 year = {2013},
 isbn = {978-1-4503-1898-3},
 location = {Barcelona, Spain},
 pages = {139--146},
 numpages = {8},
 url = {http://doi.acm.org/10.1145/2460625.2460647},
 doi = {10.1145/2460625.2460647},
 acmid = {2460647},
 publisher = {ACM},
 address = {New York, NY, USA},
 keywords = {interface closeness, problem solving, tangible interface},
}

@inproceedings{Dorn:2011:SSI:2016911.2016927,
 author = {Dorn, Brian},
 title = {ScriptABLE: Supporting Informal Learning with Cases},
 booktitle = {Proceedings of the Seventh International Workshop on Computing Education Research},
 series = {ICER '11},
 year = {2011},
 isbn = {978-1-4503-0829-8},
 location = {Providence, Rhode Island, USA},
 pages = {69--76},
 numpages = {8},
 url = {http://doi.acm.org/10.1145/2016911.2016927},
 doi = {10.1145/2016911.2016927},
 acmid = {2016927},
 publisher = {ACM},
 address = {New York, NY, USA},
 keywords = {end-user programmers, informal computing education, web/graphic design},
}

@inproceedings{McCartney:2013:FSP:2493394.2493412,
 author = {McCartney, Robert and Boustedt, Jonas and Eckerdal, Anna and Sanders, Kate and Zander, Carol},
 title = {Can First-year Students Program Yet?: A Study Revisited},
 booktitle = {Proceedings of the Ninth Annual International ACM Conference on International Computing Education Research},
 series = {ICER '13},
 year = {2013},
 isbn = {978-1-4503-2243-0},
 location = {San Diego, San California, USA},
 pages = {91--98},
 numpages = {8},
 url = {http://doi.acm.org/10.1145/2493394.2493412},
 doi = {10.1145/2493394.2493412},
 acmid = {2493412},
 publisher = {ACM},
 address = {New York, NY, USA},
 keywords = {assessment, programming, replication},
}

@inproceedings{Malmi:2014:TUC:2632320.2632358,
 author = {Malmi, Lauri and Sheard, Judy and Simon and Bednarik, Roman and Helminen, Juha and Kinnunen, P\"{a}ivi and Korhonen, Ari and Myller, Niko and Sorva, Juha and Taherkhani, Ahmad},
 title = {Theoretical Underpinnings of Computing Education Research: What is the Evidence?},
 booktitle = {Proceedings of the Tenth Annual Conference on International Computing Education Research},
 series = {ICER '14},
 year = {2014},
 isbn = {978-1-4503-2755-8},
 location = {Glasgow, Scotland, United Kingdom},
 pages = {27--34},
 numpages = {8},
 url = {http://doi.acm.org/10.1145/2632320.2632358},
 doi = {10.1145/2632320.2632358},
 acmid = {2632358},
 publisher = {ACM},
 address = {New York, NY, USA},
 keywords = {classifying publications, computing education, research methods},
}

@inproceedings{Kizilcec:2017:TEO:3051457.3051460,
 author = {Kizilcec, Ren{\'e} F. and Davis, Glenn M. and Cohen, Geoffrey L.},
 title = {Towards Equal Opportunities in MOOCs: Affirmation Reduces Gender \&\#38; Social-Class Achievement Gaps in China},
 booktitle = {Proceedings of the Fourth (2017) ACM Conference on Learning @ Scale},
 series = {L@S '17},
 year = {2017},
 isbn = {978-1-4503-4450-0},
 location = {Cambridge, Massachusetts, USA},
 pages = {121--130},
 numpages = {10},
 url = {http://doi.acm.org/10.1145/3051457.3051460},
 doi = {10.1145/3051457.3051460},
 acmid = {3051460},
 publisher = {ACM},
 address = {New York, NY, USA},
 keywords = {achievement gaps, massive open online course., randomized experiment, social psychology},
}

@inproceedings{Tirronen:2012:DEL:2401796.2401805,
 author = {Tirronen, Ville and Isom\"{o}tt\"{o}nen, Ville},
 title = {On the Design of Effective Learning Materials for Supporting Self-directed Learning of Programming},
 booktitle = {Proceedings of the 12th Koli Calling International Conference on Computing Education Research},
 series = {Koli Calling '12},
 year = {2012},
 isbn = {978-1-4503-1795-5},
 location = {Koli, Finland},
 pages = {74--82},
 numpages = {9},
 url = {http://doi.acm.org/10.1145/2401796.2401805},
 doi = {10.1145/2401796.2401805},
 acmid = {2401805},
 publisher = {ACM},
 address = {New York, NY, USA},
 keywords = {cognitive load theory, functional programming, programming education, self-direction},
}

@inproceedings{Sorva:2014:RDF:2674683.2674690,
 author = {Sorva, Juha and Sepp\"{a}l\"{a}, Otto},
 title = {Research-based Design of the First Weeks of CS1},
 booktitle = {Proceedings of the 14th Koli Calling International Conference on Computing Education Research},
 series = {Koli Calling '14},
 year = {2014},
 isbn = {978-1-4503-3065-7},
 location = {Koli, Finland},
 pages = {71--80},
 numpages = {10},
 url = {http://doi.acm.org/10.1145/2674683.2674690},
 doi = {10.1145/2674683.2674690},
 acmid = {2674690},
 publisher = {ACM},
 address = {New York, NY, USA},
 keywords = {CS1, cognitive load, instructional design, notional machines, objects early, program visualization, project-driven learning},
}

@inproceedings{vanWyk:2017:WGE:3136907.3136918,
 author = {van Wyk, Mari and van Ryneveld, Linda},
 title = {5 Whiskies and a GoPro: Exploring the Use of an Action Camera in Veterinary Science Education},
 booktitle = {Proceedings of the 16th World Conference on Mobile and Contextual Learning},
 series = {mLearn 2017},
 year = {2017},
 isbn = {978-1-4503-5255-0},
 location = {Larnaca, Cyprus},
 pages = {21:1--21:4},
 articleno = {21},
 numpages = {4},
 url = {http://doi.acm.org/10.1145/3136907.3136918},
 doi = {10.1145/3136907.3136918},
 acmid = {3136918},
 publisher = {ACM},
 address = {New York, NY, USA},
 keywords = {GoPro, Video, action camera, self-directed learning, student-made videos, veterinary education},
}

@inproceedings{Szabo:2014:ECD:2674683.2674691,
 author = {Szabo, Claudia and Falkner, Katrina and Falkner, Nickolas},
 title = {Experiences in Course Design Using Neo-piagetian Theory},
 booktitle = {Proceedings of the 14th Koli Calling International Conference on Computing Education Research},
 series = {Koli Calling '14},
 year = {2014},
 isbn = {978-1-4503-3065-7},
 location = {Koli, Finland},
 pages = {81--90},
 numpages = {10},
 url = {http://doi.acm.org/10.1145/2674683.2674691},
 doi = {10.1145/2674683.2674691},
 acmid = {2674691},
 publisher = {ACM},
 address = {New York, NY, USA},
 keywords = {computer science education, course design, neo-piaget},
}

@inproceedings{Ocumpaugh:2017:GCR:3027385.3027435,
 author = {Ocumpaugh, Jaclyn and Baker, Ryan S. and San Pedro, Maria O. C. Z. and Hawn, M. Aaron and Heffernan, Cristina and Heffernan, Neil and Slater, Stefan A.},
 title = {Guidance Counselor Reports of the ASSISTments College Prediction Model (ACPM)},
 booktitle = {Proceedings of the Seventh International Learning Analytics \&\#38; Knowledge Conference},
 series = {LAK '17},
 year = {2017},
 isbn = {978-1-4503-4870-6},
 location = {Vancouver, British Columbia, Canada},
 pages = {479--488},
 numpages = {10},
 url = {http://doi.acm.org/10.1145/3027385.3027435},
 doi = {10.1145/3027385.3027435},
 acmid = {3027435},
 publisher = {ACM},
 address = {New York, NY, USA},
 keywords = {college attendance, guidance counselors, intelligent tutoring systems, predictive analytics, stakeholder reports, student engagement},
}

@inproceedings{Samonte:2018:AMA:3288155.3288182,
 author = {Samonte, Mary Jane C. and Bahia, Renz Jirhel D. and Forlaje, Samantha Bernadine A. and Del Monte, John Gabriel J. and Gonzales, Jecelle Anne J. and Sultan, Mariebeth V.},
 title = {Assistive Mobile App for Children with Hearing \& Speech Impairment Using Character and Speech Recognition},
 booktitle = {Proceedings of the 4th International Conference on Industrial and Business Engineering},
 series = {ICIBE' 18},
 year = {2018},
 isbn = {978-1-4503-6557-4},
 location = {Macau, Macao},
 pages = {265--270},
 numpages = {6},
 url = {http://doi.acm.org/10.1145/3288155.3288182},
 doi = {10.1145/3288155.3288182},
 acmid = {3288182},
 publisher = {ACM},
 address = {New York, NY, USA},
 keywords = {Assistive Technology, Character Recognition, Children with Disabilities, Mobile Application, Speech Recognition},
}

@inproceedings{Morrison:2015:SCW:2787622.2787733,
 author = {Morrison, Briana B. and Margulieux, Lauren E. and Guzdial, Mark},
 title = {Subgoals, Context, and Worked Examples in Learning Computing Problem Solving},
 booktitle = {Proceedings of the Eleventh Annual International Conference on International Computing Education Research},
 series = {ICER '15},
 year = {2015},
 isbn = {978-1-4503-3630-7},
 location = {Omaha, Nebraska, USA},
 pages = {21--29},
 numpages = {9},
 url = {http://doi.acm.org/10.1145/2787622.2787733},
 doi = {10.1145/2787622.2787733},
 acmid = {2787733},
 publisher = {ACM},
 address = {New York, NY, USA},
 keywords = {cognitive load, contextual transfer, subgoal labels},
}

@article{Sorva:2013:NMI:2483710.2483713,
 author = {Sorva, Juha},
 title = {Notional Machines and Introductory Programming Education},
 journal = {Trans. Comput. Educ.},
 issue_date = {June 2013},
 volume = {13},
 number = {2},
 month = jul,
 year = {2013},
 issn = {1946-6226},
 pages = {8:1--8:31},
 articleno = {8},
 numpages = {31},
 url = {http://doi.acm.org/10.1145/2483710.2483713},
 doi = {10.1145/2483710.2483713},
 acmid = {2483713},
 publisher = {ACM},
 address = {New York, NY, USA},
 keywords = {CS1, Notional machine, constructivism, introductory programming education, literature review, mental models, misconceptions, phenomenography, threshold concepts},
}

@inproceedings{Murphy:2012:AEP:2361276.2361299,
 author = {Murphy, Laurie and Fitzgerald, Sue and Lister, Raymond and McCauley, Ren{\'e}e},
 title = {Ability to 'Explain in Plain English' Linked to Proficiency in Computer-based Programming},
 booktitle = {Proceedings of the Ninth Annual International Conference on International Computing Education Research},
 series = {ICER '12},
 year = {2012},
 isbn = {978-1-4503-1604-0},
 location = {Auckland, New Zealand},
 pages = {111--118},
 numpages = {8},
 url = {http://doi.acm.org/10.1145/2361276.2361299},
 doi = {10.1145/2361276.2361299},
 acmid = {2361299},
 publisher = {ACM},
 address = {New York, NY, USA},
 keywords = {computer science education research, explain in plain english, mixed methods, novice programmers, qualitative research methods, solo},
}

@inproceedings{Petersen:2011:RCE:1953163.1953340,
 author = {Petersen, Andrew and Craig, Michelle and Zingaro, Daniel},
 title = {Reviewing CS1 Exam Question Content},
 booktitle = {Proceedings of the 42Nd ACM Technical Symposium on Computer Science Education},
 series = {SIGCSE '11},
 year = {2011},
 isbn = {978-1-4503-0500-6},
 location = {Dallas, TX, USA},
 pages = {631--636},
 numpages = {6},
 url = {http://doi.acm.org/10.1145/1953163.1953340},
 doi = {10.1145/1953163.1953340},
 acmid = {1953340},
 publisher = {ACM},
 address = {New York, NY, USA},
 keywords = {CS1, exams, novice programming},
}

@inproceedings{Kinnunen:2007:TEI:1288580.1288589,
 author = {Kinnunen, P\"{a}ivi and McCartney, Robert and Murphy, Laurie and Thomas, Lynda},
 title = {Through the Eyes of Instructors: A Phenomenographic Investigation of Student Success},
 booktitle = {Proceedings of the Third International Workshop on Computing Education Research},
 series = {ICER '07},
 year = {2007},
 isbn = {978-1-59593-841-1},
 location = {Atlanta, Georgia, USA},
 pages = {61--72},
 numpages = {12},
 url = {http://doi.acm.org/10.1145/1288580.1288589},
 doi = {10.1145/1288580.1288589},
 acmid = {1288589},
 publisher = {ACM},
 address = {New York, NY, USA},
 keywords = {instructor perceptions, phenomenography, qualitative analysis, student performance},
}

@inproceedings{Sudol-DeLyser:2015:EAS:2676723.2677222,
 author = {Sudol-DeLyser, Leigh Ann},
 title = {Expression of Abstraction: Self Explanation in Code Production},
 booktitle = {Proceedings of the 46th ACM Technical Symposium on Computer Science Education},
 series = {SIGCSE '15},
 year = {2015},
 isbn = {978-1-4503-2966-8},
 location = {Kansas City, Missouri, USA},
 pages = {272--277},
 numpages = {6},
 url = {http://doi.acm.org/10.1145/2676723.2677222},
 doi = {10.1145/2676723.2677222},
 acmid = {2677222},
 publisher = {ACM},
 address = {New York, NY, USA},
 keywords = {code comprehension, computer science education research, explain in plain english, novice programmers, solo},
}

@inproceedings{Park:2013:TTE:2493394.2493405,
 author = {Park, Thomas H. and Saxena, Ankur and Jagannath, Swathi and Wiedenbeck, Susan and Forte, Andrea},
 title = {Towards a Taxonomy of Errors in HTML and CSS},
 booktitle = {Proceedings of the Ninth Annual International ACM Conference on International Computing Education Research},
 series = {ICER '13},
 year = {2013},
 isbn = {978-1-4503-2243-0},
 location = {San Diego, San California, USA},
 pages = {75--82},
 numpages = {8},
 url = {http://doi.acm.org/10.1145/2493394.2493405},
 doi = {10.1145/2493394.2493405},
 acmid = {2493405},
 publisher = {ACM},
 address = {New York, NY, USA},
 keywords = {computing education, errors, web development},
}

@inproceedings{Muller:2007:PII:1268784.1268830,
 author = {Muller, Orna and Ginat, David and Haberman, Bruria},
 title = {Pattern-oriented Instruction and Its Influence on Problem Decomposition and Solution Construction},
 booktitle = {Proceedings of the 12th Annual SIGCSE Conference on Innovation and Technology in Computer Science Education},
 series = {ITiCSE '07},
 year = {2007},
 isbn = {978-1-59593-610-3},
 location = {Dundee, Scotland},
 pages = {151--155},
 numpages = {5},
 url = {http://doi.acm.org/10.1145/1268784.1268830},
 doi = {10.1145/1268784.1268830},
 acmid = {1268830},
 publisher = {ACM},
 address = {New York, NY, USA},
 keywords = {algorithmic patterns, pattern-oriented instruction, problem decomposition, problem solving},
}

@article{Muller:2007:PII:1269900.1268830,
 author = {Muller, Orna and Ginat, David and Haberman, Bruria},
 title = {Pattern-oriented Instruction and Its Influence on Problem Decomposition and Solution Construction},
 journal = {SIGCSE Bull.},
 issue_date = {September 2007},
 volume = {39},
 number = {3},
 month = jun,
 year = {2007},
 issn = {0097-8418},
 pages = {151--155},
 numpages = {5},
 url = {http://doi.acm.org/10.1145/1269900.1268830},
 doi = {10.1145/1269900.1268830},
 acmid = {1268830},
 publisher = {ACM},
 address = {New York, NY, USA},
 keywords = {algorithmic patterns, pattern-oriented instruction, problem decomposition, problem solving},
}

@inproceedings{Mishra:2014:ESI:2591708.2591733,
 author = {Mishra, Shitanshu and Balan, Sudeesh and Iyer, Sridhar and Murthy, Sahana},
 title = {Effect of a 2-week Scratch Intervention in CS1 on Learners with Varying Prior Knowledge},
 booktitle = {Proceedings of the 2014 Conference on Innovation \&\#38; Technology in Computer Science Education},
 series = {ITiCSE '14},
 year = {2014},
 isbn = {978-1-4503-2833-3},
 location = {Uppsala, Sweden},
 pages = {45--50},
 numpages = {6},
 url = {http://doi.acm.org/10.1145/2591708.2591733},
 doi = {10.1145/2591708.2591733},
 acmid = {2591733},
 publisher = {ACM},
 address = {New York, NY, USA},
 keywords = {advance learners, cs1, novice learners, scratch intervention},
}

@inproceedings{Sanders:2016:TCC:2999541.2999546,
 author = {Sanders, Kate and McCartney, Robert},
 title = {Threshold Concepts in Computing: Past, Present, and Future},
 booktitle = {Proceedings of the 16th Koli Calling International Conference on Computing Education Research},
 series = {Koli Calling '16},
 year = {2016},
 isbn = {978-1-4503-4770-9},
 location = {Koli, Finland},
 pages = {91--100},
 numpages = {10},
 url = {http://doi.acm.org/10.1145/2999541.2999546},
 doi = {10.1145/2999541.2999546},
 acmid = {2999546},
 publisher = {ACM},
 address = {New York, NY, USA},
 keywords = {threshold concepts},
}

@article{Sorva:2013:RGP:2543488.2490822,
 author = {Sorva, Juha and Karavirta, Ville and Malmi, Lauri},
 title = {A Review of Generic Program Visualization Systems for Introductory Programming Education},
 journal = {Trans. Comput. Educ.},
 issue_date = {November 2013},
 volume = {13},
 number = {4},
 month = nov,
 year = {2013},
 issn = {1946-6226},
 pages = {15:1--15:64},
 articleno = {15},
 numpages = {64},
 url = {http://doi.acm.org/10.1145/2490822},
 doi = {10.1145/2490822},
 acmid = {2490822},
 publisher = {ACM},
 address = {New York, NY, USA},
 keywords = {CS1, Introductory programming education, engagement taxonomy, literature review, notional machine, program dynamics, program visualization, software visualization},
}

@article{Mayers:2001:MHC:381234.381249,
 author = {Mayers, Andr{\'e} and Lefebvre, Bernard and Frasson, Claude},
 title = {MIACE, a Human Cognitive Architecture},
 journal = {SIGCUE Outlook},
 issue_date = {March 2001},
 volume = {27},
 number = {2},
 month = mar,
 year = {2001},
 issn = {0163-5735},
 pages = {61--77},
 numpages = {17},
 url = {http://doi.acm.org/10.1145/381234.381249},
 doi = {10.1145/381234.381249},
 acmid = {381249},
 publisher = {ACM},
 address = {New York, NY, USA},
 keywords = {cognitive architecture, cognitive psychology, computational model},
}

@inproceedings{Schueler:2008:MEM:1599871.1599910,
 author = {Schueler, Anne and Scheiter, Katharina and Gerjets, Peter and Rummer, Ralf},
 title = {The Modality Effect in Multimedia Learning: Theoretical and Empirical Limitations},
 booktitle = {Proceedings of the 8th International Conference on International Conference for the Learning Sciences - Volume 2},
 series = {ICLS'08},
 year = {2008},
 location = {Utrecht, The Netherlands},
 pages = {311--318},
 numpages = {8},
 url = {http://dl.acm.org/citation.cfm?id=1599871.1599910},
 acmid = {1599910},
 publisher = {International Society of the Learning Sciences},
}

@inproceedings{Mason:2012:WBJ:2483716.2483738,
 author = {Mason, Raina and Cooper, Graham},
 title = {Why the Bottom 10% Just Can'T Do It: Mental Effort Measures and Implication for Introductory Programming Courses},
 booktitle = {Proceedings of the Fourteenth Australasian Computing Education Conference - Volume 123},
 series = {ACE '12},
 year = {2012},
 isbn = {978-1-921770-04-3},
 location = {Melbourne, Australia},
 pages = {187--196},
 numpages = {10},
 url = {http://dl.acm.org/citation.cfm?id=2483716.2483738},
 acmid = {2483738},
 publisher = {Australian Computer Society, Inc.},
 address = {Darlinghurst, Australia, Australia},
 keywords = {Australian university courses, cognition, cognitive load, introductory programming, mental effort measures, pedagogy, programming success},
}

@inproceedings{Xie:2018:ESS:3159450.3159527,
 author = {Xie, Benjamin and Nelson, Greg L. and Ko, Andrew J.},
 title = {An Explicit Strategy to Scaffold Novice Program Tracing},
 booktitle = {Proceedings of the 49th ACM Technical Symposium on Computer Science Education},
 series = {SIGCSE '18},
 year = {2018},
 isbn = {978-1-4503-5103-4},
 location = {Baltimore, Maryland, USA},
 pages = {344--349},
 numpages = {6},
 url = {http://doi.acm.org/10.1145/3159450.3159527},
 doi = {10.1145/3159450.3159527},
 acmid = {3159527},
 publisher = {ACM},
 address = {New York, NY, USA},
 keywords = {instructional intervention, program tracing, sketching, think-aloud},
}

@article{Mead:2006:CAI:1189136.1189185,
 author = {Mead, Jerry and Gray, Simon and Hamer, John and James, Richard and Sorva, Juha and Clair, Caroline St. and Thomas, Lynda},
 title = {A Cognitive Approach to Identifying Measurable Milestones for Programming Skill Acquisition},
 journal = {SIGCSE Bull.},
 issue_date = {December 2006},
 volume = {38},
 number = {4},
 month = jun,
 year = {2006},
 issn = {0097-8418},
 pages = {182--194},
 numpages = {13},
 url = {http://doi.acm.org/10.1145/1189136.1189185},
 doi = {10.1145/1189136.1189185},
 acmid = {1189185},
 publisher = {ACM},
 address = {New York, NY, USA},
 keywords = {CS1, cognitive approaches, curricular planning, programming},
}

@inproceedings{Mead:2006:CAI:1189215.1189185,
 author = {Mead, Jerry and Gray, Simon and Hamer, John and James, Richard and Sorva, Juha and Clair, Caroline St. and Thomas, Lynda},
 title = {A Cognitive Approach to Identifying Measurable Milestones for Programming Skill Acquisition},
 booktitle = {Working Group Reports on ITiCSE on Innovation and Technology in Computer Science Education},
 series = {ITiCSE-WGR '06},
 year = {2006},
 isbn = {1-59593-603-3},
 location = {Bologna, Italy},
 pages = {182--194},
 numpages = {13},
 url = {http://doi.acm.org/10.1145/1189215.1189185},
 doi = {10.1145/1189215.1189185},
 acmid = {1189185},
 publisher = {ACM},
 address = {New York, NY, USA},
 keywords = {CS1, cognitive approaches, curricular planning, programming},
}

@inproceedings{DesPortes:2016:LCP:2960310.2960349,
 author = {DesPortes, Kayla},
 title = {Learning and Collaboration in Physical Computing},
 booktitle = {Proceedings of the 2016 ACM Conference on International Computing Education Research},
 series = {ICER '16},
 year = {2016},
 isbn = {978-1-4503-4449-4},
 location = {Melbourne, VIC, Australia},
 pages = {283--284},
 numpages = {2},
 url = {http://doi.acm.org/10.1145/2960310.2960349},
 doi = {10.1145/2960310.2960349},
 acmid = {2960349},
 publisher = {ACM},
 address = {New York, NY, USA},
 keywords = {cognitive load theory, distributed cognition, physical computing},
}

@inproceedings{Margulieux:2017:ULS:3105726.3106168,
 author = {Margulieux, Lauren and Catrambone, Richard},
 title = {Using Learners' Self-Explanations of Subgoals to Guide Initial Problem Solving in App Inventor},
 booktitle = {Proceedings of the 2017 ACM Conference on International Computing Education Research},
 series = {ICER '17},
 year = {2017},
 isbn = {978-1-4503-4968-0},
 location = {Tacoma, Washington, USA},
 pages = {21--29},
 numpages = {9},
 url = {http://doi.acm.org/10.1145/3105726.3106168},
 doi = {10.1145/3105726.3106168},
 acmid = {3106168},
 publisher = {ACM},
 address = {New York, NY, USA},
 keywords = {block-based programming, constructive learning, problem solving, self-explanation, subgoal learning},
}

@inproceedings{Whitney:2019:COC:3287324.3287347,
 author = {Whitney, Michael and Dallas, Bryan},
 title = {Captioning Online Course Videos: An Investigation into Knowledge Retention and Student Perception},
 booktitle = {Proceedings of the 50th ACM Technical Symposium on Computer Science Education},
 series = {SIGCSE '19},
 year = {2019},
 isbn = {978-1-4503-5890-3},
 location = {Minneapolis, MN, USA},
 pages = {511--517},
 numpages = {7},
 url = {http://doi.acm.org/10.1145/3287324.3287347},
 doi = {10.1145/3287324.3287347},
 acmid = {3287347},
 publisher = {ACM},
 address = {New York, NY, USA},
 keywords = {captions, computing education, online instruction, subtitles},
}

@inproceedings{Duran:2018:TAP:3230977.3230986,
 author = {Duran, Rodrigo and Sorva, Juha and Leite, Sofia},
 title = {Towards an Analysis of Program Complexity From a Cognitive Perspective},
 booktitle = {Proceedings of the 2018 ACM Conference on International Computing Education Research},
 series = {ICER '18},
 year = {2018},
 isbn = {978-1-4503-5628-2},
 location = {Espoo, Finland},
 pages = {21--30},
 numpages = {10},
 url = {http://doi.acm.org/10.1145/3230977.3230986},
 doi = {10.1145/3230977.3230986},
 acmid = {3230986},
 publisher = {ACM},
 address = {New York, NY, USA},
 keywords = {cognitive load theory, complexity, model of hierarchical complexity, plan-composition strategies, program cognitive complexity},
}

@inproceedings{Morrison:2016:LLR:2960310.2960330,
 author = {Morrison, Briana B. and Decker, Adrienne and Margulieux, Lauren E.},
 title = {Learning Loops: A Replication Study Illuminates Impact of HS Courses},
 booktitle = {Proceedings of the 2016 ACM Conference on International Computing Education Research},
 series = {ICER '16},
 year = {2016},
 isbn = {978-1-4503-4449-4},
 location = {Melbourne, VIC, Australia},
 pages = {221--230},
 numpages = {10},
 url = {http://doi.acm.org/10.1145/2960310.2960330},
 doi = {10.1145/2960310.2960330},
 acmid = {2960330},
 publisher = {ACM},
 address = {New York, NY, USA},
 keywords = {design, experimentation, measurement},
}

@inproceedings{Antle:2011:TUD:1999030.1999032,
 author = {Antle, Alissa N. and Wise, Alyssa F. and Nielsen, Kristine},
 title = {Towards Utopia: Designing Tangibles for Learning},
 booktitle = {Proceedings of the 10th International Conference on Interaction Design and Children},
 series = {IDC '11},
 year = {2011},
 isbn = {978-1-4503-0751-2},
 location = {Ann Arbor, Michigan},
 pages = {11--20},
 numpages = {10},
 url = {http://doi.acm.org/10.1145/1999030.1999032},
 doi = {10.1145/1999030.1999032},
 acmid = {1999032},
 publisher = {ACM},
 address = {New York, NY, USA},
 keywords = {children, design, learning, sustainability, sustainability education, tangible computing, tangible user interfaces},
}

@article{Lister:2011:CER:1963533.1963539,
 author = {Lister, Raymond},
 title = {COMPUTING EDUCATION RESEARCH: Programming, Syntax and Cognitive Load},
 journal = {ACM Inroads},
 issue_date = {June 2011},
 volume = {2},
 number = {2},
 month = jun,
 year = {2011},
 issn = {2153-2184},
 pages = {21--22},
 numpages = {2},
 url = {http://doi.acm.org/10.1145/1963533.1963539},
 doi = {10.1145/1963533.1963539},
 acmid = {1963539},
 publisher = {ACM},
 address = {New York, NY, USA},
}

@inproceedings{Margulieux:2012:SIM:2361276.2361291,
 author = {Margulieux, Lauren E. and Guzdial, Mark and Catrambone, Richard},
 title = {Subgoal-labeled Instructional Material Improves Performance and Transfer in Learning to Develop Mobile Applications},
 booktitle = {Proceedings of the Ninth Annual International Conference on International Computing Education Research},
 series = {ICER '12},
 year = {2012},
 isbn = {978-1-4503-1604-0},
 location = {Auckland, New Zealand},
 pages = {71--78},
 numpages = {8},
 url = {http://doi.acm.org/10.1145/2361276.2361291},
 doi = {10.1145/2361276.2361291},
 acmid = {2361291},
 publisher = {ACM},
 address = {New York, NY, USA},
 keywords = {cognitive load, educational videos, instructional text, mental models, subgoal learning},
}

@inproceedings{Ahadi:2016:SSM:2899415.2899464,
 author = {Ahadi, Alireza and Prior, Julia and Behbood, Vahid and Lister, Raymond},
 title = {Students' Semantic Mistakes in Writing Seven Different Types of SQL Queries},
 booktitle = {Proceedings of the 2016 ACM Conference on Innovation and Technology in Computer Science Education},
 series = {ITiCSE '16},
 year = {2016},
 isbn = {978-1-4503-4231-5},
 location = {Arequipa, Peru},
 pages = {272--277},
 numpages = {6},
 url = {http://doi.acm.org/10.1145/2899415.2899464},
 doi = {10.1145/2899415.2899464},
 acmid = {2899464},
 publisher = {ACM},
 address = {New York, NY, USA},
 keywords = {databases, online assessment, sql queries},
}

@article{Crues:2018:GLG:3278118.3152892,
 author = {Crues, R. Wes and Henricks, Genevieve M. and Perry, Michelle and Bhat, Suma and Anderson, Carolyn J. and Shaik, Najmuddin and Angrave, Lawrence},
 title = {How Do Gender, Learning Goals, and Forum Participation Predict Persistence in a Computer Science MOOC?},
 journal = {ACM Trans. Comput. Educ.},
 issue_date = {November 2018},
 volume = {18},
 number = {4},
 month = sep,
 year = {2018},
 issn = {1946-6226},
 pages = {18:1--18:14},
 articleno = {18},
 numpages = {14},
 url = {http://doi.acm.org/10.1145/3152892},
 doi = {10.1145/3152892},
 acmid = {3152892},
 publisher = {ACM},
 address = {New York, NY, USA},
 keywords = {Android app development, forum participation, gender gap, learning goals},
}

@inproceedings{Lovellette:2017:JNI:3017680.3017726,
 author = {Lovellette, Ellie and Matta, John and Bouvier, Dennis and Frye, Roger},
 title = {Just the Numbers: An Investigation of Contextualization of Problems for Novice Programmers},
 booktitle = {Proceedings of the 2017 ACM SIGCSE Technical Symposium on Computer Science Education},
 series = {SIGCSE '17},
 year = {2017},
 isbn = {978-1-4503-4698-6},
 location = {Seattle, Washington, USA},
 pages = {393--398},
 numpages = {6},
 url = {http://doi.acm.org/10.1145/3017680.3017726},
 doi = {10.1145/3017680.3017726},
 acmid = {3017726},
 publisher = {ACM},
 address = {New York, NY, USA},
 keywords = {CS1, novice programming, problem solving, rainfall, soloway},
}

@inproceedings{Eivazi:2010:IPS:1930464.1930472,
 author = {Eivazi, Shahram and Bednarik, Roman},
 title = {Inferring Problem Solving Strategies Using Eye-tracking: System Description and Evaluation},
 booktitle = {Proceedings of the 10th Koli Calling International Conference on Computing Education Research},
 series = {Koli Calling '10},
 year = {2010},
 isbn = {978-1-4503-0520-4},
 location = {Koli, Finland},
 pages = {55--61},
 numpages = {7},
 url = {http://doi.acm.org/10.1145/1930464.1930472},
 doi = {10.1145/1930464.1930472},
 acmid = {1930472},
 publisher = {ACM},
 address = {New York, NY, USA},
 keywords = {cognitive processes, educational research, eye tracking, machine learning, problem-solving},
}

@inproceedings{Schulte:2010:IPC:1971681.1971687,
 author = {Schulte, Carsten and Clear, Tony and Taherkhani, Ahmad and Busjahn, Teresa and Paterson, James H.},
 title = {An Introduction to Program Comprehension for Computer Science Educators},
 booktitle = {Proceedings of the 2010 ITiCSE Working Group Reports},
 series = {ITiCSE-WGR '10},
 year = {2010},
 isbn = {978-1-4503-0677-5},
 location = {Ankara, Turkey},
 pages = {65--86},
 numpages = {22},
 url = {http://doi.acm.org/10.1145/1971681.1971687},
 doi = {10.1145/1971681.1971687},
 acmid = {1971687},
 publisher = {ACM},
 address = {New York, NY, USA},
 keywords = {CS ed research, pedagogy, program comprehension},
}

@article{Apiola:2012:CLE:2275597.2275600,
 author = {Apiola, Mikko and Lattu, Matti and Pasanen, Tomi A.},
 title = {Creativity-Supporting Learning Environment---CSLE},
 journal = {Trans. Comput. Educ.},
 issue_date = {July 2012},
 volume = {12},
 number = {3},
 month = jul,
 year = {2012},
 issn = {1946-6226},
 pages = {11:1--11:25},
 articleno = {11},
 numpages = {25},
 url = {http://doi.acm.org/10.1145/2275597.2275600},
 doi = {10.1145/2275597.2275600},
 acmid = {2275600},
 publisher = {ACM},
 address = {New York, NY, USA},
 keywords = {Robotics, creativity, motivation, open learning environment},
}

@article{Bower:2006:VCP:1124706.1121390,
 author = {Bower, Matt},
 title = {Virtual Classroom Pedagogy},
 journal = {SIGCSE Bull.},
 issue_date = {March 2006},
 volume = {38},
 number = {1},
 month = mar,
 year = {2006},
 issn = {0097-8418},
 pages = {148--152},
 numpages = {5},
 url = {http://doi.acm.org/10.1145/1124706.1121390},
 doi = {10.1145/1124706.1121390},
 acmid = {1121390},
 publisher = {ACM},
 address = {New York, NY, USA},
 keywords = {online learning, pedagogy, virtual classroom},
}

@inproceedings{Bower:2006:VCP:1121341.1121390,
 author = {Bower, Matt},
 title = {Virtual Classroom Pedagogy},
 booktitle = {Proceedings of the 37th SIGCSE Technical Symposium on Computer Science Education},
 series = {SIGCSE '06},
 year = {2006},
 isbn = {1-59593-259-3},
 location = {Houston, Texas, USA},
 pages = {148--152},
 numpages = {5},
 url = {http://doi.acm.org/10.1145/1121341.1121390},
 doi = {10.1145/1121341.1121390},
 acmid = {1121390},
 publisher = {ACM},
 address = {New York, NY, USA},
 keywords = {online learning, pedagogy, virtual classroom},
}

@inproceedings{Rankin:2008:UCG:1401843.1401851,
 author = {Rankin, Yolanda A. and McNeal, McKenzie and Shute, Marcus W. and Gooch, Bruce},
 title = {User Centered Game Design: Evaluating Massive Multiplayer Online Role Playing Games for Second Language Acquisition},
 booktitle = {Proceedings of the 2008 ACM SIGGRAPH Symposium on Video Games},
 series = {Sandbox '08},
 year = {2008},
 isbn = {978-1-60558-173-6},
 location = {Los Angeles, California},
 pages = {43--49},
 numpages = {7},
 url = {http://doi.acm.org/10.1145/1401843.1401851},
 doi = {10.1145/1401843.1401851},
 acmid = {1401851},
 publisher = {ACM},
 address = {New York, NY, USA},
 keywords = {game design, interaction design, second language acquisition, serious games, user centered design},
}

@inproceedings{Busjahn:2013:UCR:2526968.2526969,
 author = {Busjahn, Teresa and Schulte, Carsten},
 title = {The Use of Code Reading in Teaching Programming},
 booktitle = {Proceedings of the 13th Koli Calling International Conference on Computing Education Research},
 series = {Koli Calling '13},
 year = {2013},
 isbn = {978-1-4503-2482-3},
 location = {Koli, Finland},
 pages = {3--11},
 numpages = {9},
 url = {http://doi.acm.org/10.1145/2526968.2526969},
 doi = {10.1145/2526968.2526969},
 acmid = {2526969},
 publisher = {ACM},
 address = {New York, NY, USA},
 keywords = {CS ed research, code comprehension, code reading, educational research, program comprehension, teaching programming},
}

@inproceedings{Loksa:2016:RSP:2960310.2960334,
 author = {Loksa, Dastyni and Ko, Andrew J.},
 title = {The Role of Self-Regulation in Programming Problem Solving Process and Success},
 booktitle = {Proceedings of the 2016 ACM Conference on International Computing Education Research},
 series = {ICER '16},
 year = {2016},
 isbn = {978-1-4503-4449-4},
 location = {Melbourne, VIC, Australia},
 pages = {83--91},
 numpages = {9},
 url = {http://doi.acm.org/10.1145/2960310.2960334},
 doi = {10.1145/2960310.2960334},
 acmid = {2960334},
 publisher = {ACM},
 address = {New York, NY, USA},
 keywords = {problem solving, programming, self-regulation, think-aloud},
}

@inproceedings{Grover:2013:UDP:2445196.2445404,
 author = {Grover, Shuchi and Pea, Roy},
 title = {Using a Discourse-intensive Pedagogy and Android's App Inventor for Introducing Computational Concepts to Middle School Students},
 booktitle = {Proceeding of the 44th ACM Technical Symposium on Computer Science Education},
 series = {SIGCSE '13},
 year = {2013},
 isbn = {978-1-4503-1868-6},
 location = {Denver, Colorado, USA},
 pages = {723--728},
 numpages = {6},
 url = {http://doi.acm.org/10.1145/2445196.2445404},
 doi = {10.1145/2445196.2445404},
 acmid = {2445404},
 publisher = {ACM},
 address = {New York, NY, USA},
 keywords = {CS ed research, K-12 instruction, android, app inventor, computational thinking, experience report, introductory programming, middle school},
}

@inproceedings{Marcellis:2018:DBC:3279720.3279739,
 author = {Marcellis, Marco and Barendsen, Erik and van Merri\"{e}nboer, Jeroen},
 title = {Designing a Blended Course in Android App Development Using 4C/ID},
 booktitle = {Proceedings of the 18th Koli Calling International Conference on Computing Education Research},
 series = {Koli Calling '18},
 year = {2018},
 isbn = {978-1-4503-6535-2},
 location = {Koli, Finland},
 pages = {19:1--19:5},
 articleno = {19},
 numpages = {5},
 url = {http://doi.acm.org/10.1145/3279720.3279739},
 doi = {10.1145/3279720.3279739},
 acmid = {3279739},
 publisher = {ACM},
 address = {New York, NY, USA},
 keywords = {4C/ID, Android app development, Blended Learning},
}

@inproceedings{Bartoli:2013:EMT:2485760.2485774,
 author = {Bartoli, Laura and Corradi, Clara and Garzotto, Franca and Valoriani, Matteo},
 title = {Exploring Motion-based Touchless Games for Autistic Children's Learning},
 booktitle = {Proceedings of the 12th International Conference on Interaction Design and Children},
 series = {IDC '13},
 year = {2013},
 isbn = {978-1-4503-1918-8},
 location = {New York, New York, USA},
 pages = {102--111},
 numpages = {10},
 url = {http://doi.acm.org/10.1145/2485760.2485774},
 doi = {10.1145/2485760.2485774},
 acmid = {2485774},
 publisher = {ACM},
 address = {New York, NY, USA},
 keywords = {autistic children, learning, motion-based touchless interaction},
}

@inproceedings{Sabin:2008:CEL:1414558.1414600,
 author = {Sabin, Mihaela},
 title = {A Collaborative and Experiential Learning Model Powered by Real-world Projects},
 booktitle = {Proceedings of the 9th ACM SIGITE Conference on Information Technology Education},
 series = {SIGITE '08},
 year = {2008},
 isbn = {978-1-60558-329-7},
 location = {Cincinnati, OH, USA},
 pages = {157--164},
 numpages = {8},
 url = {http://doi.acm.org/10.1145/1414558.1414600},
 doi = {10.1145/1414558.1414600},
 acmid = {1414600},
 publisher = {ACM},
 address = {New York, NY, USA},
 keywords = {guided instruction, interactive teaching, real-world team projects, self assessment and assessment of teamwork},
}

@inproceedings{Davis:2017:HBT:3078072.3079755,
 author = {Davis, Richard Lee and Orta Martinez, Melisa and Schneider, Oliver and MacLean, Karon E. and Okamura, Allison M. and Blikstein, Paulo},
 title = {The Haptic Bridge: Towards a Theory for Haptic-Supported Learning},
 booktitle = {Proceedings of the 2017 Conference on Interaction Design and Children},
 series = {IDC '17},
 year = {2017},
 isbn = {978-1-4503-4921-5},
 location = {Stanford, California, USA},
 pages = {51--60},
 numpages = {10},
 url = {http://doi.acm.org/10.1145/3078072.3079755},
 doi = {10.1145/3078072.3079755},
 acmid = {3079755},
 publisher = {ACM},
 address = {New York, NY, USA},
 keywords = {constructivism, dynamic visualizations, guided discovery, haptic-feedback devices},
}

@inproceedings{Skudder:2014:WEC:2667490.2667497,
 author = {Skudder, Ben and Luxton-Reilly, Andrew},
 title = {Worked Examples in Computer Science},
 booktitle = {Proceedings of the Sixteenth Australasian Computing Education Conference - Volume 148},
 series = {ACE '14},
 year = {2014},
 isbn = {978-1-921770-31-9},
 location = {Auckland, New Zealand},
 pages = {59--64},
 numpages = {6},
 url = {http://dl.acm.org/citation.cfm?id=2667490.2667497},
 acmid = {2667497},
 publisher = {Australian Computer Society, Inc.},
 address = {Darlinghurst, Australia, Australia},
 keywords = {cognition, cognitive load theory, learning, worked examples},
}

@article{Armoni:2011:CSC:1963533.1963540,
 author = {Armoni, Michal},
 title = {COMPUTING IN SCHOOLS: CS Contests for Students: Why and How?},
 journal = {ACM Inroads},
 issue_date = {June 2011},
 volume = {2},
 number = {2},
 month = jun,
 year = {2011},
 issn = {2153-2184},
 pages = {22--23},
 numpages = {2},
 url = {http://doi.acm.org/10.1145/1963533.1963540},
 doi = {10.1145/1963533.1963540},
 acmid = {1963540},
 publisher = {ACM},
 address = {New York, NY, USA},
}

@inproceedings{Trinh:2011:UCI:2049536.2049632,
 author = {Trinh, Ha},
 title = {Using a Computer Intervention to Support Phonological Awareness Development of Nonspeaking Adults},
 booktitle = {The Proceedings of the 13th International ACM SIGACCESS Conference on Computers and Accessibility},
 series = {ASSETS '11},
 year = {2011},
 isbn = {978-1-4503-0920-2},
 location = {Dundee, Scotland, UK},
 pages = {329--330},
 numpages = {2},
 url = {http://doi.acm.org/10.1145/2049536.2049632},
 doi = {10.1145/2049536.2049632},
 acmid = {2049632},
 publisher = {ACM},
 address = {New York, NY, USA},
 keywords = {computer-based intervention, literacy, phonological awareness, severe speech and physical impairments},
}

@inproceedings{Clarke:2014:IPR:2713609.2713612,
 author = {Clarke, Dave and Clear, Tony and Fisler, Kathi and Hauswirth, Matthias and Krishnamurthi, Shriram and Politz, Joe Gibbs and Tirronen, Ville and Wrigstad, Tobias},
 title = {In-Flow Peer Review},
 booktitle = {Proceedings of the Working Group Reports of the 2014 on Innovation \&\#38; Technology in Computer Science Education Conference},
 series = {ITiCSE-WGR '14},
 year = {2014},
 isbn = {978-1-4503-3406-8},
 location = {Uppsala, Sweden},
 pages = {59--79},
 numpages = {21},
 url = {http://doi.acm.org/10.1145/2713609.2713612},
 doi = {10.1145/2713609.2713612},
 acmid = {2713612},
 publisher = {ACM},
 address = {New York, NY, USA},
}

@article{Heise:2006:AIB:1127389.1127411,
 author = {Heise, David},
 title = {Asserting the Inherent Benefits of Hands-on Laboratory Projects vs. Computer Simulations},
 journal = {J. Comput. Sci. Coll.},
 issue_date = {April 2006},
 volume = {21},
 number = {4},
 month = apr,
 year = {2006},
 issn = {1937-4771},
 pages = {104--110},
 numpages = {7},
 url = {http://dl.acm.org/citation.cfm?id=1127389.1127411},
 acmid = {1127411},
 publisher = {Consortium for Computing Sciences in Colleges},
 address = {USA},
}

@inproceedings{Cunningham:2017:UTS:3105726.3106190,
 author = {Cunningham, Kathryn and Blanchard, Sarah and Ericson, Barbara and Guzdial, Mark},
 title = {Using Tracing and Sketching to Solve Programming Problems: Replicating and Extending an Analysis of What Students Draw},
 booktitle = {Proceedings of the 2017 ACM Conference on International Computing Education Research},
 series = {ICER '17},
 year = {2017},
 isbn = {978-1-4503-4968-0},
 location = {Tacoma, Washington, USA},
 pages = {164--172},
 numpages = {9},
 url = {http://doi.acm.org/10.1145/3105726.3106190},
 doi = {10.1145/3105726.3106190},
 acmid = {3106190},
 publisher = {ACM},
 address = {New York, NY, USA},
 keywords = {cs1, distributed cognition, notional machine, novice programmers, sketching, tracing},
}

@inproceedings{Fan:2016:DRO:2930674.2930690,
 author = {Fan, Min and Antle, Alissa N. and Cramer, Emily S.},
 title = {Design Rationale: Opportunities and Recommendations for Tangible Reading Systems for Children},
 booktitle = {Proceedings of the The 15th International Conference on Interaction Design and Children},
 series = {IDC '16},
 year = {2016},
 isbn = {978-1-4503-4313-8},
 location = {Manchester, United Kingdom},
 pages = {101--112},
 numpages = {12},
 url = {http://doi.acm.org/10.1145/2930674.2930690},
 doi = {10.1145/2930674.2930690},
 acmid = {2930690},
 publisher = {ACM},
 address = {New York, NY, USA},
 keywords = {Tangible user interfaces, children, design rationale, dyslexia, literacy, reading, spelling},
}

@inproceedings{Duran:2018:TID:3230977.3231007,
 author = {Duran, Rodrigo},
 title = {Towards an Instructional Design of Complex Learning in Introductory Programming Courses},
 booktitle = {Proceedings of the 2018 ACM Conference on International Computing Education Research},
 series = {ICER '18},
 year = {2018},
 isbn = {978-1-4503-5628-2},
 location = {Espoo, Finland},
 pages = {262--263},
 numpages = {2},
 url = {http://doi.acm.org/10.1145/3230977.3231007},
 doi = {10.1145/3230977.3231007},
 acmid = {3231007},
 publisher = {ACM},
 address = {New York, NY, USA},
 keywords = {cognitive load theory, complexity, model of hierarchical complexity, plan-composition strategies, program cognitive complexity},
}

@inproceedings{Mason:2016:FAC:2960310.2960321,
 author = {Mason, Raina and Simon and Cooper, Graham and Wilks, Barry},
 title = {Flipping the Assessment of Cognitive Load: Why and How},
 booktitle = {Proceedings of the 2016 ACM Conference on International Computing Education Research},
 series = {ICER '16},
 year = {2016},
 isbn = {978-1-4503-4449-4},
 location = {Melbourne, VIC, Australia},
 pages = {43--52},
 numpages = {10},
 url = {http://doi.acm.org/10.1145/2960310.2960321},
 doi = {10.1145/2960310.2960321},
 acmid = {2960321},
 publisher = {ACM},
 address = {New York, NY, USA},
 keywords = {cognitive load theory, computing education, mobile apps, programming education},
}

@inproceedings{Herold:2014:LTA:2662253.2662303,
 author = {H{\'e}rold, Jean-Fran\c{c}ois},
 title = {Learning with an IT Tool: Analysis of the Student's Activity},
 booktitle = {Proceedings of the XV International Conference on Human Computer Interaction},
 series = {Interacci\&\#243;n '14},
 year = {2014},
 isbn = {978-1-4503-2880-7},
 location = {Puerto de la Cruz, Tenerife, Spain},
 pages = {50:1--50:4},
 articleno = {50},
 numpages = {4},
 url = {http://doi.acm.org/10.1145/2662253.2662303},
 doi = {10.1145/2662253.2662303},
 acmid = {2662303},
 publisher = {ACM},
 address = {New York, NY, USA},
 keywords = {Analysis of activity, Cognitive load theory, Information Technology, Interaction, Learning},
}

@inproceedings{Donaldson:2018:FLA:3265757.3265776,
 author = {Donaldson, Peter and Cutts, Quintin},
 title = {Flexible Low-cost Activities to Develop Novice Code Comprehension Skills in Schools},
 booktitle = {Proceedings of the 13th Workshop in Primary and Secondary Computing Education},
 series = {WiPSCE '18},
 year = {2018},
 isbn = {978-1-4503-6588-8},
 location = {Potsdam, Germany},
 pages = {19:1--19:4},
 articleno = {19},
 numpages = {4},
 url = {http://doi.acm.org/10.1145/3265757.3265776},
 doi = {10.1145/3265757.3265776},
 acmid = {3265776},
 publisher = {ACM},
 address = {New York, NY, USA},
 keywords = {block model, formative assessment, notional machine, program comprehension},
}

@article{Vainio:2007:FNP:1269900.1268853,
 author = {Vainio, Vesa and Sajaniemi, Jorma},
 title = {Factors in Novice Programmers' Poor Tracing Skills},
 journal = {SIGCSE Bull.},
 issue_date = {September 2007},
 volume = {39},
 number = {3},
 month = jun,
 year = {2007},
 issn = {0097-8418},
 pages = {236--240},
 numpages = {5},
 url = {http://doi.acm.org/10.1145/1269900.1268853},
 doi = {10.1145/1269900.1268853},
 acmid = {1268853},
 publisher = {ACM},
 address = {New York, NY, USA},
 keywords = {elementary programming, program tracing, programming education},
}

@inproceedings{Vainio:2007:FNP:1268784.1268853,
 author = {Vainio, Vesa and Sajaniemi, Jorma},
 title = {Factors in Novice Programmers' Poor Tracing Skills},
 booktitle = {Proceedings of the 12th Annual SIGCSE Conference on Innovation and Technology in Computer Science Education},
 series = {ITiCSE '07},
 year = {2007},
 isbn = {978-1-59593-610-3},
 location = {Dundee, Scotland},
 pages = {236--240},
 numpages = {5},
 url = {http://doi.acm.org/10.1145/1268784.1268853},
 doi = {10.1145/1268784.1268853},
 acmid = {1268853},
 publisher = {ACM},
 address = {New York, NY, USA},
 keywords = {elementary programming, program tracing, programming education},
}

@book{Not a Valid ID2534860,
 author = {Joint Task Force on Computing Curricula, Association for Computing Machinery (ACM) and IEEE Computer Society},
 title = {Computer Science Curricula 2013: Curriculum Guidelines for Undergraduate Degree Programs in Computer Science},
 year = {2013},
 isbn = {978-1-4503-2309-3},
 note = {999133},
 publisher = {ACM},
 address = {New York, NY, USA},
}

@article{Qian:2017:SMO:3155324.3077618,
 author = {Qian, Yizhou and Lehman, James},
 title = {Students\&\#x2019; Misconceptions and Other Difficulties in Introductory Programming: A Literature Review},
 journal = {ACM Trans. Comput. Educ.},
 issue_date = {December 2017},
 volume = {18},
 number = {1},
 month = oct,
 year = {2017},
 issn = {1946-6226},
 pages = {1:1--1:24},
 articleno = {1},
 numpages = {24},
 url = {http://doi.acm.org/10.1145/3077618},
 doi = {10.1145/3077618},
 acmid = {3077618},
 publisher = {ACM},
 address = {New York, NY, USA},
 keywords = {Misconceptions, conceptual change, constructivism, difficulties, introductory programming},
}

@inproceedings{Morrison:2016:SHS:2839509.2844617,
 author = {Morrison, Briana B. and Margulieux, Lauren E. and Ericson, Barbara and Guzdial, Mark},
 title = {Subgoals Help Students Solve Parsons Problems},
 booktitle = {Proceedings of the 47th ACM Technical Symposium on Computing Science Education},
 series = {SIGCSE '16},
 year = {2016},
 isbn = {978-1-4503-3685-7},
 location = {Memphis, Tennessee, USA},
 pages = {42--47},
 numpages = {6},
 url = {http://doi.acm.org/10.1145/2839509.2844617},
 doi = {10.1145/2839509.2844617},
 acmid = {2844617},
 publisher = {ACM},
 address = {New York, NY, USA},
 keywords = {cognitive load, contextual transfer, parsons problem, subgoal labels},
}

@inproceedings{Parlangeli:2011:ESU:2037296.2037314,
 author = {Parlangeli, Oronzo and Mengoni, Guido and Guidi, Stefano},
 title = {The Effect of System Usability and Multitasking Activities in Distance Learning},
 booktitle = {Proceedings of the 9th ACM SIGCHI Italian Chapter International Conference on Computer-Human Interaction: Facing Complexity},
 series = {CHItaly},
 year = {2011},
 isbn = {978-1-4503-0876-2},
 location = {Alghero, Italy},
 pages = {59--64},
 numpages = {6},
 url = {http://doi.acm.org/10.1145/2037296.2037314},
 doi = {10.1145/2037296.2037314},
 acmid = {2037314},
 publisher = {ACM},
 address = {New York, NY, USA},
 keywords = {distance education, multitasking, usability, user interface},
}

@inproceedings{Schulte:2008:BME:1404520.1404535,
 author = {Schulte, Carsten},
 title = {Block Model: An Educational Model of Program Comprehension As a Tool for a Scholarly Approach to Teaching},
 booktitle = {Proceedings of the Fourth International Workshop on Computing Education Research},
 series = {ICER '08},
 year = {2008},
 isbn = {978-1-60558-216-0},
 location = {Sydney, Australia},
 pages = {149--160},
 numpages = {12},
 url = {http://doi.acm.org/10.1145/1404520.1404535},
 doi = {10.1145/1404520.1404535},
 acmid = {1404535},
 publisher = {ACM},
 address = {New York, NY, USA},
 keywords = {CS, CS ed research, educational model, pedagogy, program comprehension, teaching algorithms, teaching teacher students},
}

@inproceedings{Larmuseau:2019:MDU:3303772.3303778,
 author = {Larmuseau, Charlotte and Vanneste, Pieter and Desmet, Piet and Depaepe, Fien},
 title = {Multichannel Data for Understanding Cognitive Affordances During Complex Problem Solving},
 booktitle = {Proceedings of the 9th International Conference on Learning Analytics \& Knowledge},
 series = {LAK19},
 year = {2019},
 isbn = {978-1-4503-6256-6},
 location = {Tempe, AZ, USA},
 pages = {61--70},
 numpages = {10},
 url = {http://doi.acm.org/10.1145/3303772.3303778},
 doi = {10.1145/3303772.3303778},
 acmid = {3303778},
 publisher = {ACM},
 address = {New York, NY, USA},
 keywords = {Cognitive load, complex problem solving, online measurements, physiological data, strategy use, virtual learning environments},
}

@inproceedings{Shayo:2008:RTA:1355238.1355266,
 author = {Shayo, Conrad},
 title = {The Role of Technology and Authentic Task Contexts in Promoting Inclusive Learning for Disabled and Non-disabled College Students},
 booktitle = {Proceedings of the 2008 ACM SIGMIS CPR Conference on Computer Personnel Doctoral Consortium and Research},
 series = {SIGMIS CPR '08},
 year = {2008},
 isbn = {978-1-60558-069-2},
 location = {Charlottesville, VA, USA},
 pages = {109--111},
 numpages = {3},
 url = {http://doi.acm.org/10.1145/1355238.1355266},
 doi = {10.1145/1355238.1355266},
 acmid = {1355266},
 publisher = {ACM},
 address = {New York, NY, USA},
 keywords = {assessment, authentic task contexts, guided learning, learning processes, multimedia technology, universal design for learning},
}

@inproceedings{Cai:2013:AAG:2468356.2479490,
 author = {Cai, Carrie J.},
 title = {Adapting Arcade Games for Learning},
 booktitle = {CHI '13 Extended Abstracts on Human Factors in Computing Systems},
 series = {CHI EA '13},
 year = {2013},
 isbn = {978-1-4503-1952-2},
 location = {Paris, France},
 pages = {2665--2670},
 numpages = {6},
 url = {http://doi.acm.org/10.1145/2468356.2479490},
 doi = {10.1145/2468356.2479490},
 acmid = {2479490},
 publisher = {ACM},
 address = {New York, NY, USA},
 keywords = {design, education},
}

@inproceedings{Kurvinen:2012:CLP:2401796.2401801,
 author = {Kurvinen, Einari and Lind{\'e}n, Rolf and Rajala, Teemu and Kaila, Erkki and Laakso, Mikko-Jussi and Salakoski, Tapio},
 title = {Computer-assisted Learning in Primary School Mathematics Using ViLLE Education Tool},
 booktitle = {Proceedings of the 12th Koli Calling International Conference on Computing Education Research},
 series = {Koli Calling '12},
 year = {2012},
 isbn = {978-1-4503-1795-5},
 location = {Koli, Finland},
 pages = {39--46},
 numpages = {8},
 url = {http://doi.acm.org/10.1145/2401796.2401801},
 doi = {10.1145/2401796.2401801},
 acmid = {2401801},
 publisher = {ACM},
 address = {New York, NY, USA},
 keywords = {ICT in schools, collaborative learning, computer-assisted learning},
}

@inproceedings{deWinter:2008:ASD:1409240.1409314,
 author = {de Winter, J. C. F. and de Groot, S. and Dankelman, J. and Wieringa, P. A. and van Paassen, M. M. and Mulder, M.},
 title = {Advancing Simulation-based Driver Training: Lessons Learned and Future Perspectives},
 booktitle = {Proceedings of the 10th International Conference on Human Computer Interaction with Mobile Devices and Services},
 series = {MobileHCI '08},
 year = {2008},
 isbn = {978-1-59593-952-4},
 location = {Amsterdam, The Netherlands},
 pages = {459--464},
 numpages = {6},
 url = {http://doi.acm.org/10.1145/1409240.1409314},
 doi = {10.1145/1409240.1409314},
 acmid = {1409314},
 publisher = {ACM},
 address = {New York, NY, USA},
}

@article{Thomas:2001:OSS:507758.377661,
 author = {Thomas, Pete and Logan, Kit},
 title = {Observational Studies of Student Errors in a Distance Learning Environment Using a Remote Recording and Replay Tool},
 journal = {SIGCSE Bull.},
 issue_date = {Sept. 2001},
 volume = {33},
 number = {3},
 month = jun,
 year = {2001},
 issn = {0097-8418},
 pages = {117--120},
 numpages = {4},
 url = {http://doi.acm.org/10.1145/507758.377661},
 doi = {10.1145/507758.377661},
 acmid = {377661},
 publisher = {ACM},
 address = {New York, NY, USA},
}

@inproceedings{Thomas:2001:OSS:377435.377661,
 author = {Thomas, Pete and Logan, Kit},
 title = {Observational Studies of Student Errors in a Distance Learning Environment Using a Remote Recording and Replay Tool},
 booktitle = {Proceedings of the 6th Annual Conference on Innovation and Technology in Computer Science Education},
 series = {ITiCSE '01},
 year = {2001},
 isbn = {1-58113-330-8},
 location = {Canterbury, United Kingdom},
 pages = {117--120},
 numpages = {4},
 url = {http://doi.acm.org/10.1145/377435.377661},
 doi = {10.1145/377435.377661},
 acmid = {377661},
 publisher = {ACM},
 address = {New York, NY, USA},
}

@inproceedings{Sharma:2014:UTM:2643572.2643584,
 author = {Sharma, Ankur and Hawkey, Kirstie},
 title = {Understanding the Tradeoffs of Mobile Device Output Modalities in Just-in-time Learning of Mechanical Tasks},
 booktitle = {Proceedings of the 2014 Mulitmedia, Interaction, Design and Innovation International Conference on Multimedia, Interaction, Design and Innovation},
 series = {MIDI '14},
 year = {2014},
 isbn = {978-1-4503-2779-4},
 location = {Warsaw, Poland},
 pages = {12:1--12:10},
 articleno = {12},
 numpages = {10},
 url = {http://doi.acm.org/10.1145/2643572.2643584},
 doi = {10.1145/2643572.2643584},
 acmid = {2643584},
 publisher = {ACM},
 address = {New York, NY, USA},
 keywords = {Multi-media-interface, cognitive load, just-in-time learning, mobile device},
}

@inproceedings{Li:2019:SEE:3338147.3338156,
 author = {Li, Yinghui},
 title = {Summarization Exercises in E-Interpreting Training},
 booktitle = {Proceedings of the 2019 4th International Conference on Distance Education and Learning},
 series = {ICDEL 2019},
 year = {2019},
 isbn = {978-1-4503-6265-8},
 location = {Shanghai, China},
 pages = {88--92},
 numpages = {5},
 url = {http://doi.acm.org/10.1145/3338147.3338156},
 doi = {10.1145/3338147.3338156},
 acmid = {3338156},
 publisher = {ACM},
 address = {New York, NY, USA},
 keywords = {beginner, intermediate, interpreting performance, interpreting training, student interpreter, summarization},
}

@inproceedings{Abowd:1998:ICI:274644.274704,
 author = {Abowd, Gregory D. and Atkeson, Christopher G. and Brotherton, Jason and Enqvist, Tommy and Gulley, Paul and LeMon, Johan},
 title = {Investigating the Capture, Integration and Access Problem of Ubiquitous Computing in an Educational Setting},
 booktitle = {Proceedings of the SIGCHI Conference on Human Factors in Computing Systems},
 series = {CHI '98},
 year = {1998},
 isbn = {0-201-30987-4},
 location = {Los Angeles, California, USA},
 pages = {440--447},
 numpages = {8},
 url = {http://dx.doi.org/10.1145/274644.274704},
 doi = {10.1145/274644.274704},
 acmid = {274704},
 publisher = {ACM Press/Addison-Wesley Publishing Co.},
 address = {New York, NY, USA},
 keywords = {capture, educational application, integration and access of multimedia, ubiquitous computing},
}

@inproceedings{Pitkanen:2019:SFL:3335055.3335061,
 author = {Pitk\"{a}nen, Kati and Iwata, Megumi and Laru, Jari},
 title = {Supporting Fab Lab Facilitators to Develop Pedagogical Practices to Improve Learning in Digital Fabrication Activities},
 booktitle = {Proceedings of the FabLearn Europe 2019 Conference},
 series = {FabLearn Europe '19},
 year = {2019},
 isbn = {978-1-4503-6266-5},
 location = {Oulu, Finland},
 pages = {6:1--6:9},
 articleno = {6},
 numpages = {9},
 url = {http://doi.acm.org/10.1145/3335055.3335061},
 doi = {10.1145/3335055.3335061},
 acmid = {3335061},
 publisher = {ACM},
 address = {New York, NY, USA},
 keywords = {Activity Design, Digital Fabrication, Fab Lab Facilitators, Ill-structured Problem Solving, Scaffolding, Teachers},
}

@inproceedings{Griffin:2016:LTA:2978192.2978231,
 author = {Griffin, Jean M.},
 title = {Learning by Taking Apart: Deconstructing Code by Reading, Tracing, and Debugging},
 booktitle = {Proceedings of the 17th Annual Conference on Information Technology Education},
 series = {SIGITE '16},
 year = {2016},
 isbn = {978-1-4503-4452-4},
 location = {Boston, Massachusetts, USA},
 pages = {148--153},
 numpages = {6},
 url = {http://doi.acm.org/10.1145/2978192.2978231},
 doi = {10.1145/2978192.2978231},
 acmid = {2978231},
 publisher = {ACM},
 address = {New York, NY, USA},
 keywords = {constructionism, cs0, cs1, debugging, deconstructionism, worked examples},
}

@article{Kolko:2011:CRD:1978822.1978840,
 author = {Kolko, Jon},
 title = {The Conflicting Rhetoric of Design Education},
 journal = {interactions},
 issue_date = {July + August 2011},
 volume = {18},
 number = {4},
 month = jul,
 year = {2011},
 issn = {1072-5520},
 pages = {88--91},
 numpages = {4},
 url = {http://doi.acm.org/10.1145/1978822.1978840},
 doi = {10.1145/1978822.1978840},
 acmid = {1978840},
 publisher = {ACM},
 address = {New York, NY, USA},
}

@inproceedings{Kolyda:2013:TSL:2507065.2507077,
 author = {Kolyda, Frantzeska},
 title = {Towards Simplifying Learning Systems: A Critical Review},
 booktitle = {Proceedings of the 31st ACM International Conference on Design of Communication},
 series = {SIGDOC '13},
 year = {2013},
 isbn = {978-1-4503-2131-0},
 location = {Greenville, North Carolina, USA},
 pages = {85--90},
 numpages = {6},
 url = {http://doi.acm.org/10.1145/2507065.2507077},
 doi = {10.1145/2507065.2507077},
 acmid = {2507077},
 publisher = {ACM},
 address = {New York, NY, USA},
 keywords = {educational technology, learning, learning systems, user-centered design},
}

@inproceedings{Park:2016:EVC:2896387.2896419,
 author = {Park, Seyoung and Lee, Jae-Gil and Kim, So-Jeong and Shin, Dong-Hee},
 title = {The Effect of Visual Cueing in 3D Animations for Learning Procedural-manipulative Tasks: From the Perspective of Cognitive Load Theory},
 booktitle = {Proceedings of the International Conference on Internet of Things and Cloud Computing},
 series = {ICC '16},
 year = {2016},
 isbn = {978-1-4503-4063-2},
 location = {Cambridge, United Kingdom},
 pages = {34:1--34:4},
 articleno = {34},
 numpages = {4},
 url = {http://doi.acm.org/10.1145/2896387.2896419},
 doi = {10.1145/2896387.2896419},
 acmid = {2896419},
 publisher = {ACM},
 address = {New York, NY, USA},
 keywords = {3D animation, cognitive load theory, multimedia learning, procedural-manipulative task, transient information effect, visual cueing},
}

@inproceedings{vonHausswolff:2017:HCP:3105726.3105735,
 author = {von Hausswolff, Kristina},
 title = {Hands-on in Computer Programming Education},
 booktitle = {Proceedings of the 2017 ACM Conference on International Computing Education Research},
 series = {ICER '17},
 year = {2017},
 isbn = {978-1-4503-4968-0},
 location = {Tacoma, Washington, USA},
 pages = {279--280},
 numpages = {2},
 url = {http://doi.acm.org/10.1145/3105726.3105735},
 doi = {10.1145/3105726.3105735},
 acmid = {3105735},
 publisher = {ACM},
 address = {New York, NY, USA},
 keywords = {novice programming, pair programming, practice, pragmatism},
}

@inproceedings{Basso:2018:IAC:3279720.3279735,
 author = {Basso, Demis and Fronza, Ilenia and Colombi, Alessandro and Pahl, Claus},
 title = {Improving Assessment of Computational Thinking Through a Comprehensive Framework},
 booktitle = {Proceedings of the 18th Koli Calling International Conference on Computing Education Research},
 series = {Koli Calling '18},
 year = {2018},
 isbn = {978-1-4503-6535-2},
 location = {Koli, Finland},
 pages = {15:1--15:5},
 articleno = {15},
 numpages = {5},
 url = {http://doi.acm.org/10.1145/3279720.3279735},
 doi = {10.1145/3279720.3279735},
 acmid = {3279735},
 publisher = {ACM},
 address = {New York, NY, USA},
 keywords = {End-User Software Engineering, K-12, Software Engineering Training and Education},
}

@inproceedings{Parkinson:2018:IRS:3230977.3230990,
 author = {Parkinson, Jack and Cutts, Quintin},
 title = {Investigating the Relationship Between Spatial Skills and Computer Science},
 booktitle = {Proceedings of the 2018 ACM Conference on International Computing Education Research},
 series = {ICER '18},
 year = {2018},
 isbn = {978-1-4503-5628-2},
 location = {Espoo, Finland},
 pages = {106--114},
 numpages = {9},
 url = {http://doi.acm.org/10.1145/3230977.3230990},
 doi = {10.1145/3230977.3230990},
 acmid = {3230990},
 publisher = {ACM},
 address = {New York, NY, USA},
 keywords = {academic attainment, spatial skills, theoretical model},
}

@inproceedings{Zhi:2018:EIS:3159450.3159519,
 author = {Zhi, Rui and Lytle, Nicholas and Price, Thomas W.},
 title = {Exploring Instructional Support Design in an Educational Game for K-12 Computing Education},
 booktitle = {Proceedings of the 49th ACM Technical Symposium on Computer Science Education},
 series = {SIGCSE '18},
 year = {2018},
 isbn = {978-1-4503-5103-4},
 location = {Baltimore, Maryland, USA},
 pages = {747--752},
 numpages = {6},
 url = {http://doi.acm.org/10.1145/3159450.3159519},
 doi = {10.1145/3159450.3159519},
 acmid = {3159519},
 publisher = {ACM},
 address = {New York, NY, USA},
 keywords = {cognitive load theory, debugging, instructional support, programming game, worked examples},
}

@inproceedings{Melo:2014:AMD:2643604.2643605,
 author = {Melo, M\'{a}rio and Miranda, Guilhermina Lobato},
 title = {Applying the 4C-ID Model to the Design of a Digital Educational Resource for Teaching Electric Circuits: Effects on Student Achievement},
 booktitle = {Proceedings of the 2014 Workshop on Interaction Design in Educational Environments},
 series = {IDEE '14},
 year = {2014},
 isbn = {978-1-4503-3034-3},
 location = {Albacete, Spain},
 pages = {8:8--8:14},
 articleno = {8},
 numpages = {7},
 url = {http://doi.acm.org/10.1145/2643604.2643605},
 doi = {10.1145/2643604.2643605},
 acmid = {2643605},
 publisher = {ACM},
 address = {New York, NY, USA},
 keywords = {4C-ID model, Digital educational resources, Electric circuits, Instructional design \& technology, Learning environments, Multimedia educational messages},
}

@inproceedings{Song:2012:RTS:2207676.2208605,
 author = {Song, Minyoung and Quintana, Chris},
 title = {Representing "Too Small to See" As "Too Small to See" with Temporal Representation},
 booktitle = {Proceedings of the SIGCHI Conference on Human Factors in Computing Systems},
 series = {CHI '12},
 year = {2012},
 isbn = {978-1-4503-1015-4},
 location = {Austin, Texas, USA},
 pages = {1441--1450},
 numpages = {10},
 url = {http://doi.acm.org/10.1145/2207676.2208605},
 doi = {10.1145/2207676.2208605},
 acmid = {2208605},
 publisher = {ACM},
 address = {New York, NY, USA},
 keywords = {educational technology, learning technology, multimedia, multimodal representation, temporal representation},
}

@inproceedings{Cakir:2015:OBI:2793107.2793133,
 author = {Cakir, Murat Perit and \c{C}akir, Nur Akku\c{s} and Ayaz, Hasan and Lee, Frank J.},
 title = {An Optical Brain Imaging Study on the Improvements in Mathematical Fluency from Game-based Learning},
 booktitle = {Proceedings of the 2015 Annual Symposium on Computer-Human Interaction in Play},
 series = {CHI PLAY '15},
 year = {2015},
 isbn = {978-1-4503-3466-2},
 location = {London, United Kingdom},
 pages = {209--219},
 numpages = {11},
 url = {http://doi.acm.org/10.1145/2793107.2793133},
 doi = {10.1145/2793107.2793133},
 acmid = {2793133},
 publisher = {ACM},
 address = {New York, NY, USA},
 keywords = {computational fluency, educational games, functional near-infrared spectroscopy, math education, working memory},
}

@inproceedings{Dang:2017:DDO:3051457.3051470,
 author = {Dang, Steven and Yudelson, Michael and Koedinger, Kenneth R.},
 title = {Detecting Diligence with Online Behaviors on Intelligent Tutoring Systems},
 booktitle = {Proceedings of the Fourth (2017) ACM Conference on Learning @ Scale},
 series = {L@S '17},
 year = {2017},
 isbn = {978-1-4503-4450-0},
 location = {Cambridge, Massachusetts, USA},
 pages = {51--59},
 numpages = {9},
 url = {http://doi.acm.org/10.1145/3051457.3051470},
 doi = {10.1145/3051457.3051470},
 acmid = {3051470},
 publisher = {ACM},
 address = {New York, NY, USA},
 keywords = {diligence, intelligent tutoring systems, learning analytics, measurement, motivation, noncognitive factors, online behaviors, self-control, self-regulated learning},
}

@inproceedings{Ericson:2017:SPP:3141880.3141895,
 author = {Ericson, Barbara J. and Margulieux, Lauren E. and Rick, Jochen},
 title = {Solving Parsons Problems Versus Fixing and Writing Code},
 booktitle = {Proceedings of the 17th Koli Calling International Conference on Computing Education Research},
 series = {Koli Calling '17},
 year = {2017},
 isbn = {978-1-4503-5301-4},
 location = {Koli, Finland},
 pages = {20--29},
 numpages = {10},
 url = {http://doi.acm.org/10.1145/3141880.3141895},
 doi = {10.1145/3141880.3141895},
 acmid = {3141895},
 publisher = {ACM},
 address = {New York, NY, USA},
 keywords = {assessment, code-competition problems, cognitive load, parsons problems, parsons programming puzzles},
}

@inproceedings{Grawemeyer:2016:AOB:2883851.2883936,
 author = {Grawemeyer, Beate and Mavrikis, Manolis and Holmes, Wayne and Gutierrez-Santos, Sergio and Wiedmann, Michael and Rummel, Nikol},
 title = {Affecting Off-task Behaviour: How Affect-aware Feedback Can Improve Student Learning},
 booktitle = {Proceedings of the Sixth International Conference on Learning Analytics \& Knowledge},
 series = {LAK '16},
 year = {2016},
 isbn = {978-1-4503-4190-5},
 location = {Edinburgh, United Kingdom},
 pages = {104--113},
 numpages = {10},
 url = {http://doi.acm.org/10.1145/2883851.2883936},
 doi = {10.1145/2883851.2883936},
 acmid = {2883936},
 publisher = {ACM},
 address = {New York, NY, USA},
 keywords = {affect, exploratory learning environments, feedback},
}

@article{Yasar:2018:NPC:3234519.3214354,
 author = {Ya\c{s}ar, Osman},
 title = {A New Perspective on Computational Thinking},
 journal = {Commun. ACM},
 issue_date = {July 2018},
 volume = {61},
 number = {7},
 month = jun,
 year = {2018},
 issn = {0001-0782},
 pages = {33--39},
 numpages = {7},
 url = {http://doi.acm.org/10.1145/3214354},
 doi = {10.1145/3214354},
 acmid = {3214354},
 publisher = {ACM},
 address = {New York, NY, USA},
}

@inproceedings{Brunda:2010:ACA:1858378.1858390,
 author = {Brunda, A. and Bhavithra, J.},
 title = {Adaptive Computer Assisted Instruction (CAI) for Students with Dyscalculia (Learning Disability in Mathematics)},
 booktitle = {Proceedings of the 1st Amrita ACM-W Celebration on Women in Computing in India},
 series = {A2CWiC '10},
 year = {2010},
 isbn = {978-1-4503-0194-7},
 location = {Coimbatore, India},
 pages = {12:1--12:7},
 articleno = {12},
 numpages = {7},
 url = {http://doi.acm.org/10.1145/1858378.1858390},
 doi = {10.1145/1858378.1858390},
 acmid = {1858390},
 publisher = {ACM},
 address = {New York, NY, USA},
 keywords = {adaptive e-learning, dyscalculia, e-learning, educational software, learning disability (LD), multi dimensional learning algorithm},
}

@inproceedings{Ericson:2016:IDP:2960310.2960335,
 author = {Ericson, Barbara J. and Rogers, Kantwon and Parker, Miranda and Morrison, Briana and Guzdial, Mark},
 title = {Identifying Design Principles for CS Teacher Ebooks Through Design-Based Research},
 booktitle = {Proceedings of the 2016 ACM Conference on International Computing Education Research},
 series = {ICER '16},
 year = {2016},
 isbn = {978-1-4503-4449-4},
 location = {Melbourne, VIC, Australia},
 pages = {191--200},
 numpages = {10},
 url = {http://doi.acm.org/10.1145/2960310.2960335},
 doi = {10.1145/2960310.2960335},
 acmid = {2960335},
 publisher = {ACM},
 address = {New York, NY, USA},
 keywords = {design-based research, ebooks, electronic books, high school teacher professional development},
}

@inproceedings{Luxton-Reilly:2018:DAD:3174781.3174784,
 author = {Luxton-Reilly, Andrew and Becker, Brett A. and Cao, Yingjun and McDermott, Roger and Mirolo, Claudio and M\"{u}hling, Andreas and Petersen, Andrew and Sanders, Kate and Simon and Whalley, Jacqueline},
 title = {Developing Assessments to Determine Mastery of Programming Fundamentals},
 booktitle = {Proceedings of the 2017 ITiCSE Conference on Working Group Reports},
 series = {ITiCSE-WGR '17},
 year = {2017},
 isbn = {978-1-4503-5627-5},
 location = {Bologna, Italy},
 pages = {47--69},
 numpages = {23},
 url = {http://doi.acm.org/10.1145/3174781.3174784},
 doi = {10.1145/3174781.3174784},
 acmid = {3174784},
 publisher = {ACM},
 address = {New York, NY, USA},
 keywords = {assessment, compound assessment, concept inventory, cs1, exam, introductory programming, iticse working group, learning, learning objectives, learning outcomes, mastery, novice programming, questions},
}

@inproceedings{Sweller:2008:EBH:1404520.1404521,
 author = {Sweller, John},
 title = {Evolutionary Bases of Human Cognitive Architecture: Implications for Computing Education},
 booktitle = {Proceedings of the Fourth International Workshop on Computing Education Research},
 series = {ICER '08},
 year = {2008},
 isbn = {978-1-60558-216-0},
 location = {Sydney, Australia},
 pages = {1--2},
 numpages = {2},
 url = {http://doi.acm.org/10.1145/1404520.1404521},
 doi = {10.1145/1404520.1404521},
 acmid = {1404521},
 publisher = {ACM},
 address = {New York, NY, USA},
 keywords = {cognition, cognitive load theory, instruction},
}

@inproceedings{Lister:2011:CON:2459936.2459938,
 author = {Lister, Raymond},
 title = {Concrete and Other neo-Piagetian Forms of Reasoning in the Novice Programmer},
 booktitle = {Proceedings of the Thirteenth Australasian Computing Education Conference - Volume 114},
 series = {ACE '11},
 year = {2011},
 isbn = {978-1-920682-94-1},
 location = {Perth, Australia},
 pages = {9--18},
 numpages = {10},
 url = {http://dl.acm.org/citation.cfm?id=2459936.2459938},
 acmid = {2459938},
 publisher = {Australian Computer Society, Inc.},
 address = {Darlinghurst, Australia, Australia},
 keywords = {neo-Piagetian, novice programmer},
}

@article{Nave:2013:BLO:2460436.2460443,
 author = {Nave, Gidi and Huq, Arefin},
 title = {Blogs},
 journal = {XRDS},
 issue_date = {Summer 2013},
 volume = {19},
 number = {4},
 month = jun,
 year = {2013},
 issn = {1528-4972},
 pages = {14--15},
 numpages = {2},
 url = {http://doi.acm.org/10.1145/2460436.2460443},
 doi = {10.1145/2460436.2460443},
 acmid = {2460443},
 publisher = {ACM},
 address = {New York, NY, USA},
}

@inproceedings{Davenport:2008:DEL:1599812.1599834,
 author = {Davenport, Jodi L. and Yaron, David and Klahr, David and Koedinger, Kenneth},
 title = {When Do Diagrams Enhance Learning? A Framework for Designing Relevant Representations},
 booktitle = {Proceedings of the 8th International Conference on International Conference for the Learning Sciences - Volume 1},
 series = {ICLS'08},
 year = {2008},
 location = {Utrecht, The Netherlands},
 pages = {191--198},
 numpages = {8},
 url = {http://dl.acm.org/citation.cfm?id=1599812.1599834},
 acmid = {1599834},
 publisher = {International Society of the Learning Sciences},
}

@inproceedings{DePryck:2016:CTC:3012430.3012492,
 author = {DePryck, Koen},
 title = {From Computational Thinking to Coding and Back},
 booktitle = {Proceedings of the Fourth International Conference on Technological Ecosystems for Enhancing Multiculturality},
 series = {TEEM '16},
 year = {2016},
 isbn = {978-1-4503-4747-1},
 location = {Salamanca, Spain},
 pages = {27--29},
 numpages = {3},
 url = {http://doi.acm.org/10.1145/3012430.3012492},
 doi = {10.1145/3012430.3012492},
 acmid = {3012492},
 publisher = {ACM},
 address = {New York, NY, USA},
 keywords = {STEM, TACCLE3, coding, computational thinking},
}

@inproceedings{Fowler:2019:ISI:3287324.3287401,
 author = {Fowler, Megan and Cook, Michelle and Plis, Kevin and Schwab, Tim and Sun, Yu-Shan and Sitaraman, Murali and Hallstrom, Jason O. and Hollingsworth, Joseph E.},
 title = {Impact of Steps, Instruction, and Motivation on Learning Symbolic Reasoning Using an Online Tool},
 booktitle = {Proceedings of the 50th ACM Technical Symposium on Computer Science Education},
 series = {SIGCSE '19},
 year = {2019},
 isbn = {978-1-4503-5890-3},
 location = {Minneapolis, MN, USA},
 pages = {1039--1045},
 numpages = {7},
 url = {http://doi.acm.org/10.1145/3287324.3287401},
 doi = {10.1145/3287324.3287401},
 acmid = {3287401},
 publisher = {ACM},
 address = {New York, NY, USA},
 keywords = {attitudes, correctness, motivation, online tool, symbolic reasoning},
}

@article{Shin:2016:EMD:2954340.2914797,
 author = {Shin, Shin-Shing},
 title = {Evaluation of Model Driven Architecture-Based Instruction for Understanding Phase Transitions in Object-Oriented Analysis and Design},
 journal = {Trans. Comput. Educ.},
 issue_date = {October 2016},
 volume = {16},
 number = {4},
 month = aug,
 year = {2016},
 issn = {1946-6226},
 pages = {17:1--17:21},
 articleno = {17},
 numpages = {21},
 url = {http://doi.acm.org/10.1145/2914797},
 doi = {10.1145/2914797},
 acmid = {2914797},
 publisher = {ACM},
 address = {New York, NY, USA},
 keywords = {Cognitive load theory, model driven architecture, object-oriented analysis and design, phase transition, representation format, split-attention effect},
}

@inproceedings{Mason:2012:TIP:2483716.2483721,
 author = {Mason, Raina and Cooper, Graham and de Raadt, Michael},
 title = {Trends in Introductory Programming Courses in Australian Universities: Languages, Environments and Pedagogy},
 booktitle = {Proceedings of the Fourteenth Australasian Computing Education Conference - Volume 123},
 series = {ACE '12},
 year = {2012},
 isbn = {978-1-921770-04-3},
 location = {Melbourne, Australia},
 pages = {33--42},
 numpages = {10},
 url = {http://dl.acm.org/citation.cfm?id=2483716.2483721},
 acmid = {2483721},
 publisher = {Australian Computer Society, Inc.},
 address = {Darlinghurst, Australia, Australia},
 keywords = {Australian university courses, census, introductory programming, mental effort measures, programming environments, programming languages, trends},
}

@inproceedings{Abyaa:2017:ALK:3175628.3175656,
 author = {Abyaa, Abir and Idrissi, Mohammed Khalidi and Bennani, Samir},
 title = {An Adult Learner's Knowledge Model Based on Ontologies and Rule Reasoning},
 booktitle = {Proceedings of the Mediterranean Symposium on Smart City Application},
 series = {SCAMS '17},
 year = {2017},
 isbn = {978-1-4503-5211-6},
 location = {Tangier, Morocco},
 pages = {4:1--4:6},
 articleno = {4},
 numpages = {6},
 url = {http://doi.acm.org/10.1145/3175628.3175656},
 doi = {10.1145/3175628.3175656},
 acmid = {3175656},
 publisher = {ACM},
 address = {New York, NY, USA},
 keywords = {OWL, adaptive learning, adult learner, learner model, ontology, rule modelling},
}

@inproceedings{Jin:2016:TES:2978192.2978238,
 author = {Jin, Karen H. and Haynie, Kathleen and Kearns, Gavin},
 title = {Teaching Elementary Students Programming in a Physical Computing Classroom},
 booktitle = {Proceedings of the 17th Annual Conference on Information Technology Education},
 series = {SIGITE '16},
 year = {2016},
 isbn = {978-1-4503-4452-4},
 location = {Boston, Massachusetts, USA},
 pages = {85--90},
 numpages = {6},
 url = {http://doi.acm.org/10.1145/2978192.2978238},
 doi = {10.1145/2978192.2978238},
 acmid = {2978238},
 publisher = {ACM},
 address = {New York, NY, USA},
 keywords = {k-12, physical computing, teaching strategies},
}

@inproceedings{Stevens:2008:UCD:1599936.1600033,
 author = {Stevens, Shawn Y. and Krajcik, Joseph S. and Shin, Namsoo and Pellegrino, James W. and Geier, Susan and Swarat, Su and Light, Gregory and Park, Eun Jung and Delgado, C{\'e}sar and Drane, Denise and Song, Minyoung and Quintana, Chris and Shipley, Emily and Silva, Brenda Lopez and Daly, Shanna and Wischow, Emily and Moher, Tom and Pellegrino, James W. and Cahill, Clara and Szeto, Alan K. and Unterman, Nathan A. and Lauhon, Lincoln J. and Park, Eun Jung and Hagedorn, Eric A.},
 title = {Using Construct-centered Design to Align Curriculum, Instruction, and Assessment Development in Emerging Science},
 booktitle = {Proceedings of the 8th International Conference on International Conference for the Learning Sciences - Volume 3},
 series = {ICLS'08},
 year = {2008},
 location = {Utrecht, The Netherlands},
 pages = {314--321},
 numpages = {8},
 url = {http://dl.acm.org/citation.cfm?id=1599936.1600033},
 acmid = {1600033},
 publisher = {International Society of the Learning Sciences},
}

@article{Vogel:1988:SPI:49093.49095,
 author = {Vogel, Carl M.},
 title = {Socrates: A Project Integrating Human Science with Computer Science},
 journal = {SIGART Bull.},
 issue_date = {July 1988},
 number = {105},
 month = jul,
 year = {1988},
 issn = {0163-5719},
 pages = {25--30},
 numpages = {6},
 url = {http://doi.acm.org/10.1145/49093.49095},
 doi = {10.1145/49093.49095},
 acmid = {49095},
 publisher = {ACM},
 address = {New York, NY, USA},
}

@inproceedings{Triantafyllakos:2009:DAE:1671011.1671014,
 author = {Triantafyllakos, George and Palaigeorgiou, George and Tsoukalas, Ioannis A.},
 title = {Design Alter Egos: Constructing and Employing Fictional Characters in Collaborative Design Sessions},
 booktitle = {Proceedings of the 23rd British HCI Group Annual Conference on People and Computers: Celebrating People and Technology},
 series = {BCS-HCI '09},
 year = {2009},
 location = {Cambridge, United Kingdom},
 pages = {20--28},
 numpages = {9},
 url = {http://dl.acm.org/citation.cfm?id=1671011.1671014},
 acmid = {1671014},
 publisher = {British Computer Society},
 address = {Swinton, UK, UK},
 keywords = {collaborative design sessions, design alter egos, fictional characters, participatory design, scenarios, students},
}

@inproceedings{Apted:2006:TSD:1124772.1124887,
 author = {Apted, Trent and Kay, Judy and Quigley, Aaron},
 title = {Tabletop Sharing of Digital Photographs for the Elderly},
 booktitle = {Proceedings of the SIGCHI Conference on Human Factors in Computing Systems},
 series = {CHI '06},
 year = {2006},
 isbn = {1-59593-372-7},
 location = {Montr\&\#233;al, Qu\&\#233;bec, Canada},
 pages = {781--790},
 numpages = {10},
 url = {http://doi.acm.org/10.1145/1124772.1124887},
 doi = {10.1145/1124772.1124887},
 acmid = {1124887},
 publisher = {ACM},
 address = {New York, NY, USA},
 keywords = {digital photograph, elderly, gesture, learnability, photograph sharing, tabletop interface, touch},
}

@inproceedings{Siemer:1994:EIT:193201.194914,
 author = {Siemer, Julika and Angelides, Marios C.},
 title = {Embedding an Intelligent Tutoring System in a Business Gaming-simulation Environment},
 booktitle = {Proceedings of the 26th Conference on Winter Simulation},
 series = {WSC '94},
 year = {1994},
 isbn = {0-7803-2109-X},
 location = {Orlando, Florida, USA},
 pages = {1399--1406},
 numpages = {8},
 url = {http://dl.acm.org/citation.cfm?id=193201.194914},
 acmid = {194914},
 publisher = {Society for Computer Simulation International},
 address = {San Diego, CA, USA},
}

@article{Gibbs:2000:ECL:331795.331856,
 author = {Gibbs, David C.},
 title = {The Effect of a Constructivist Learning Environment for Field-dependent/Independent Students on Achievement in Introductory Computer Programming},
 journal = {SIGCSE Bull.},
 issue_date = {Mar. 2000},
 volume = {32},
 number = {1},
 month = mar,
 year = {2000},
 issn = {0097-8418},
 pages = {207--211},
 numpages = {5},
 url = {http://doi.acm.org/10.1145/331795.331856},
 doi = {10.1145/331795.331856},
 acmid = {331856},
 publisher = {ACM},
 address = {New York, NY, USA},
}

@inproceedings{Gibbs:2000:ECL:330908.331856,
 author = {Gibbs, David C.},
 title = {The Effect of a Constructivist Learning Environment for Field-dependent/Independent Students on Achievement in Introductory Computer Programming},
 booktitle = {Proceedings of the Thirty-first SIGCSE Technical Symposium on Computer Science Education},
 series = {SIGCSE '00},
 year = {2000},
 isbn = {1-58113-213-1},
 location = {Austin, Texas, USA},
 pages = {207--211},
 numpages = {5},
 url = {http://doi.acm.org/10.1145/330908.331856},
 doi = {10.1145/330908.331856},
 acmid = {331856},
 publisher = {ACM},
 address = {New York, NY, USA},
}

@article{Hundhausen:2017:ILA:3135996.3105759,
 author = {Hundhausen, C. D. and Olivares, D. M. and Carter, A. S.},
 title = {IDE-Based Learning Analytics for Computing Education: A Process Model, Critical Review, and Research Agenda},
 journal = {Trans. Comput. Educ.},
 issue_date = {August 2017},
 volume = {17},
 number = {3},
 month = aug,
 year = {2017},
 issn = {1946-6226},
 pages = {11:1--11:26},
 articleno = {11},
 numpages = {26},
 url = {http://doi.acm.org/10.1145/3105759},
 doi = {10.1145/3105759},
 acmid = {3105759},
 publisher = {ACM},
 address = {New York, NY, USA},
 keywords = {Learning analytics, learning interventions, learning process data},
}

@article{Hundhausen:2017:ILA:3135995.3105759,
 author = {Hundhausen, C. D. and Olivares, D. M. and Carter, A. S.},
 title = {IDE-Based Learning Analytics for Computing Education: A Process Model, Critical Review, and Research Agenda},
 journal = {ACM Trans. Comput. Educ.},
 issue_date = {August 2017},
 volume = {17},
 number = {3},
 month = aug,
 year = {2017},
 issn = {1946-6226},
 pages = {11:1--11:26},
 articleno = {11},
 numpages = {26},
 url = {http://doi.acm.org/10.1145/3105759},
 doi = {10.1145/3105759},
 acmid = {3105759},
 publisher = {ACM},
 address = {New York, NY, USA},
 keywords = {Learning analytics, learning interventions, learning process data},
}

@article{Kozak:2006:TAI:1181811.1181817,
 author = {Kozak, Margaret Manella},
 title = {Teaching Artificial Intelligence Using Web-based Applications},
 journal = {J. Comput. Sci. Coll.},
 issue_date = {October 2006},
 volume = {22},
 number = {1},
 month = oct,
 year = {2006},
 issn = {1937-4771},
 pages = {46--53},
 numpages = {8},
 url = {http://dl.acm.org/citation.cfm?id=1181811.1181817},
 acmid = {1181817},
 publisher = {Consortium for Computing Sciences in Colleges},
 address = {USA},
}

@inproceedings{Butler:2017:PPI:3017680.3017765,
 author = {Butler, Zack and Bezakova, Ivona and Fluet, Kimberly},
 title = {Pencil Puzzles for Introductory Computer Science: An Experience- and Gender-Neutral Context},
 booktitle = {Proceedings of the 2017 ACM SIGCSE Technical Symposium on Computer Science Education},
 series = {SIGCSE '17},
 year = {2017},
 isbn = {978-1-4503-4698-6},
 location = {Seattle, Washington, USA},
 pages = {93--98},
 numpages = {6},
 url = {http://doi.acm.org/10.1145/3017680.3017765},
 doi = {10.1145/3017680.3017765},
 acmid = {3017765},
 publisher = {ACM},
 address = {New York, NY, USA},
 keywords = {computational thinking, introductory cs concepts, learning in context, pencil puzzles},
}

@inproceedings{Chudzicki:2015:LEU:2724660.2728703,
 author = {Chudzicki, Christopher and Pritchard, David E. and Chen, Zhongzhou},
 title = {Learning Experiments Using AB Testing at Scale},
 booktitle = {Proceedings of the Second (2015) ACM Conference on Learning @ Scale},
 series = {L@S '15},
 year = {2015},
 isbn = {978-1-4503-3411-2},
 location = {Vancouver, BC, Canada},
 pages = {405--408},
 numpages = {4},
 url = {http://doi.acm.org/10.1145/2724660.2728703},
 doi = {10.1145/2724660.2728703},
 acmid = {2728703},
 publisher = {ACM},
 address = {New York, NY, USA},
 keywords = {ab experiments, education, mooc, online education},
}

@inproceedings{Cook:2018:EDR:3197091.3197133,
 author = {Cook, Michelle and Fowler, Megan and Hallstrom, Jason O. and Hollingsworth, Joseph E. and Schwab, Tim and Sun, Yu-Shan and Sitaraman, Murali},
 title = {Where Exactly Are the Difficulties in Reasoning Logically About Code? Experimentation with an Online System},
 booktitle = {Proceedings of the 23rd Annual ACM Conference on Innovation and Technology in Computer Science Education},
 series = {ITiCSE 2018},
 year = {2018},
 isbn = {978-1-4503-5707-4},
 location = {Larnaca, Cyprus},
 pages = {39--44},
 numpages = {6},
 url = {http://doi.acm.org/10.1145/3197091.3197133},
 doi = {10.1145/3197091.3197133},
 acmid = {3197133},
 publisher = {ACM},
 address = {New York, NY, USA},
 keywords = {Activities, correctness, logic, online system, reasoning, tool},
}

@inproceedings{Lister:2012:TSU:2483716.2483723,
 author = {Lister, Raymond and D'Souza, Daryl and Hamilton, Margaret and Kay, Judy and Sheard, Judy and Corney, Malcolm and Fidge, Colin and Harland, James and Murphy, Tara and Simon and Curran, James and Gluga, Richard and Hogan, James and Roggenkamp, Mike and Teague, Donna},
 title = {Toward a Shared Understanding of Competency in Programming: An Invitation to the BABELnot Project},
 booktitle = {Proceedings of the Fourteenth Australasian Computing Education Conference - Volume 123},
 series = {ACE '12},
 year = {2012},
 isbn = {978-1-921770-04-3},
 location = {Melbourne, Australia},
 pages = {53--60},
 numpages = {8},
 url = {http://dl.acm.org/citation.cfm?id=2483716.2483723},
 acmid = {2483723},
 publisher = {Australian Computer Society, Inc.},
 address = {Darlinghurst, Australia, Australia},
 keywords = {assessment, objectives, programming},
}

@inproceedings{Ericson:2015:UUI:2818314.2818335,
 author = {Ericson, Barbara and Moore, Steven and Morrison, Briana and Guzdial, Mark},
 title = {Usability and Usage of Interactive Features in an Online Ebook for CS Teachers},
 booktitle = {Proceedings of the Workshop in Primary and Secondary Computing Education},
 series = {WiPSCE '15},
 year = {2015},
 isbn = {978-1-4503-3753-3},
 location = {London, United Kingdom},
 pages = {111--120},
 numpages = {10},
 url = {http://doi.acm.org/10.1145/2818314.2818335},
 doi = {10.1145/2818314.2818335},
 acmid = {2818335},
 publisher = {ACM},
 address = {New York, NY, USA},
 keywords = {Online education, computer science principles, high school teachers, professional development, secondary education},
}

@article{Cross:2010:WST:1858579.1865480,
 author = {Cross, Jay and Hart, Jane and Husband, Jon and Jarche, Harold and Jennings, Charles and Quinn, Clark},
 title = {Working Smarter in Terra Nova Circa 2015},
 journal = {eLearn},
 issue_date = {September 2010},
 volume = {2010},
 number = {9},
 month = sep,
 year = {2010},
 issn = {1535-394X},
 articleno = {8},
 url = {http://doi.acm.org/10.1145/1858579.1865480},
 doi = {10.1145/1858579.1865480},
 acmid = {1865480},
 publisher = {ACM},
 address = {New York, NY, USA},
}

@inproceedings{Park:2016:RHC:2899415.2899435,
 author = {Park, Thomas H. and Kim, Meen Chul and Chhabra, Sukrit and Lee, Brian and Forte, Andrea},
 title = {Reading Hierarchies in Code: Assessment of a Basic Computational Skill},
 booktitle = {Proceedings of the 2016 ACM Conference on Innovation and Technology in Computer Science Education},
 series = {ITiCSE '16},
 year = {2016},
 isbn = {978-1-4503-4231-5},
 location = {Arequipa, Peru},
 pages = {302--307},
 numpages = {6},
 url = {http://doi.acm.org/10.1145/2899415.2899435},
 doi = {10.1145/2899415.2899435},
 acmid = {2899435},
 publisher = {ACM},
 address = {New York, NY, USA},
 keywords = {assessment, computational thinking, program comprehension, web development},
}

@article{Theodoropoulos:2016:DCS:3003827.2940330,
 author = {Theodoropoulos, Anastasios and Antoniou, Angeliki and Lepouras, George},
 title = {How Do Different Cognitive Styles Affect Learning Programming? Insights from a Game-Based Approach in Greek Schools},
 journal = {Trans. Comput. Educ.},
 issue_date = {January 2017},
 volume = {17},
 number = {1},
 month = sep,
 year = {2016},
 issn = {1946-6226},
 pages = {3:1--3:25},
 articleno = {3},
 numpages = {25},
 url = {http://doi.acm.org/10.1145/2940330},
 doi = {10.1145/2940330},
 acmid = {2940330},
 publisher = {ACM},
 address = {New York, NY, USA},
 keywords = {CS education, cognitive style, digital game-based learning, hour of code, secondary education},
}

@inproceedings{Antle:2015:PTS:2677199.2687897,
 author = {Antle, Alissa N. and Fan, Min and Cramer, Emily S.},
 title = {PhonoBlocks: A Tangible System for Supporting Dyslexic Children Learning to Read},
 booktitle = {Proceedings of the Ninth International Conference on Tangible, Embedded, and Embodied Interaction},
 series = {TEI '15},
 year = {2015},
 isbn = {978-1-4503-3305-4},
 location = {Stanford, California, USA},
 pages = {533--538},
 numpages = {6},
 url = {http://doi.acm.org/10.1145/2677199.2687897},
 doi = {10.1145/2677199.2687897},
 acmid = {2687897},
 publisher = {ACM},
 address = {New York, NY, USA},
 keywords = {children, colour cues, dyslexia, orton-gillingham, reading, tangible computing, tangible user interfaces},
}

@inproceedings{Ferraz:2017:WIN:3041164.3041177,
 author = {Ferraz, Marta and Resta, Paul E. and O'neill, Afonso},
 title = {Whole-body Interaction in Natural Environments Benefits Children's Cognitive Function Compared to Sedentary Interaction Indoors},
 booktitle = {Proceedings of the 8th Augmented Human International Conference},
 series = {AH '17},
 year = {2017},
 isbn = {978-1-4503-4835-5},
 location = {Silicon Valley, California, USA},
 pages = {8:1--8:11},
 articleno = {8},
 numpages = {11},
 url = {http://doi.acm.org/10.1145/3041164.3041177},
 doi = {10.1145/3041164.3041177},
 acmid = {3041177},
 publisher = {ACM},
 address = {New York, NY, USA},
 keywords = {child-computer interaction, cognitive function, indoors, natural environments, sedentary, whole-body},
}

@inproceedings{Kalyuga:1997:CLE:263690.264340,
 author = {Kalyuga, Slava},
 title = {Cognitive Load Effects and Design of Computer Based Instruction (Poster)},
 booktitle = {Proceedings of the Second ACM International Conference on Digital Libraries},
 series = {DL '97},
 year = {1997},
 isbn = {0-89791-868-1},
 location = {Philadelphia, Pennsylvania, USA},
 pages = {260--},
 url = {http://doi.acm.org/10.1145/263690.264340},
 doi = {10.1145/263690.264340},
 acmid = {264340},
 publisher = {ACM},
 address = {New York, NY, USA},
}

@inproceedings{Barkmin:2017:CSD:3141880.3141913,
 author = {Barkmin, Mike and Kramer, Matthias and Tobinski, David and Brinda, Torsten},
 title = {Code Structure Difficulty in OOP: An Exploration Study Regarding Basic Cognitive Processes},
 booktitle = {Proceedings of the 17th Koli Calling International Conference on Computing Education Research},
 series = {Koli Calling '17},
 year = {2017},
 isbn = {978-1-4503-5301-4},
 location = {Koli, Finland},
 pages = {185--186},
 numpages = {2},
 url = {http://doi.acm.org/10.1145/3141880.3141913},
 doi = {10.1145/3141880.3141913},
 acmid = {3141913},
 publisher = {ACM},
 address = {New York, NY, USA},
 keywords = {competency modeling, encoding / decoding, object-oriented programming, programming experience},
}

@inproceedings{Oviatt:2007:EPI:1599600.1599708,
 author = {Oviatt, Sharon and Arthur, Alexander and Brock, Yaro and Cohen, Julia},
 title = {Expressive Pen-based Interfaces for Math Education},
 booktitle = {Proceedings of the 8th Iternational Conference on Computer Supported Collaborative Learning},
 series = {CSCL'07},
 year = {2007},
 isbn = {978-0-6151-5436-7},
 location = {New Brunswick, New Jersey, USA},
 pages = {573--582},
 numpages = {10},
 url = {http://dl.acm.org/citation.cfm?id=1599600.1599708},
 acmid = {1599708},
 publisher = {International Society of the Learning Sciences},
}

@inproceedings{Halabi:2002:DBC:820060.820067,
 author = {Halabi, Abdel K. and Tuovinen, Juhani E.},
 title = {Designing Better CBL Than Face-to-face Tutoring by Incorporating Teacher-like Feedback and Guidance in Accounting},
 booktitle = {Proceedings of the Seventh World Conference on Computers in Education Conference on Computers in Education: Australian Topics - Volume 8},
 series = {CRPIT '02},
 year = {2002},
 isbn = {0-909925-86-0},
 location = {Copenhagen, Denmark},
 pages = {35--38},
 numpages = {4},
 url = {http://dl.acm.org/citation.cfm?id=820060.820067},
 acmid = {820067},
 publisher = {Australian Computer Society, Inc.},
 address = {Darlinghurst, Australia, Australia},
}

@inproceedings{Stern:1997:TAA:299359.299372,
 author = {Stern, L. and Sterling, L.},
 title = {Teaching AI Algorithms Using Animations Reinforced by Interactive Exercises},
 booktitle = {Proceedings of the 2Nd Australasian Conference on Computer Science Education},
 series = {ACSE '97},
 year = {1996},
 isbn = {0-89791-958-0},
 location = {The Univ. of Melbourne, Australia},
 pages = {78--83},
 numpages = {6},
 url = {http://doi.acm.org/10.1145/299359.299372},
 doi = {10.1145/299359.299372},
 acmid = {299372},
 publisher = {ACM},
 address = {New York, NY, USA},
}

@inproceedings{Cheng:2017:ESM:3124116.3124123,
 author = {Cheng, Yuan-Bang and Yang, Chuan-Kai},
 title = {An Exploratory Study on the Memory Performance for Memorizing the English Words Through the Apps with Three Different Learning Strategies and Highlights},
 booktitle = {Proceedings of the 2017 International Conference on Education and Multimedia Technology},
 series = {ICEMT '17},
 year = {2017},
 isbn = {978-1-4503-5293-2},
 location = {Singapore, Singapore},
 pages = {38--42},
 numpages = {5},
 url = {http://doi.acm.org/10.1145/3124116.3124123},
 doi = {10.1145/3124116.3124123},
 acmid = {3124123},
 publisher = {ACM},
 address = {New York, NY, USA},
 keywords = {english learning, highlight, memory performance, signal detection theory},
}

@article{Struve:2009:VMT:1525840.1525844,
 author = {Struve, Doreen and Wandke, Hartmut},
 title = {Video Modeling for Training Older Adults to Use New Technologies},
 journal = {ACM Trans. Access. Comput.},
 issue_date = {May 2009},
 volume = {2},
 number = {1},
 month = may,
 year = {2009},
 issn = {1936-7228},
 pages = {4:1--4:24},
 articleno = {4},
 numpages = {24},
 url = {http://doi.acm.org/10.1145/1525840.1525844},
 doi = {10.1145/1525840.1525844},
 acmid = {1525844},
 publisher = {ACM},
 address = {New York, NY, USA},
 keywords = {Instruction, guided error training, older adults, self-efficacy, technology use, video modeling},
}

@inproceedings{Inventado:2016:DPH:3011784.3011816,
 author = {Inventado, Paul Salvador and Scupelli, Peter},
 title = {Design Patterns for Helping Students to Learn to Represent Math Problems in Online Learning Systems},
 booktitle = {Proceedings of the 21st European Conference on Pattern Languages of Programs},
 series = {EuroPlop '16},
 year = {2016},
 isbn = {978-1-4503-4074-8},
 location = {Kaufbeuren, Germany},
 pages = {28:1--28:19},
 articleno = {28},
 numpages = {19},
 url = {http://doi.acm.org/10.1145/3011784.3011816},
 doi = {10.1145/3011784.3011816},
 acmid = {3011816},
 publisher = {ACM},
 address = {New York, NY, USA},
 keywords = {ASSISTments, data driven design pattern production, design patterns, feedback, online learning systems, problem solving},
}

@inproceedings{Crossley:2017:PMP:3027385.3027399,
 author = {Crossley, Scott and Liu, Ran and McNamara, Danielle},
 title = {Predicting Math Performance Using Natural Language Processing Tools},
 booktitle = {Proceedings of the Seventh International Learning Analytics \&\#38; Knowledge Conference},
 series = {LAK '17},
 year = {2017},
 isbn = {978-1-4503-4870-6},
 location = {Vancouver, British Columbia, Canada},
 pages = {339--347},
 numpages = {9},
 url = {http://doi.acm.org/10.1145/3027385.3027399},
 doi = {10.1145/3027385.3027399},
 acmid = {3027399},
 publisher = {ACM},
 address = {New York, NY, USA},
 keywords = {educational data mining, natural language processing, on-line tutoring systems, predictive analytics, sentiment analysis},
}

@inproceedings{Miller:2012:MTC:2148131.2148185,
 author = {Miller, Andrea and Rosenbaum, Claire and Blikstein, Paulo},
 title = {MagneTracks: A Tangible Constructionist Toolkit for Newtonian Physics},
 booktitle = {Proceedings of the Sixth International Conference on Tangible, Embedded and Embodied Interaction},
 series = {TEI '12},
 year = {2012},
 isbn = {978-1-4503-1174-8},
 location = {Kingston, Ontario, Canada},
 pages = {253--256},
 numpages = {4},
 url = {http://doi.acm.org/10.1145/2148131.2148185},
 doi = {10.1145/2148131.2148185},
 acmid = {2148185},
 publisher = {ACM},
 address = {New York, NY, USA},
 keywords = {cognitive load, constructionism, constructivism, design, dynamic tangible interaction, scaffolding, vertical interfaces},
}

@inproceedings{Hilbert:2008:CML:1599812.1599855,
 author = {Hilbert, Tatjana and N\"{u}ckles, Matthias and Matzel, Sandra},
 title = {Concept Mapping for Learning from Text: Evidence for a Worked-out-map-effect},
 booktitle = {Proceedings of the 8th International Conference on International Conference for the Learning Sciences - Volume 1},
 series = {ICLS'08},
 year = {2008},
 location = {Utrecht, The Netherlands},
 pages = {358--365},
 numpages = {8},
 url = {http://dl.acm.org/citation.cfm?id=1599812.1599855},
 acmid = {1599855},
 publisher = {International Society of the Learning Sciences},
}

@inproceedings{Loudon:2017:TDU:3059454.3084340,
 author = {Loudon, Gareth and Zampelis, Dimitrios},
 title = {Technology Demo of Using Real-time Biofeedback of Heart Rate Variability Measures to Track and Help Improve Levels of Attention and Relaxation},
 booktitle = {Proceedings of the 2017 ACM SIGCHI Conference on Creativity and Cognition},
 series = {C\&\#38;C '17},
 year = {2017},
 isbn = {978-1-4503-4403-6},
 location = {Singapore, Singapore},
 pages = {257--259},
 numpages = {3},
 url = {http://doi.acm.org/10.1145/3059454.3084340},
 doi = {10.1145/3059454.3084340},
 acmid = {3084340},
 publisher = {ACM},
 address = {New York, NY, USA},
 keywords = {attention, biofeedback, creativity, flow, heart rate variability, relaxation, stress},
}

@inproceedings{On-at:2019:TEN:3323771.3323791,
 author = {On-at, Sirinya and Canut, Marie-Fran\c{c}oise and P{\'e}ninou, Andr{\'e} and Srisombat, Kriangsak and S\`{e}des, Florence},
 title = {Toward Egocentric Network-based Learner Profiling in Adaptive E-learning Systems: A Concept Paper},
 booktitle = {Proceedings of the 2019 7th International Conference on Information and Education Technology},
 series = {ICIET 2019},
 year = {2019},
 isbn = {978-1-4503-6639-7},
 location = {Aizu-Wakamatsu, Japan},
 pages = {14--19},
 numpages = {6},
 url = {http://doi.acm.org/10.1145/3323771.3323791},
 doi = {10.1145/3323771.3323791},
 acmid = {3323791},
 publisher = {ACM},
 address = {New York, NY, USA},
 keywords = {Adaptive E-learning, Egocentric network, Social profiling, User profiling},
}

@inproceedings{Nathan:1990:ESP:97243.97317,
 author = {Nathan, Mitchell J.},
 title = {Empowering the Student: Prospects for an Unintelligent Tutoring System},
 booktitle = {Proceedings of the SIGCHI Conference on Human Factors in Computing Systems},
 series = {CHI '90},
 year = {1990},
 isbn = {0-201-50932-6},
 location = {Seattle, Washington, USA},
 pages = {407--414},
 numpages = {8},
 url = {http://doi.acm.org/10.1145/97243.97317},
 doi = {10.1145/97243.97317},
 acmid = {97317},
 publisher = {ACM},
 address = {New York, NY, USA},
}

@article{Waguespack:1989:VMT:65294.71203,
 author = {Waguespack,Jr., Leslie J.},
 title = {Visual Metaphors for Teaching Programming Concepts},
 journal = {SIGCSE Bull.},
 issue_date = {Feb. 1989},
 volume = {21},
 number = {1},
 month = feb,
 year = {1989},
 issn = {0097-8418},
 pages = {141--145},
 numpages = {5},
 url = {http://doi.acm.org/10.1145/65294.71203},
 doi = {10.1145/65294.71203},
 acmid = {71203},
 publisher = {ACM},
 address = {New York, NY, USA},
}

@inproceedings{Waguespack:1989:VMT:65293.71203,
 author = {Waguespack,Jr., Leslie J.},
 title = {Visual Metaphors for Teaching Programming Concepts},
 booktitle = {Proceedings of the Twentieth SIGCSE Technical Symposium on Computer Science Education},
 series = {SIGCSE '89},
 year = {1989},
 isbn = {0-89791-298-5},
 location = {Louisville, Kentucky, USA},
 pages = {141--145},
 numpages = {5},
 url = {http://doi.acm.org/10.1145/65293.71203},
 doi = {10.1145/65293.71203},
 acmid = {71203},
 publisher = {ACM},
 address = {New York, NY, USA},
}

@inproceedings{Obaidellah:2019:CSS:3314111.3319825,
 author = {Obaidellah, Unaizah and Raschke, Michael and Blascheck, Tanja},
 title = {Classification of Strategies for Solving Programming Problems Using AoI Sequence Analysis},
 booktitle = {Proceedings of the 11th ACM Symposium on Eye Tracking Research \& Applications},
 series = {ETRA '19},
 year = {2019},
 isbn = {978-1-4503-6709-7},
 location = {Denver, Colorado},
 pages = {15:1--15:9},
 articleno = {15},
 numpages = {9},
 url = {http://doi.acm.org/10.1145/3314111.3319825},
 doi = {10.1145/3314111.3319825},
 acmid = {3319825},
 publisher = {ACM},
 address = {New York, NY, USA},
 keywords = {eye tracking, programming problems, reading strategies, visual analytics},
}

@inproceedings{Okpo:2017:CFA:3099023.3099078,
 author = {Okpo, Juliet and Masthoff, Judith and Dennis, Matt and Beacham, Nigel},
 title = {Conceptualizing a Framework for Adaptive Exercise Selection with Personality As a Major Learner Characteristic},
 booktitle = {Adjunct Publication of the 25th Conference on User Modeling, Adaptation and Personalization},
 series = {UMAP '17},
 year = {2017},
 isbn = {978-1-4503-5067-9},
 location = {Bratislava, Slovakia},
 pages = {293--298},
 numpages = {6},
 url = {http://doi.acm.org/10.1145/3099023.3099078},
 doi = {10.1145/3099023.3099078},
 acmid = {3099078},
 publisher = {ACM},
 address = {New York, NY, USA},
 keywords = {adaptation, conceptual framework, exercise selection, learner characteristics, learning, personality},
}

@inproceedings{Wiebe:2019:DLC:3287324.3287390,
 author = {Wiebe, Eric and London, Jennifer and Aksit, Osman and Mott, Bradford W. and Boyer, Kristy Elizabeth and Lester, James C.},
 title = {Development of a Lean Computational Thinking Abilities Assessment for Middle Grades Students},
 booktitle = {Proceedings of the 50th ACM Technical Symposium on Computer Science Education},
 series = {SIGCSE '19},
 year = {2019},
 isbn = {978-1-4503-5890-3},
 location = {Minneapolis, MN, USA},
 pages = {456--461},
 numpages = {6},
 url = {http://doi.acm.org/10.1145/3287324.3287390},
 doi = {10.1145/3287324.3287390},
 acmid = {3287390},
 publisher = {ACM},
 address = {New York, NY, USA},
}

@inproceedings{Wilhelm-Weidner:2018:STC:3279720.3279734,
 author = {Wilhelm-Weidner, Arno and Bergner, Nadine},
 title = {On Supplementing Theoretical Computer Science Courses Using E-Learning},
 booktitle = {Proceedings of the 18th Koli Calling International Conference on Computing Education Research},
 series = {Koli Calling '18},
 year = {2018},
 isbn = {978-1-4503-6535-2},
 location = {Koli, Finland},
 pages = {14:1--14:10},
 articleno = {14},
 numpages = {10},
 url = {http://doi.acm.org/10.1145/3279720.3279734},
 doi = {10.1145/3279720.3279734},
 acmid = {3279734},
 publisher = {ACM},
 address = {New York, NY, USA},
 keywords = {Blended Learning, E-Learning, Learning Management System, Theoretical Computer Science},
}

@inproceedings{vanderZee:2018:ERP:3170358.3170382,
 author = {van der Zee, Tim and Davis, Dan and Saab, Nadira and Giesbers, Bas and Ginn, Jasper and van der Sluis, Frans and Paas, Fred and Admiraal, Wilfried},
 title = {Evaluating Retrieval Practice in a MOOC: How Writing and Reading Summaries of Videos Affects Student Learning},
 booktitle = {Proceedings of the 8th International Conference on Learning Analytics and Knowledge},
 series = {LAK '18},
 year = {2018},
 isbn = {978-1-4503-6400-3},
 location = {Sydney, New South Wales, Australia},
 pages = {216--225},
 numpages = {10},
 url = {http://doi.acm.org/10.1145/3170358.3170382},
 doi = {10.1145/3170358.3170382},
 acmid = {3170382},
 publisher = {ACM},
 address = {New York, NY, USA},
 keywords = {MOOC, experiment, learning, online education, retrieval practice, summary, videos, writing},
}

@inproceedings{Crossley:2015:PTF:2723576.2723595,
 author = {Crossley, Scott and Allen, Laura K. and Snow, Erica L. and McNamara, Danielle S.},
 title = {Pssst... Textual Features... There is More to Automatic Essay Scoring Than Just You!},
 booktitle = {Proceedings of the Fifth International Conference on Learning Analytics And Knowledge},
 series = {LAK '15},
 year = {2015},
 isbn = {978-1-4503-3417-4},
 location = {Poughkeepsie, New York},
 pages = {203--207},
 numpages = {5},
 url = {http://doi.acm.org/10.1145/2723576.2723595},
 doi = {10.1145/2723576.2723595},
 acmid = {2723595},
 publisher = {ACM},
 address = {New York, NY, USA},
 keywords = {automatic essay scoring, corpus linguistics, data mining, individual differences, intelligent tutoring systems, natural language processing},
}

@inproceedings{Lonati:2017:PAD:3141880.3141900,
 author = {Lonati, Violetta and Monga, Mattia and Malchiodi, Dario and Morpurgo, Anna},
 title = {How Presentation Affects the Difficulty of Computational Thinking Tasks: An IRT Analysis},
 booktitle = {Proceedings of the 17th Koli Calling International Conference on Computing Education Research},
 series = {Koli Calling '17},
 year = {2017},
 isbn = {978-1-4503-5301-4},
 location = {Koli, Finland},
 pages = {60--69},
 numpages = {10},
 url = {http://doi.acm.org/10.1145/3141880.3141900},
 doi = {10.1145/3141880.3141900},
 acmid = {3141900},
 publisher = {ACM},
 address = {New York, NY, USA},
 keywords = {K-12 education, bebras, computational thinking, informal education, item response theory},
}

@article{Merkouris:2019:PEI:3345033.3336126,
 author = {Merkouris, Alexandros and Chorianopoulos, Konstantinos},
 title = {Programming Embodied Interactions with a Remotely Controlled Educational Robot},
 journal = {ACM Trans. Comput. Educ.},
 issue_date = {July 2019},
 volume = {19},
 number = {4},
 month = jul,
 year = {2019},
 issn = {1946-6226},
 pages = {40:1--40:19},
 articleno = {40},
 numpages = {19},
 url = {http://doi.acm.org/10.1145/3336126},
 doi = {10.1145/3336126},
 acmid = {3336126},
 publisher = {ACM},
 address = {New York, NY, USA},
 keywords = {Embodied learning, assessment, children, computational thinking, educational robotics, embodiment, human\&\#x2013;robot interaction},
}

@article{Baker:2009:LTR:1578012.1578013,
 author = {Baker, Ken A.},
 title = {Learning Theory and the Re-education of Older Software Engineers},
 journal = {SIGITERes. IT},
 issue_date = {July 2009},
 volume = {6},
 number = {2},
 month = jul,
 year = {2009},
 issn = {1944-0278},
 pages = {2--10},
 numpages = {9},
 url = {http://doi.acm.org/10.1145/1578012.1578013},
 doi = {10.1145/1578012.1578013},
 acmid = {1578013},
 publisher = {ACM},
 address = {New York, NY, USA},
 keywords = {behaviorist, cognitive, cognitive load theory, learning theory, memory and motivation, paradigm shift, social learning},
}

@inproceedings{VanDiggelen:2008:API:1599936.1600041,
 author = {Van Diggelen, Wouter and Janssen, Jeroen and Overdijk, Maarten and Asterhan, Christa S. C. and Hever, Rakheli and Schwarz, Baruch B. and Erkens, Gijsbert and Kirschner, Paul and Kanselaar, Gellof and Lund, Kristine and Dyke, Gregory and Girardot, Jean-Jacques and Corbel, Annie},
 title = {Analyzing and Presenting Interaction Data: A Teacher, Student and Researcher Perspective},
 booktitle = {Proceedings of the 8th International Conference on International Conference for the Learning Sciences - Volume 3},
 series = {ICLS'08},
 year = {2008},
 location = {Utrecht, The Netherlands},
 pages = {375--382},
 numpages = {8},
 url = {http://dl.acm.org/citation.cfm?id=1599936.1600041},
 acmid = {1600041},
 publisher = {International Society of the Learning Sciences},
}

@inproceedings{Strommen:1998:ITD:274644.274685,
 author = {Strommen, Erik},
 title = {When the Interface is a Talking Dinosaur: Learning Across Media with ActiMates Barney},
 booktitle = {Proceedings of the SIGCHI Conference on Human Factors in Computing Systems},
 series = {CHI '98},
 year = {1998},
 isbn = {0-201-30987-4},
 location = {Los Angeles, California, USA},
 pages = {288--295},
 numpages = {8},
 url = {http://dx.doi.org/10.1145/274644.274685},
 doi = {10.1145/274644.274685},
 acmid = {274685},
 publisher = {ACM Press/Addison-Wesley Publishing Co.},
 address = {New York, NY, USA},
 keywords = {childern, interactive media, interface, learning},
}

@inproceedings{Parikh:2018:PLD:3213586.3226224,
 author = {Parikh, Saurin and Kalva, Hari},
 title = {Predicting Learning Difficulty Based on Gaze and Pupil Response},
 booktitle = {Adjunct Publication of the 26th Conference on User Modeling, Adaptation and Personalization},
 series = {UMAP '18},
 year = {2018},
 isbn = {978-1-4503-5784-5},
 location = {Singapore, Singapore},
 pages = {131--135},
 numpages = {5},
 url = {http://doi.acm.org/10.1145/3213586.3226224},
 doi = {10.1145/3213586.3226224},
 acmid = {3226224},
 publisher = {ACM},
 address = {New York, NY, USA},
 keywords = {e-learning, eye movement analysis, eye tracking, predicting learning difficulty, predicting levels of learning, pupillary response analysis},
}

@inproceedings{Chen:2010:TUS:1866795.1866805,
 author = {Chen, Lei and Tetreault, Joel and Xi, Xiaoming},
 title = {Towards Using Structural Events to Assess Non-native Speech},
 booktitle = {Proceedings of the NAACL HLT 2010 Fifth Workshop on Innovative Use of NLP for Building Educational Applications},
 series = {IUNLPBEA '10},
 year = {2010},
 location = {Los Angeles, California},
 pages = {74--79},
 numpages = {6},
 url = {http://dl.acm.org/citation.cfm?id=1866795.1866805},
 acmid = {1866805},
 publisher = {Association for Computational Linguistics},
 address = {Stroudsburg, PA, USA},
}

@inproceedings{Wolf:2018:CSF:3265757.3265780,
 author = {Wolf, Alexander and Wilhelm-Weidner, Arno and Nestmann, Uwe},
 title = {A Case Study of Flipped Classroom for Automata Theory in Secondary Education},
 booktitle = {Proceedings of the 13th Workshop in Primary and Secondary Computing Education},
 series = {WiPSCE '18},
 year = {2018},
 isbn = {978-1-4503-6588-8},
 location = {Potsdam, Germany},
 pages = {23:1--23:6},
 articleno = {23},
 numpages = {6},
 url = {http://doi.acm.org/10.1145/3265757.3265780},
 doi = {10.1145/3265757.3265780},
 acmid = {3265780},
 publisher = {ACM},
 address = {New York, NY, USA},
 keywords = {FLAT, finite automata, flipped classroom},
}

@inproceedings{Chen:2011:DSE:2043132.2043137,
 author = {Chen, Lei and Yoon, Su-Youn},
 title = {Detecting Structural Events for Assessing Non-native Speech},
 booktitle = {Proceedings of the 6th Workshop on Innovative Use of NLP for Building Educational Applications},
 series = {IUNLPBEA '11},
 year = {2011},
 isbn = {9781937284039},
 location = {Portland, Oregon},
 pages = {38--45},
 numpages = {8},
 url = {http://dl.acm.org/citation.cfm?id=2043132.2043137},
 acmid = {2043137},
 publisher = {Association for Computational Linguistics},
 address = {Stroudsburg, PA, USA},
}

@inproceedings{Jin:2019:CVA:3306500.3306584,
 author = {Jin, Laipeng and Yu, Dongchuan},
 title = {Characteristics of Visual Attention for the Assessment of Conceptual Change: An Eye-tracking Study},
 booktitle = {Proceedings of the 10th International Conference on E-Education, E-Business, E-Management and E-Learning},
 series = {IC4E '19},
 year = {2019},
 isbn = {978-1-4503-6602-1},
 location = {Tokyo, Japan},
 pages = {158--162},
 numpages = {5},
 url = {http://doi.acm.org/10.1145/3306500.3306584},
 doi = {10.1145/3306500.3306584},
 acmid = {3306584},
 publisher = {ACM},
 address = {New York, NY, USA},
 keywords = {assessment, conceptual change, eye-tracking, visual attention},
}

@inproceedings{Caspersen:2007:IDP:1288580.1288595,
 author = {Caspersen, Michael E. and Bennedsen, Jens},
 title = {Instructional Design of a Programming Course: A Learning Theoretic Approach},
 booktitle = {Proceedings of the Third International Workshop on Computing Education Research},
 series = {ICER '07},
 year = {2007},
 isbn = {978-1-59593-841-1},
 location = {Atlanta, Georgia, USA},
 pages = {111--122},
 numpages = {12},
 url = {http://doi.acm.org/10.1145/1288580.1288595},
 doi = {10.1145/1288580.1288595},
 acmid = {1288595},
 publisher = {ACM},
 address = {New York, NY, USA},
 keywords = {cognition, cognitive apprenticeship, cognitive load theory, instructional design, learning, model-driven programming, object-oriented programming, patternbased approach to programming education, worked examples},
}

@inproceedings{Oviatt:2018:TOC:3242969.3243010,
 author = {Oviatt, Sharon},
 title = {Ten Opportunities and Challenges for Advancing Student-Centered Multimodal Learning Analytics},
 booktitle = {Proceedings of the 20th ACM International Conference on Multimodal Interaction},
 series = {ICMI '18},
 year = {2018},
 isbn = {978-1-4503-5692-3},
 location = {Boulder, CO, USA},
 pages = {87--94},
 numpages = {8},
 url = {http://doi.acm.org/10.1145/3242969.3243010},
 doi = {10.1145/3242969.3243010},
 acmid = {3243010},
 publisher = {ACM},
 address = {New York, NY, USA},
 keywords = {data infrastructure, end-user analytics, multimodal learning analytics, participatory design, prediction of cognitive state, privacy},
}

@inproceedings{Harpstead:2019:ESA:3303772.3303797,
 author = {Harpstead, Erik and Richey, J. Elizabeth and Nguyen, Huy and McLaren, Bruce M.},
 title = {Exploring the Subtleties of Agency and Indirect Control in Digital Learning Games},
 booktitle = {Proceedings of the 9th International Conference on Learning Analytics \& Knowledge},
 series = {LAK19},
 year = {2019},
 isbn = {978-1-4503-6256-6},
 location = {Tempe, AZ, USA},
 pages = {121--129},
 numpages = {9},
 url = {http://doi.acm.org/10.1145/3303772.3303797},
 doi = {10.1145/3303772.3303797},
 acmid = {3303797},
 publisher = {ACM},
 address = {New York, NY, USA},
 keywords = {Digital learning games, agency, indirect control, self-regulated learning},
}

@inproceedings{Cutts:2018:EDA:3174781.3174789,
 author = {Cutts, Quintin and Patitsas, Elizabeth and Cole, Elizabeth and Donaldson, Peter and Alshaigy, Bedour and Gutica, Mirela and Hellas, Arto and Larraza-Mendiluze, Edurne and McCartney, Robert and Riedesel, Charles},
 title = {Early Developmental Activities and Computing Proficiency},
 booktitle = {Proceedings of the 2017 ITiCSE Conference on Working Group Reports},
 series = {ITiCSE-WGR '17},
 year = {2017},
 isbn = {978-1-4503-5627-5},
 location = {Bologna, Italy},
 pages = {140--157},
 numpages = {18},
 url = {http://doi.acm.org/10.1145/3174781.3174789},
 doi = {10.1145/3174781.3174789},
 acmid = {3174789},
 publisher = {ACM},
 address = {New York, NY, USA},
 keywords = {early-years, pre-computational thinking, pre-requisite, primary, proficiency},
}

@article{Schank:1998:HC:278476.278482,
 author = {Schank, Roger C.},
 title = {Horses for Courses},
 journal = {Commun. ACM},
 issue_date = {July 1998},
 volume = {41},
 number = {7},
 month = jul,
 year = {1998},
 issn = {0001-0782},
 pages = {23--25},
 numpages = {3},
 url = {http://doi.acm.org/10.1145/278476.278482},
 doi = {10.1145/278476.278482},
 acmid = {278482},
 publisher = {ACM},
 address = {New York, NY, USA},
}

@article{Mitrovic:1998:LSC:274790.274318,
 author = {Mitrovic, Antonija},
 title = {Learning SQL with a Computerized Tutor},
 journal = {SIGCSE Bull.},
 issue_date = {Mar. 1998},
 volume = {30},
 number = {1},
 month = mar,
 year = {1998},
 issn = {0097-8418},
 pages = {307--311},
 numpages = {5},
 url = {http://doi.acm.org/10.1145/274790.274318},
 doi = {10.1145/274790.274318},
 acmid = {274318},
 publisher = {ACM},
 address = {New York, NY, USA},
}

@inproceedings{Mitrovic:1998:LSC:273133.274318,
 author = {Mitrovic, Antonija},
 title = {Learning SQL with a Computerized Tutor},
 booktitle = {Proceedings of the Twenty-ninth SIGCSE Technical Symposium on Computer Science Education},
 series = {SIGCSE '98},
 year = {1998},
 isbn = {0-89791-994-7},
 location = {Atlanta, Georgia, USA},
 pages = {307--311},
 numpages = {5},
 url = {http://doi.acm.org/10.1145/273133.274318},
 doi = {10.1145/273133.274318},
 acmid = {274318},
 publisher = {ACM},
 address = {New York, NY, USA},
}

@inproceedings{Ramasamy:2018:MDA:3194779.3194790,
 author = {Ramasamy, Vijayalakshmi and Alomari, Hakam W. and Kiper, James D. and Potvin, Geoffrey},
 title = {A Minimally Disruptive Approach of Integrating Testing into Computer Programming Courses},
 booktitle = {Proceedings of the 2Nd International Workshop on Software Engineering Education for Millennials},
 series = {SEEM '18},
 year = {2018},
 isbn = {978-1-4503-5750-0},
 location = {Gothenburg, Sweden},
 pages = {1--7},
 numpages = {7},
 url = {http://doi.acm.org/10.1145/3194779.3194790},
 doi = {10.1145/3194779.3194790},
 acmid = {3194790},
 publisher = {ACM},
 address = {New York, NY, USA},
 keywords = {SEP-CyLE, empirical study, learning objects, management system, software testing concepts and techniques},
}

@article{Singh:2011:PBM:2038836.2038856,
 author = {Singh, Anjeli and Johnson, Andrea and Alnizami, Hanan and Gilbert, Juan E.},
 title = {The Potential Benefits of Multi_Modal Social Interaction on the Web for Senior Users},
 journal = {J. Comput. Sci. Coll.},
 issue_date = {December 2011},
 volume = {27},
 number = {2},
 month = dec,
 year = {2011},
 issn = {1937-4771},
 pages = {135--141},
 numpages = {7},
 url = {http://dl.acm.org/citation.cfm?id=2038836.2038856},
 acmid = {2038856},
 publisher = {Consortium for Computing Sciences in Colleges},
 address = {USA},
}

@article{Nielsen:1989:TUI:67880.67885,
 author = {Nielsen, J. and Molich, R.},
 title = {Teaching User Interface Design Based on Usability Engineering},
 journal = {SIGCHI Bull.},
 issue_date = {July 1989},
 volume = {21},
 number = {1},
 month = aug,
 year = {1989},
 issn = {0736-6906},
 pages = {45--48},
 numpages = {4},
 url = {http://doi.acm.org/10.1145/67880.67885},
 doi = {10.1145/67880.67885},
 acmid = {67885},
 publisher = {ACM},
 address = {New York, NY, USA},
}

@article{Aiken:1992:DLM:135250.134527,
 author = {Aiken, Robert M. and Allemang, Dean and Wehrle, Thomas},
 title = {Designing Laboratory Modules for Novices in an Undergraduate AI Course Track: Artificial Intelligence},
 journal = {SIGCSE Bull.},
 issue_date = {March 1992},
 volume = {24},
 number = {1},
 month = mar,
 year = {1992},
 issn = {0097-8418},
 pages = {76--80},
 numpages = {5},
 url = {http://doi.acm.org/10.1145/135250.134527},
 doi = {10.1145/135250.134527},
 acmid = {134527},
 publisher = {ACM},
 address = {New York, NY, USA},
}

@inproceedings{Aiken:1992:DLM:134510.134527,
 author = {Aiken, Robert M. and Allemang, Dean and Wehrle, Thomas},
 title = {Designing Laboratory Modules for Novices in an Undergraduate AI Course Track: Artificial Intelligence},
 booktitle = {Proceedings of the Twenty-third SIGCSE Technical Symposium on Computer Science Education},
 series = {SIGCSE '92},
 year = {1992},
 isbn = {0-89791-468-6},
 location = {Kansas City, Missouri, USA},
 pages = {76--80},
 numpages = {5},
 url = {http://doi.acm.org/10.1145/134510.134527},
 doi = {10.1145/134510.134527},
 acmid = {134527},
 publisher = {ACM},
 address = {New York, NY, USA},
}

@inproceedings{Buzio:2017:VRS:3038535.3038541,
 author = {Buzio, Alberto and Chiesa, Mario and Toppan, Riccardo},
 title = {Virtual Reality for Special Educational Needs},
 booktitle = {Proceedings of the 2017 ACM Workshop on Intelligent Interfaces for Ubiquitous and Smart Learning},
 series = {SmartLearn '17},
 year = {2017},
 isbn = {978-1-4503-4904-8},
 location = {Limassol, Cyprus},
 pages = {7--10},
 numpages = {4},
 url = {http://doi.acm.org/10.1145/3038535.3038541},
 doi = {10.1145/3038535.3038541},
 acmid = {3038541},
 publisher = {ACM},
 address = {New York, NY, USA},
 keywords = {learning, special educational needs, virtual reality},
}

@article{Lubliner:2010:DDD:1710101.1710102,
 author = {Lubliner, David and Widmeyer, George and Deek, Fadi P.},
 title = {On the Design and Development of a Domain Based Integrated Knowledge Repository},
 journal = {SIGITERes. IT},
 issue_date = {January 2010},
 volume = {7},
 number = {1},
 month = jan,
 year = {2010},
 issn = {1944-0278},
 pages = {4--24},
 numpages = {21},
 url = {http://doi.acm.org/10.1145/1710101.1710102},
 doi = {10.1145/1710101.1710102},
 acmid = {1710102},
 publisher = {ACM},
 address = {New York, NY, USA},
 keywords = {concept learning, knowledge acquisition, semantic web},
}

@inproceedings{Bromwich:2012:CGT:2379256.2379266,
 author = {Bromwich, Kohl and Masoodian, Masood and Rogers, Bill},
 title = {Crossing the Game Threshold: A System for Teaching Basic Programming Constructs},
 booktitle = {Proceedings of the 13th International Conference of the NZ Chapter of the ACM's Special Interest Group on Human-Computer Interaction},
 series = {CHINZ '12},
 year = {2012},
 isbn = {978-1-4503-1474-9},
 location = {Dunedin, New Zealand},
 pages = {56--63},
 numpages = {8},
 url = {http://doi.acm.org/10.1145/2379256.2379266},
 doi = {10.1145/2379256.2379266},
 acmid = {2379266},
 publisher = {ACM},
 address = {New York, NY, USA},
 keywords = {beginner, programming, teaching, visual programming},
}

@article{Hundhausen:2012:ESL:2395131.2395133,
 author = {Hundhausen, C. D. and Fairbrother, D. and Petre, M.},
 title = {An Empirical Study of the \&Ldquo;Prototype Walkthrough\&Rdquo;: A Studio-Based Activity for HCI Education},
 journal = {ACM Trans. Comput.-Hum. Interact.},
 issue_date = {December 2012},
 volume = {19},
 number = {4},
 month = dec,
 year = {2012},
 issn = {1073-0516},
 pages = {26:1--26:36},
 articleno = {26},
 numpages = {36},
 url = {http://doi.acm.org/10.1145/2395131.2395133},
 doi = {10.1145/2395131.2395133},
 acmid = {2395133},
 publisher = {ACM},
 address = {New York, NY, USA},
 keywords = {HCI, Studio-based learning and instruction, design crit, prototype walkthrough, user interface design, video analysis},
}

@inproceedings{LaViola:2011:SIA:2037636.2037637,
 author = {LaViola, Joseph J. and Keefe, Daniel F.},
 title = {3D Spatial Interaction: Applications for Art, Design, and Science},
 booktitle = {ACM SIGGRAPH 2011 Courses},
 series = {SIGGRAPH '11},
 year = {2011},
 isbn = {978-1-4503-0967-7},
 location = {Vancouver, British Columbia, Canada},
 pages = {1:1--1:75},
 articleno = {1},
 numpages = {75},
 url = {http://doi.acm.org/10.1145/2037636.2037637},
 doi = {10.1145/2037636.2037637},
 acmid = {2037637},
 publisher = {ACM},
 address = {New York, NY, USA},
}

@article{Walker:1995:DTC:201977.201994,
 author = {Walker, Marilyn A. and Jordan, Pamela W.},
 title = {Design-World: A Testbed of Communicative Action and Resource Limits},
 journal = {SIGART Bull.},
 issue_date = {April 1995},
 volume = {6},
 number = {2},
 month = apr,
 year = {1995},
 issn = {0163-5719},
 pages = {34--38},
 numpages = {5},
 url = {http://doi.acm.org/10.1145/201977.201994},
 doi = {10.1145/201977.201994},
 acmid = {201994},
 publisher = {ACM},
 address = {New York, NY, USA},
}

@inproceedings{Namatame:2007:PSA:1297277.1297321,
 author = {Namatame, Miki and Kusunoki, Fusako},
 title = {The Preliminary Study of Animation Dictionary for Onomatopoeic Learning},
 booktitle = {Proceedings of the 6th International Conference on Interaction Design and Children},
 series = {IDC '07},
 year = {2007},
 isbn = {978-1-59593-747-6},
 location = {Aalborg, Denmark},
 pages = {177--178},
 numpages = {2},
 url = {http://doi.acm.org/10.1145/1297277.1297321},
 doi = {10.1145/1297277.1297321},
 acmid = {1297321},
 publisher = {ACM},
 address = {New York, NY, USA},
 keywords = {animation, deaf, onomatopoeic, visualization},
}

@inproceedings{Hubbard:2017:ELT:3027385.3027390,
 author = {Hubbard, Ryan and Sipolins, Aldis and Zhou, Lin},
 title = {Enhancing Learning Through Virtual Reality and Neurofeedback: A First Step},
 booktitle = {Proceedings of the Seventh International Learning Analytics \&\#38; Knowledge Conference},
 series = {LAK '17},
 year = {2017},
 isbn = {978-1-4503-4870-6},
 location = {Vancouver, British Columbia, Canada},
 pages = {398--403},
 numpages = {6},
 url = {http://doi.acm.org/10.1145/3027385.3027390},
 doi = {10.1145/3027385.3027390},
 acmid = {3027390},
 publisher = {ACM},
 address = {New York, NY, USA},
 keywords = {EEG, human-computer interaction, neurofeedback, virtual reality},
}

@inproceedings{Gamble:1990:TRP:98894.98939,
 author = {Gamble, Rose F.},
 title = {Transforming Rule-based Programs: From the Sequential to the Parallel},
 booktitle = {Proceedings of the 3rd International Conference on Industrial and Engineering Applications of Artificial Intelligence and Expert Systems - Volume 2},
 series = {IEA/AIE '90},
 year = {1990},
 isbn = {0-89791-372-8},
 location = {Charleston, South Carolina, USA},
 pages = {854--863},
 numpages = {10},
 url = {http://doi.acm.org/10.1145/98894.98939},
 doi = {10.1145/98894.98939},
 acmid = {98939},
 publisher = {ACM},
 address = {New York, NY, USA},
}

@inproceedings{Jin:2018:NIA:3300942.3300959,
 author = {Jin, Laipeng and Jia, Huibin and Yu, Dongchuan},
 title = {A Novel Indicator for Assessing Conceptual Change: A Study Based on Functional Connectivity Measured with Near-infrared Spectroscopy},
 booktitle = {Proceedings of the 2018 International Conference on Education Technology Management},
 series = {ICETM 2018},
 year = {2018},
 isbn = {978-1-4503-6630-4},
 location = {Barcelona, Spain},
 pages = {82--86},
 numpages = {5},
 url = {http://doi.acm.org/10.1145/3300942.3300959},
 doi = {10.1145/3300942.3300959},
 acmid = {3300959},
 publisher = {ACM},
 address = {New York, NY, USA},
 keywords = {Assessment, Conceptual change, Functional connectivity, Functional near-infrared spectroscopy (fNIRS)},
}

@inproceedings{Gavota:2009:SCS:1599503.1599555,
 author = {Gavota, Monica and B{\'e}trancourt, Mireille and Schneider, Daniel and Richle, Urs},
 title = {Scaffolding for Computer Supported Writing to Learn Activities in Vocational Training},
 booktitle = {Proceedings of the 9th International Conference on Computer Supported Collaborative Learning - Volume 2},
 series = {CSCL'09},
 year = {2009},
 isbn = {978-1-4092-8598-4},
 location = {Rhodes, Greece},
 pages = {153--155},
 numpages = {3},
 url = {http://dl.acm.org/citation.cfm?id=1599503.1599555},
 acmid = {1599555},
 publisher = {International Society of the Learning Sciences},
}

@inproceedings{Kelleher:2019:PCL:3290605.3300487,
 author = {Kelleher, Caitlin and Hnin, Wint},
 title = {Predicting Cognitive Load in Future Code Puzzles},
 booktitle = {Proceedings of the 2019 CHI Conference on Human Factors in Computing Systems},
 series = {CHI '19},
 year = {2019},
 isbn = {978-1-4503-5970-2},
 location = {Glasgow, Scotland Uk},
 pages = {257:1--257:12},
 articleno = {257},
 numpages = {12},
 url = {http://doi.acm.org/10.1145/3290605.3300487},
 doi = {10.1145/3290605.3300487},
 acmid = {3300487},
 publisher = {ACM},
 address = {New York, NY, USA},
 keywords = {adaptive learning system, code puzzles, cognitive load},
}

@inproceedings{Koutitas:2019:VAR:3316782.3321542,
 author = {Koutitas, George and Smith, Kenneth Scott and Lawrence, Grayson and Metsis, Vangelis and Stamper, Clayton and Trahan, Mark and Lehr, Ted},
 title = {A Virtual and Augmented Reality Platform for the Training of First Responders of the Ambulance Bus},
 booktitle = {Proceedings of the 12th ACM International Conference on PErvasive Technologies Related to Assistive Environments},
 series = {PETRA '19},
 year = {2019},
 isbn = {978-1-4503-6232-0},
 location = {Rhodes, Greece},
 pages = {299--302},
 numpages = {4},
 url = {http://doi.acm.org/10.1145/3316782.3321542},
 doi = {10.1145/3316782.3321542},
 acmid = {3321542},
 publisher = {ACM},
 address = {New York, NY, USA},
 keywords = {augmented reality, first responders, training, virtual reality},
}

@inproceedings{VanderSluis:2016:ESB:2876034.2876051,
 author = {Van der Sluis, Frans and Ginn, Jasper and Van der Zee, Tim},
 title = {Explaining Student Behavior at Scale: The Influence of Video Complexity on Student Dwelling Time},
 booktitle = {Proceedings of the Third (2016) ACM Conference on Learning @ Scale},
 series = {L@S '16},
 year = {2016},
 isbn = {978-1-4503-3726-7},
 location = {Edinburgh, Scotland, UK},
 pages = {51--60},
 numpages = {10},
 url = {http://doi.acm.org/10.1145/2876034.2876051},
 doi = {10.1145/2876034.2876051},
 acmid = {2876051},
 publisher = {ACM},
 address = {New York, NY, USA},
 keywords = {dwelling time, information complexity, learning analytics, moocs, student behavior., video},
}

@inproceedings{Kizilcec:2019:PID:3290605.3300704,
 author = {Kizilcec, Ren{\'e} F. and Saltarelli, Andrew J.},
 title = {Psychologically Inclusive Design: Cues Impact Women's Participation in STEM Education},
 booktitle = {Proceedings of the 2019 CHI Conference on Human Factors in Computing Systems},
 series = {CHI '19},
 year = {2019},
 isbn = {978-1-4503-5970-2},
 location = {Glasgow, Scotland Uk},
 pages = {474:1--474:10},
 articleno = {474},
 numpages = {10},
 url = {http://doi.acm.org/10.1145/3290605.3300704},
 doi = {10.1145/3290605.3300704},
 acmid = {3300704},
 publisher = {ACM},
 address = {New York, NY, USA},
 keywords = {design, diversity, education, equality, inclusion, social psychology},
}

@inproceedings{Linn:2008:IDI:1599936.1600021,
 author = {Linn, Marcia C. and Quintana, Chris and Chang, Hsin-Yi and Shen, Ji and Chiu, Jennifer L. and Clark, Douglas and Menekse, Muhsin and D'Angelo, Cynthia and Schleigh, Sharon and Touchman, Stephanie and McElhaney, Kevin W. and Varma, Keisha and Price, Aaron and Lee, Hee-Sun},
 title = {Improving the Design and Impact of Interactive, Dynamic Visualizations for Science Learning},
 booktitle = {Proceedings of the 8th International Conference on International Conference for the Learning Sciences - Volume 3},
 series = {ICLS'08},
 year = {2008},
 location = {Utrecht, The Netherlands},
 pages = {221--228},
 numpages = {8},
 url = {http://dl.acm.org/citation.cfm?id=1599936.1600021},
 acmid = {1600021},
 publisher = {International Society of the Learning Sciences},
}

@inproceedings{Miyake:2015:ATC:2818143.2818164,
 author = {Miyake, Youichiro},
 title = {AI Techniques for Contemporary Digital Games},
 booktitle = {SIGGRAPH Asia 2015 Courses},
 series = {SA '15},
 year = {2015},
 isbn = {978-1-4503-3924-7},
 location = {Kobe, Japan},
 pages = {3:1--3:355},
 articleno = {3},
 numpages = {355},
 url = {http://doi.acm.org/10.1145/2818143.2818164},
 doi = {10.1145/2818143.2818164},
 acmid = {2818164},
 publisher = {ACM},
 address = {New York, NY, USA},
}

@inproceedings{Harrell:2008:VED:1599936.1600042,
 author = {Harrell, Sneha Veeragoudar and Abrahamson, Dor and Morgado, Leonel and Esteves, Micaela and Valcke, Martin and Vansteenbrugge, Hendrik and Rosenbaum, Eric and Barab, Sasha},
 title = {Virtually There: Emerging Designs for STEM Teaching and Learning in Immersive Online 3D Microworlds},
 booktitle = {Proceedings of the 8th International Conference on International Conference for the Learning Sciences - Volume 3},
 series = {ICLS'08},
 year = {2008},
 location = {Utrecht, The Netherlands},
 pages = {383--391},
 numpages = {9},
 url = {http://dl.acm.org/citation.cfm?id=1599936.1600042},
 acmid = {1600042},
 publisher = {International Society of the Learning Sciences},
}

@inproceedings{Li:2009:TAL:1631111.1631118,
 author = {Li, Xiaowei and Hu, Bin and Zhu, Tingshao and Yan, Jingzhi and Zheng, Fang},
 title = {Towards Affective Learning with an EEG Feedback Approach},
 booktitle = {Proceedings of the First ACM International Workshop on Multimedia Technologies for Distance Learning},
 series = {MTDL '09},
 year = {2009},
 isbn = {978-1-60558-757-8},
 location = {Beijing, China},
 pages = {33--38},
 numpages = {6},
 url = {http://doi.acm.org/10.1145/1631111.1631118},
 doi = {10.1145/1631111.1631118},
 acmid = {1631118},
 publisher = {ACM},
 address = {New York, NY, USA},
 keywords = {EEG, affective learning, distance education, ontologies},
}

@inproceedings{Scott:2017:EIL:3059009.3059037,
 author = {Scott, Michael James and Ghinea, Gheorghita},
 title = {On the Educational Impact of Lecture Recording Reduction: Evidence from a Randomised Trial},
 booktitle = {Proceedings of the 2017 ACM Conference on Innovation and Technology in Computer Science Education},
 series = {ITiCSE '17},
 year = {2017},
 isbn = {978-1-4503-4704-4},
 location = {Bologna, Italy},
 pages = {287--292},
 numpages = {6},
 url = {http://doi.acm.org/10.1145/3059009.3059037},
 doi = {10.1145/3059009.3059037},
 acmid = {3059037},
 publisher = {ACM},
 address = {New York, NY, USA},
 keywords = {experiment, human factors, learning, lecture, randomised trial, recording, reduction, revision, summaries, video},
}

@inproceedings{Eilam:2008:IVC:1599812.1599836,
 author = {Eilam, Billie and Poyas, Yael},
 title = {Identifying Variables and Constructing Relations: Effects of Multiple Images and Texts Stimuli},
 booktitle = {Proceedings of the 8th International Conference on International Conference for the Learning Sciences - Volume 1},
 series = {ICLS'08},
 year = {2008},
 location = {Utrecht, The Netherlands},
 pages = {207--215},
 numpages = {9},
 url = {http://dl.acm.org/citation.cfm?id=1599812.1599836},
 acmid = {1599836},
 publisher = {International Society of the Learning Sciences},
}

@inproceedings{Jovanovic:2019:IMC:3303772.3303782,
 author = {Jovanovi\'{c}, Jelena and Ga\v{s}evi\'{c}, Dragan and Pardo, Abelardo and Dawson, Shane and Whitelock-Wainwright, Alexander},
 title = {Introducing Meaning to Clicks: Towards Traced-measures of Self-efficacy and Cognitive Load},
 booktitle = {Proceedings of the 9th International Conference on Learning Analytics \& Knowledge},
 series = {LAK19},
 year = {2019},
 isbn = {978-1-4503-6256-6},
 location = {Tempe, AZ, USA},
 pages = {511--520},
 numpages = {10},
 url = {http://doi.acm.org/10.1145/3303772.3303782},
 doi = {10.1145/3303772.3303782},
 acmid = {3303782},
 publisher = {ACM},
 address = {New York, NY, USA},
 keywords = {cognitive load, learning analytics, perceived difficulty, self-efficacy, self-reports, trace data},
}

@inproceedings{Apostolellis:2015:SGL:2771839.2771856,
 author = {Apostolellis, Panagiotis and Bowman, Doug A.},
 title = {Small Group Learning with Games in Museums: Effects of Interactivity As Mediated by Cultural Differences},
 booktitle = {Proceedings of the 14th International Conference on Interaction Design and Children},
 series = {IDC '15},
 year = {2015},
 isbn = {978-1-4503-3590-4},
 location = {Boston, Massachusetts},
 pages = {160--169},
 numpages = {10},
 url = {http://doi.acm.org/10.1145/2771839.2771856},
 doi = {10.1145/2771839.2771856},
 acmid = {2771856},
 publisher = {ACM},
 address = {New York, NY, USA},
 keywords = {co-located collaboration, culture, facilitation, game-based learning, informal learning, interactivity, prior knowledge},
}

@inproceedings{Gattupalli:2017:CDL:3025171.3025213,
 author = {Gattupalli, Srujana and Ebert, Dylan and Papakostas, Michalis and Makedon, Fillia and Athitsos, Vassilis},
 title = {CogniLearn: A Deep Learning-based Interface for Cognitive Behavior Assessment},
 booktitle = {Proceedings of the 22Nd International Conference on Intelligent User Interfaces},
 series = {IUI '17},
 year = {2017},
 isbn = {978-1-4503-4348-0},
 location = {Limassol, Cyprus},
 pages = {577--587},
 numpages = {11},
 url = {http://doi.acm.org/10.1145/3025171.3025213},
 doi = {10.1145/3025171.3025213},
 acmid = {3025213},
 publisher = {ACM},
 address = {New York, NY, USA},
 keywords = {cognitive assessment, computer vision, deep learning, head-toes-knees-shoulders (htks), human computer interaction (hci)},
}

@inproceedings{Steed:2006:AAA:1179295.1179336,
 author = {Steed, Marlo B.},
 title = {Attribute Activation: An Approach for Learning Visual Representation},
 booktitle = {ACM SIGGRAPH 2006 Educators Program},
 series = {SIGGRAPH '06},
 year = {2006},
 isbn = {1-59593-364-6},
 location = {Boston, Massachusetts},
 articleno = {40},
 url = {http://doi.acm.org/10.1145/1179295.1179336},
 doi = {10.1145/1179295.1179336},
 acmid = {1179336},
 publisher = {ACM},
 address = {New York, NY, USA},
 keywords = {visual construction, visual critique, visual design, visual learning, visual representation},
}

@inproceedings{Rankin:2006:PKG:1179295.1179340,
 author = {Rankin, Yolanda A. and Gold, Rachel and Gooch, Bruce},
 title = {Playing for Keeps: Gaming As a Language Learning Tool},
 booktitle = {ACM SIGGRAPH 2006 Educators Program},
 series = {SIGGRAPH '06},
 year = {2006},
 isbn = {1-59593-364-6},
 location = {Boston, Massachusetts},
 articleno = {44},
 url = {http://doi.acm.org/10.1145/1179295.1179340},
 doi = {10.1145/1179295.1179340},
 acmid = {1179340},
 publisher = {ACM},
 address = {New York, NY, USA},
}

@article{Spohrer:1986:NMF:6138.6145,
 author = {Spohrer, James C. and Soloway, Elliot},
 title = {Novice Mistakes: Are the Folk Wisdoms Correct?},
 journal = {Commun. ACM},
 issue_date = {July 1986},
 volume = {29},
 number = {7},
 month = jul,
 year = {1986},
 issn = {0001-0782},
 pages = {624--632},
 numpages = {9},
 url = {http://doi.acm.org/10.1145/6138.6145},
 doi = {10.1145/6138.6145},
 acmid = {6145},
 publisher = {ACM},
 address = {New York, NY, USA},
}

@inproceedings{Silber:1990:PIH:98894.98903,
 author = {Silber, Jane},
 title = {PAL: An Intelligent Help System},
 booktitle = {Proceedings of the 3rd International Conference on Industrial and Engineering Applications of Artificial Intelligence and Expert Systems - Volume 2},
 series = {IEA/AIE '90},
 year = {1990},
 isbn = {0-89791-372-8},
 location = {Charleston, South Carolina, USA},
 pages = {882--889},
 numpages = {8},
 url = {http://doi.acm.org/10.1145/98894.98903},
 doi = {10.1145/98894.98903},
 acmid = {98903},
 publisher = {ACM},
 address = {New York, NY, USA},
}

@article{Rui:2008:ITT:1473195.1473229,
 author = {Rui, Deng and Thompson, John T. and Hong, Yang and Xing-sheng, Zhou and Ke-jing, Liu and Macintyre, Neil Alexander},
 title = {Imagery Training in the Teaching of the Data Structure Curriculum},
 journal = {SIGCSE Bull.},
 issue_date = {December 2008},
 volume = {40},
 number = {4},
 month = nov,
 year = {2008},
 issn = {0097-8418},
 pages = {92--94},
 numpages = {3},
 url = {http://doi.acm.org/10.1145/1473195.1473229},
 doi = {10.1145/1473195.1473229},
 acmid = {1473229},
 publisher = {ACM},
 address = {New York, NY, USA},
 keywords = {data structure curriculum, imagery training, visualized demo system},
}

@inproceedings{Buzzi:2016:LGC:2899475.2899487,
 author = {Buzzi, Maria Claudia and Buzzi, Marina and Perrone, Erico and Rapisarda, Beatrice and Senette, Caterina},
 title = {Learning Games for the Cognitively Impaired People},
 booktitle = {Proceedings of the 13th Web for All Conference},
 series = {W4A '16},
 year = {2016},
 isbn = {978-1-4503-4138-7},
 location = {Montreal, Canada},
 pages = {30:1--30:4},
 articleno = {30},
 numpages = {4},
 url = {http://doi.acm.org/10.1145/2899475.2899487},
 doi = {10.1145/2899475.2899487},
 acmid = {2899487},
 publisher = {ACM},
 address = {New York, NY, USA},
 keywords = {cognitive games, computer-enhanced learning, people with special needs, web applications},
}

@article{Anderson:1986:ATI:6592.6593,
 author = {Anderson, J. R and Skwarecki, E.},
 title = {The Automated Tutoring of Introductory Computer Programming},
 journal = {Commun. ACM},
 issue_date = {Sept. 1986},
 volume = {29},
 number = {9},
 month = sep,
 year = {1986},
 issn = {0001-0782},
 pages = {842--849},
 numpages = {8},
 url = {http://doi.acm.org/10.1145/6592.6593},
 doi = {10.1145/6592.6593},
 acmid = {6593},
 publisher = {ACM},
 address = {New York, NY, USA},
}

@inproceedings{Gelderblom:2008:DTY:1456659.1456668,
 author = {Gelderblom, Helene and Kotz{\'e}, Paula},
 title = {Designing Technology for Young Children: What We Can Learn from Theories of Cognitive Development},
 booktitle = {Proceedings of the 2008 Annual Research Conference of the South African Institute of Computer Scientists and Information Technologists on IT Research in Developing Countries: Riding the Wave of Technology},
 series = {SAICSIT '08},
 year = {2008},
 isbn = {978-1-60558-286-3},
 location = {Wilderness, South Africa},
 pages = {66--75},
 numpages = {10},
 url = {http://doi.acm.org/10.1145/1456659.1456668},
 doi = {10.1145/1456659.1456668},
 acmid = {1456668},
 publisher = {ACM},
 address = {New York, NY, USA},
 keywords = {children's technology/software, cognitive development, cognitive skill development, design guidelines, psychological theories},
}

@article{Wang:2012:ARN:2380716.2380717,
 author = {Wang, Xiangyu},
 title = {Augmented Reality: A New Way of Augmented Learning},
 journal = {eLearn},
 issue_date = {October 2012},
 volume = {2012},
 number = {10},
 month = oct,
 year = {2012},
 issn = {1535-394X},
 articleno = {1},
 url = {http://doi.acm.org/10.1145/2380716.2380717},
 doi = {10.1145/2380716.2380717},
 acmid = {2380717},
 publisher = {ACM},
 address = {New York, NY, USA},
}

@inproceedings{Goldman:2009:SDP:1599503.1599548,
 author = {Goldman, Ricki and Dong, Chaoyan and Lansiquot, Reneta},
 title = {Software Design Principles for Video Research in the Learning Sciences and CSCL: Two Studies Use the Perspectivity Framework \& Orion\&\#8482;\texttrademark},
 booktitle = {Proceedings of the 9th International Conference on Computer Supported Collaborative Learning - Volume 2},
 series = {CSCL'09},
 year = {2009},
 isbn = {978-1-4092-8598-4},
 location = {Rhodes, Greece},
 pages = {132--134},
 numpages = {3},
 url = {http://dl.acm.org/citation.cfm?id=1599503.1599548},
 acmid = {1599548},
 publisher = {International Society of the Learning Sciences},
}

@inproceedings{Antonietti:2008:MUM:1599936.1600014,
 author = {Antonietti, Alessandro and Colombo, Barbara and Schnotz, Wolfgang and Moreno, Roxana and Marley, Scott and Helak, John and Fiore, Stephen M. and Cuevas, Haydee M. and Scielzo, Sandro},
 title = {Metacognition in Understanding Multimedia Presentations},
 booktitle = {Proceedings of the 8th International Conference on International Conference for the Learning Sciences - Volume 3},
 series = {ICLS'08},
 year = {2008},
 location = {Utrecht, The Netherlands},
 pages = {166--173},
 numpages = {8},
 url = {http://dl.acm.org/citation.cfm?id=1599936.1600014},
 acmid = {1600014},
 publisher = {International Society of the Learning Sciences},
}

@inproceedings{VanGog:2008:UCP:1599936.1600050,
 author = {Van Gog, Tamara and Brand-Gruwel, Saskia and Van Meeuwen, Ludo and Paas, Fred},
 title = {Uncovering Cognitive Processes: Cued Retrospective Reporting Based on Eye-movement Records},
 booktitle = {Proceedings of the 8th International Conference on International Conference for the Learning Sciences - Volume 3},
 series = {ICLS'08},
 year = {2008},
 location = {Utrecht, The Netherlands},
 pages = {416--417},
 numpages = {2},
 url = {http://dl.acm.org/citation.cfm?id=1599936.1600050},
 acmid = {1600050},
 publisher = {International Society of the Learning Sciences},
}

@inproceedings{Kirschner:2008:LCC:1599812.1599866,
 author = {Kirschner, Femke and Paas, Fred and Kirschner, Paul A.},
 title = {Learning from Complex Cognitive Tasks: Comparing Groups to Individuals},
 booktitle = {Proceedings of the 8th International Conference on International Conference for the Learning Sciences - Volume 1},
 series = {ICLS'08},
 year = {2008},
 location = {Utrecht, The Netherlands},
 pages = {446--452},
 numpages = {7},
 url = {http://dl.acm.org/citation.cfm?id=1599812.1599866},
 acmid = {1599866},
 publisher = {International Society of the Learning Sciences},
}

@inproceedings{Melguizo:2008:INS:1599871.1599900,
 author = {Melguizo, Mari Carmen Puerta and Madrid, R. Ignacio and Van Oostendorp, Herre},
 title = {The Importance of Navigation Support and Reading Order on Hypertext Learning and Cognitive Load},
 booktitle = {Proceedings of the 8th International Conference on International Conference for the Learning Sciences - Volume 2},
 series = {ICLS'08},
 year = {2008},
 location = {Utrecht, The Netherlands},
 pages = {229--236},
 numpages = {8},
 url = {http://dl.acm.org/citation.cfm?id=1599871.1599900},
 acmid = {1599900},
 publisher = {International Society of the Learning Sciences},
}

@inproceedings{Williams:1996:AGP:257089.257168,
 author = {Williams, Marian G. and Villegas, Hyxia and Buehler, J. Nicholas},
 title = {Appropriateness of Graphical Program Representations for Training Applications},
 booktitle = {Conference Companion on Human Factors in Computing Systems},
 series = {CHI '96},
 year = {1996},
 isbn = {0-89791-832-0},
 location = {Vancouver, British Columbia, Canada},
 pages = {91--92},
 numpages = {2},
 url = {http://doi.acm.org/10.1145/257089.257168},
 doi = {10.1145/257089.257168},
 acmid = {257168},
 publisher = {ACM},
 address = {New York, NY, USA},
}

@inproceedings{Ayres:2008:IIT:1599812.1599820,
 author = {Ayres, Paul and Youssef, Amina},
 title = {Investigating the Influence of Transitory Information and Motivation During Instructional Animations},
 booktitle = {Proceedings of the 8th International Conference on International Conference for the Learning Sciences - Volume 1},
 series = {ICLS'08},
 year = {2008},
 location = {Utrecht, The Netherlands},
 pages = {68--75},
 numpages = {8},
 url = {http://dl.acm.org/citation.cfm?id=1599812.1599820},
 acmid = {1599820},
 publisher = {International Society of the Learning Sciences},
}

@inproceedings{Clarebout:2008:UIE:1599812.1599829,
 author = {Clarebout, Geraldine and Coens, Joke and Elen, Jan},
 title = {The Use of iPods in Education: A Cognitive Perspective},
 booktitle = {Proceedings of the 8th International Conference on International Conference for the Learning Sciences - Volume 1},
 series = {ICLS'08},
 year = {2008},
 location = {Utrecht, The Netherlands},
 pages = {153--158},
 numpages = {6},
 url = {http://dl.acm.org/citation.cfm?id=1599812.1599829},
 acmid = {1599829},
 publisher = {International Society of the Learning Sciences},
}

@inproceedings{Mayr:2007:GGI:1599600.1599767,
 author = {Mayr, Eva},
 title = {Goal-awareness and Goal-adaptive Information Presentation to Support Collaborative Learning in Informal Settings},
 booktitle = {Proceedings of the 8th Iternational Conference on Computer Supported Collaborative Learning},
 series = {CSCL'07},
 year = {2007},
 isbn = {978-0-6151-5436-7},
 location = {New Brunswick, New Jersey, USA},
 pages = {859--861},
 numpages = {3},
 url = {http://dl.acm.org/citation.cfm?id=1599600.1599767},
 acmid = {1599767},
 publisher = {International Society of the Learning Sciences},
}

@inproceedings{Mu:2003:ISE:827140.827190,
 author = {Mu, Xiangming and Marchionini, Gary and Pattee, Amy},
 title = {The Interactive Shared Educational Environment: User Interface, System Architecture and Field Study},
 booktitle = {Proceedings of the 3rd ACM/IEEE-CS Joint Conference on Digital Libraries},
 series = {JCDL '03},
 year = {2003},
 isbn = {0-7695-1939-3},
 location = {Houston, Texas},
 pages = {291--300},
 numpages = {10},
 url = {http://dl.acm.org/citation.cfm?id=827140.827190},
 acmid = {827190},
 publisher = {IEEE Computer Society},
 address = {Washington, DC, USA},
}

@inproceedings{Molleri:2019:ESA:3319008.3319357,
 author = {Moll{\'e}ri, Jefferson Seide and Nurdiani, Indira and Fotrousi, Farnaz and Petersen, Kai},
 title = {Experiences of Studying Attention Through EEG in the Context of Review Tasks},
 booktitle = {Proceedings of the Evaluation and Assessment on Software Engineering},
 series = {EASE '19},
 year = {2019},
 isbn = {978-1-4503-7145-2},
 location = {Copenhagen, Denmark},
 pages = {313--318},
 numpages = {6},
 url = {http://doi.acm.org/10.1145/3319008.3319357},
 doi = {10.1145/3319008.3319357},
 acmid = {3319357},
 publisher = {ACM},
 address = {New York, NY, USA},
 keywords = {Electroencephalogram, attention, experiment, human subjects},
}

@inproceedings{Orth:2008:SML:1599871.1599890,
 author = {Orth, Cordula and Bastiaens, Theo J.},
 title = {Situated Multimedia Learning for Older Adults: Exploring the Benefits of Age-specific Instructional Design},
 booktitle = {Proceedings of the 8th International Conference on International Conference for the Learning Sciences - Volume 2},
 series = {ICLS'08},
 year = {2008},
 location = {Utrecht, The Netherlands},
 pages = {148--155},
 numpages = {8},
 url = {http://dl.acm.org/citation.cfm?id=1599871.1599890},
 acmid = {1599890},
 publisher = {International Society of the Learning Sciences},
}

@inproceedings{Nuckles:2008:SVL:1599871.1599887,
 author = {N\"{u}ckles, Matthias and H\"{u}bner, Sandra and Renkl, Alexander},
 title = {Short-term Versus Long-term Effects of Cognitive and Metacognitive Prompts in Writing-to-learn},
 booktitle = {Proceedings of the 8th International Conference on International Conference for the Learning Sciences - Volume 2},
 series = {ICLS'08},
 year = {2008},
 location = {Utrecht, The Netherlands},
 pages = {124--131},
 numpages = {8},
 url = {http://dl.acm.org/citation.cfm?id=1599871.1599887},
 acmid = {1599887},
 publisher = {International Society of the Learning Sciences},
}

@inproceedings{Cress:2007:TFC:1599600.1599630,
 author = {Cress, Ulrike and Kimmerle, Joachim},
 title = {A Theoretical Framework of Collaborative Knowledge Building with Wikis: A Systemic and Cognitive Perspective},
 booktitle = {Proceedings of the 8th Iternational Conference on Computer Supported Collaborative Learning},
 series = {CSCL'07},
 year = {2007},
 isbn = {978-0-6151-5436-7},
 location = {New Brunswick, New Jersey, USA},
 pages = {156--164},
 numpages = {9},
 url = {http://dl.acm.org/citation.cfm?id=1599600.1599630},
 acmid = {1599630},
 publisher = {International Society of the Learning Sciences},
}

@inproceedings{Sutherland:2008:EYL:1599936.1600038,
 author = {Sutherland, Rosamund and Eagle, Sarah and O'Malley, Claire and Manches, Andrew and Sutch, Dan},
 title = {Early Years Learning with Digital Technologies: The Relationship Between Research and Design},
 booktitle = {Proceedings of the 8th International Conference on International Conference for the Learning Sciences - Volume 3},
 series = {ICLS'08},
 year = {2008},
 location = {Utrecht, The Netherlands},
 pages = {354--359},
 numpages = {6},
 url = {http://dl.acm.org/citation.cfm?id=1599936.1600038},
 acmid = {1600038},
 publisher = {International Society of the Learning Sciences},
}

@inproceedings{Stark:2008:CBL:1599871.1599916,
 author = {Stark, Robin and Kopp, Veronika and Fischer, Martin},
 title = {Case Based Learning with Worked Examples in Medicine: Effects of Errors and Feedback},
 booktitle = {Proceedings of the 8th International Conference on International Conference for the Learning Sciences - Volume 2},
 series = {ICLS'08},
 year = {2008},
 location = {Utrecht, The Netherlands},
 pages = {359--365},
 numpages = {7},
 url = {http://dl.acm.org/citation.cfm?id=1599871.1599916},
 acmid = {1599916},
 publisher = {International Society of the Learning Sciences},
}

@inproceedings{Ahn:2013:SAR:2534329.2534342,
 author = {Ahn, Jong-gil and Kim, Gerard J. and Yeon, Hyemin and Hyun, Eunja and Choi, Kyoung},
 title = {Supporting Augmented Reality Based Children's Play with Pro-cam Robot: Three User Perspectives},
 booktitle = {Proceedings of the 12th ACM SIGGRAPH International Conference on Virtual-Reality Continuum and Its Applications in Industry},
 series = {VRCAI '13},
 year = {2013},
 isbn = {978-1-4503-2590-5},
 location = {Hong Kong, Hong Kong},
 pages = {17--24},
 numpages = {8},
 url = {http://doi.acm.org/10.1145/2534329.2534342},
 doi = {10.1145/2534329.2534342},
 acmid = {2534342},
 publisher = {ACM},
 address = {New York, NY, USA},
 keywords = {augmented reality, children's dramatic play, education, human robot interaction, interface design, projector robot},
}

@article{Greitzer:2007:CSI:1281320.1281322,
 author = {Greitzer, Frank L. and Kuchar, Olga Anna and Huston, Kristy},
 title = {Cognitive Science Implications for Enhancing Training Effectiveness in a Serious Gaming Context},
 journal = {J. Educ. Resour. Comput.},
 issue_date = {November 2007},
 volume = {7},
 number = {3},
 month = nov,
 year = {2007},
 issn = {1531-4278},
 articleno = {2},
 url = {http://doi.acm.org/10.1145/1281320.1281322},
 doi = {10.1145/1281320.1281322},
 acmid = {1281322},
 publisher = {ACM},
 address = {New York, NY, USA},
 keywords = {Serious gaming, cognitive principles, computer-based training, cyber security education, training effectiveness},
}

@inproceedings{Cakir:2009:IAD:1600053.1600055,
 author = {Cakir, Murat Perit and Stahl, Gerry},
 title = {Interaction Analysis of Dual-interaction CSCL Environments},
 booktitle = {Proceedings of the 9th International Conference on Computer Supported Collaborative Learning - Volume 1},
 series = {CSCL'09},
 year = {2009},
 isbn = {978-1-4092-8598-4},
 location = {Rhodes, Greece},
 pages = {3--12},
 numpages = {10},
 url = {http://dl.acm.org/citation.cfm?id=1600053.1600055},
 acmid = {1600055},
 publisher = {International Society of the Learning Sciences},
}

@inproceedings{Gelderblom:2009:TDL:1551788.1551798,
 author = {Gelderblom, Hel{\'e}ne and Kotz{\'e}, Paula},
 title = {Ten Design Lessons from the Literature on Child Development and Children's Use of Technology},
 booktitle = {Proceedings of the 8th International Conference on Interaction Design and Children},
 series = {IDC '09},
 year = {2009},
 isbn = {978-1-60558-395-2},
 location = {Como, Italy},
 pages = {52--60},
 numpages = {9},
 url = {http://doi.acm.org/10.1145/1551788.1551798},
 doi = {10.1145/1551788.1551798},
 acmid = {1551798},
 publisher = {ACM},
 address = {New York, NY, USA},
 keywords = {children's technology, cognitive skill development, design guidelines, interaction design for children},
}

@inproceedings{Heslop:2013:LEW:2485760.2485765,
 author = {Heslop, Philip and Kharrufa, Ahmed and Balaam, Madeline and Leat, David and Dolan, Paul and Olivier, Patrick},
 title = {Learning Extended Writing: Designing for Children's Collaboration},
 booktitle = {Proceedings of the 12th International Conference on Interaction Design and Children},
 series = {IDC '13},
 year = {2013},
 isbn = {978-1-4503-1918-8},
 location = {New York, New York, USA},
 pages = {36--45},
 numpages = {10},
 url = {http://doi.acm.org/10.1145/2485760.2485765},
 doi = {10.1145/2485760.2485765},
 acmid = {2485765},
 publisher = {ACM},
 address = {New York, NY, USA},
 keywords = {collaboration, digital tabletops, distributed cognition},
}

@inproceedings{Buder:2009:STC:1600053.1600140,
 author = {Buder, J\"{u}rgen and Bodemer, Daniel and Dehler, Jessica and Engelmann, Tanja},
 title = {SCAN Tools for Collaborative Learning},
 booktitle = {Proceedings of the 9th International Conference on Computer Supported Collaborative Learning - Volume 1},
 series = {CSCL'09},
 year = {2009},
 isbn = {978-1-4092-8598-4},
 location = {Rhodes, Greece},
 pages = {606--615},
 numpages = {10},
 url = {http://dl.acm.org/citation.cfm?id=1600053.1600140},
 acmid = {1600140},
 publisher = {International Society of the Learning Sciences},
}

@article{Costa:2018:PPM:3181320.3177749,
 author = {Costa, T. K. L. and Machado, L. S. and Valen\c{c}a, A. M. G. and Winckler, M. A. and Moraes, R. M.},
 title = {Pegadas: A Portal for Management and Activities Planning with Games and Environments for Education in Health},
 journal = {Comput. Entertain.},
 issue_date = {April 2018},
 volume = {16},
 number = {2},
 month = apr,
 year = {2018},
 issn = {1544-3574},
 pages = {2:1--2:19},
 articleno = {2},
 numpages = {19},
 url = {http://doi.acm.org/10.1145/3177749},
 doi = {10.1145/3177749},
 acmid = {3177749},
 publisher = {ACM},
 address = {New York, NY, USA},
 keywords = {Technology to support education and training, educational games, portal of games and virtual environments, serious games, virtual environments},
}

@inproceedings{Duggal:1990:EMT:97709.97754,
 author = {Duggal, Sudesh M. and Popovich, Paul R.},
 title = {An Example of Management Training in Expert Systems: SBA Loan Evaluation System},
 booktitle = {Proceedings of the 1990 ACM SIGBDP Conference on Trends and Directions in Expert Systems},
 series = {SIGBDP '90},
 year = {1990},
 isbn = {0-89791-416-3},
 location = {Orlando, Florida, USA},
 pages = {588--618},
 numpages = {31},
 url = {http://doi.acm.org/10.1145/97709.97754},
 doi = {10.1145/97709.97754},
 acmid = {97754},
 publisher = {ACM},
 address = {New York, NY, USA},
}

@inproceedings{Levine:2019:AAF:3290607.3312804,
 author = {Levine, Daniel and Cheng, Alan and Olaleye, David and Leonardo, Kevin and Shifrin, Matthew and Ishii, Hiroshi},
 title = {AUFLIP - An Auditory Feedback System Towards Implicit Learning of Advanced Motor Skills},
 booktitle = {Extended Abstracts of the 2019 CHI Conference on Human Factors in Computing Systems},
 series = {CHI EA '19},
 year = {2019},
 isbn = {978-1-4503-5971-9},
 location = {Glasgow, Scotland Uk},
 pages = {LBW0188:1--LBW0188:6},
 articleno = {LBW0188},
 numpages = {6},
 url = {http://doi.acm.org/10.1145/3290607.3312804},
 doi = {10.1145/3290607.3312804},
 acmid = {3312804},
 publisher = {ACM},
 address = {New York, NY, USA},
 keywords = {augmented motor learning, implicit vs. explicit learning, simplified modeling of athletic movement},
}

@inproceedings{Slof:2009:RSE:1600053.1600131,
 author = {Slof, B. and Erkens, G. and Kirschner, P. A.},
 title = {Representational Scripting Effects on Group Performance},
 booktitle = {Proceedings of the 9th International Conference on Computer Supported Collaborative Learning - Volume 1},
 series = {CSCL'09},
 year = {2009},
 isbn = {978-1-4092-8598-4},
 location = {Rhodes, Greece},
 pages = {532--541},
 numpages = {10},
 url = {http://dl.acm.org/citation.cfm?id=1600053.1600131},
 acmid = {1600131},
 publisher = {International Society of the Learning Sciences},
}

@article{Schneider:1993:ETA:174169.174173,
 author = {Schneider, D. and Borcic, B. and Dillenbourg, P. and Hilario, M. and Mendelsohn, P.},
 title = {An Experimental Toolbox for Advanced Interactive Learning Environments},
 journal = {SIGPLAN Lisp Pointers},
 issue_date = {July-Sept 1993},
 volume = {VI},
 number = {3},
 month = jul,
 year = {1993},
 issn = {1045-3563},
 pages = {15--19},
 numpages = {5},
 url = {http://doi.acm.org/10.1145/174169.174173},
 doi = {10.1145/174169.174173},
 acmid = {174173},
 publisher = {ACM},
 address = {New York, NY, USA},
}

@inproceedings{Schneider:1993:ETA:1040032.174173,
 author = {Schneider, D. and Borcic, B. and Dillenbourg, P. and Hilario, M. and Mendelsohn, P.},
 title = {An Experimental Toolbox for Advanced Interactive Learning Environments},
 booktitle = {Proceedings of the Third International Conference on Lisp Users and Vendors},
 series = {LUV '93},
 year = {1993},
 location = {Cambridge, Massachusetts},
 pages = {15--19},
 numpages = {5},
 url = {http://doi.acm.org/10.1145/1040032.174173},
 doi = {10.1145/1040032.174173},
 acmid = {174173},
 publisher = {ACM},
 address = {New York, NY, USA},
}

@inproceedings{Ke:2009:ODD:1600053.1600086,
 author = {Ke, Fengfeng and Xie, Kui},
 title = {Online Discussion Design on Adult Students' Learning Perceptions and Patterns of Online Interactions},
 booktitle = {Proceedings of the 9th International Conference on Computer Supported Collaborative Learning - Volume 1},
 series = {CSCL'09},
 year = {2009},
 isbn = {978-1-4092-8598-4},
 location = {Rhodes, Greece},
 pages = {219--226},
 numpages = {8},
 url = {http://dl.acm.org/citation.cfm?id=1600053.1600086},
 acmid = {1600086},
 publisher = {International Society of the Learning Sciences},
}

@inproceedings{Voyiatzaki:2009:AWM:1599503.1599564,
 author = {Voyiatzaki, Eleni and Avouris, Nikolaos},
 title = {Alternative Ways of Monitoring Collaboration},
 booktitle = {Proceedings of the 9th International Conference on Computer Supported Collaborative Learning - Volume 2},
 series = {CSCL'09},
 year = {2009},
 isbn = {978-1-4092-8598-4},
 location = {Rhodes, Greece},
 pages = {180--182},
 numpages = {3},
 url = {http://dl.acm.org/citation.cfm?id=1599503.1599564},
 acmid = {1599564},
 publisher = {International Society of the Learning Sciences},
}

@inproceedings{Meier:2009:FCA:1599503.1599556,
 author = {Meier, Anne and Spada, Hans},
 title = {Fostering Collaborators' Ability to Draw Inferences from Distributed Information: A Training Experiment},
 booktitle = {Proceedings of the 9th International Conference on Computer Supported Collaborative Learning - Volume 2},
 series = {CSCL'09},
 year = {2009},
 isbn = {978-1-4092-8598-4},
 location = {Rhodes, Greece},
 pages = {156--158},
 numpages = {3},
 url = {http://dl.acm.org/citation.cfm?id=1599503.1599556},
 acmid = {1599556},
 publisher = {International Society of the Learning Sciences},
}

@inproceedings{Liu:2011:CIG:1982185.1982445,
 author = {Liu, Chao-Lin and Lee, Chia-Ying and Tsai, Jie-Li and Lee, Chia-Ling},
 title = {A Cognition-based Interactive Game Platform for Learning Chinese Characters},
 booktitle = {Proceedings of the 2011 ACM Symposium on Applied Computing},
 series = {SAC '11},
 year = {2011},
 isbn = {978-1-4503-0113-8},
 location = {TaiChung, Taiwan},
 pages = {1181--1186},
 numpages = {6},
 url = {http://doi.acm.org/10.1145/1982185.1982445},
 doi = {10.1145/1982185.1982445},
 acmid = {1982445},
 publisher = {ACM},
 address = {New York, NY, USA},
 keywords = {Chinese text processing, computer-assisted language learning, errors in Chinese texts, recognition of Chinese characters, serious games},
}

@inproceedings{Watson:2018:HMC:3184558.3186340,
 author = {Watson, Patrick and Ma, TengFei and Tejwani, Ravi and Chang, Maria and Ahn, JaeWook and Sundararajan, Sharad},
 title = {Human-level Multiple Choice Question Guessing Without Domain Knowledge: Machine-Learning of Framing Effects},
 booktitle = {Companion Proceedings of the The Web Conference 2018},
 series = {WWW '18},
 year = {2018},
 isbn = {978-1-4503-5640-4},
 location = {Lyon, France},
 pages = {299--303},
 numpages = {5},
 url = {https://doi.org/10.1145/3184558.3186340},
 doi = {10.1145/3184558.3186340},
 acmid = {3186340},
 publisher = {International World Wide Web Conferences Steering Committee},
 address = {Republic and Canton of Geneva, Switzerland},
 keywords = {blind guessing, deep learning, mcqs, oer},
}

