@inproceedings{Bouki:2011:CTM:2038476.2038531,
 author = {Bouki, Vassiliki and Economou, Daphne and Angelopoulou, Anastassia},
 title = {Cognitive Theory of Multimedia Learning and Learning Videos Design: The Redundancy Principle},
 booktitle = {Proceedings of the 29th ACM International Conference on Design of Communication},
 series = {SIGDOC '11},
 year = {2011},
 isbn = {978-1-4503-0936-3},
 location = {Pisa, Italy},
 pages = {271--278},
 numpages = {8},
 url = {http://doi.acm.org/10.1145/2038476.2038531},
 doi = {10.1145/2038476.2038531},
 acmid = {2038531},
 publisher = {ACM},
 address = {New York, NY, USA},
 keywords = {learning videos design, multimedia learning theory, redundancy principle},
}

@inproceedings{Davenport:2008:DEL:1599812.1599834,
 author = {Davenport, Jodi L. and Yaron, David and Klahr, David and Koedinger, Kenneth},
 title = {When Do Diagrams Enhance Learning? A Framework for Designing Relevant Representations},
 booktitle = {Proceedings of the 8th International Conference on International Conference for the Learning Sciences - Volume 1},
 series = {ICLS'08},
 year = {2008},
 location = {Utrecht, The Netherlands},
 pages = {191--198},
 numpages = {8},
 url = {http://dl.acm.org/citation.cfm?id=1599812.1599834},
 acmid = {1599834},
 publisher = {International Society of the Learning Sciences},
}

@inproceedings{Prangsma:2008:HLT:1599871.1599899,
 author = {Prangsma, Maaike E. and Van Boxtel, Carla A. M. and Kanselaar, Gellof and Kirschner, Paul A.},
 title = {History Learning with Textual or Visual Tasks: Student Dialogue},
 booktitle = {Proceedings of the 8th International Conference on International Conference for the Learning Sciences - Volume 2},
 series = {ICLS'08},
 year = {2008},
 location = {Utrecht, The Netherlands},
 pages = {221--228},
 numpages = {8},
 url = {http://dl.acm.org/citation.cfm?id=1599871.1599899},
 acmid = {1599899},
 publisher = {International Society of the Learning Sciences},
}

