@inproceedings{Larkins:2014:MUC:2538862.2544309,
 author = {Larkins, D. Brian},
 title = {Making Use of the Cognitive Apprenticeship Framework in an Undergraduate Robotics Course (Abstract Only)},
 booktitle = {Proceedings of the 45th ACM Technical Symposium on Computer Science Education},
 series = {SIGCSE '14},
 year = {2014},
 isbn = {978-1-4503-2605-6},
 location = {Atlanta, Georgia, USA},
 pages = {722--722},
 numpages = {1},
 url = {http://doi.acm.org/10.1145/2538862.2544309},
 doi = {10.1145/2538862.2544309},
 acmid = {2544309},
 publisher = {ACM},
 address = {New York, NY, USA},
 keywords = {cognitive apprenticeship, education, robotics},
}

@inproceedings{Vihavainen:2013:MIE:2462476.2462508,
 author = {Vihavainen, Arto and Vikberg, Thomas and Luukkainen, Matti and Kurhila, Jaakko},
 title = {Massive Increase in Eager TAs: Experiences from Extreme Apprenticeship-based CS1},
 booktitle = {Proceedings of the 18th ACM Conference on Innovation and Technology in Computer Science Education},
 series = {ITiCSE '13},
 year = {2013},
 isbn = {978-1-4503-2078-8},
 location = {Canterbury, England, UK},
 pages = {123--128},
 numpages = {6},
 url = {http://doi.acm.org/10.1145/2462476.2462508},
 doi = {10.1145/2462476.2462508},
 acmid = {2462508},
 publisher = {ACM},
 address = {New York, NY, USA},
 keywords = {cognitive apprenticeship, extreme apprenticeship, scaffolding, teaching assistants},
}

@inproceedings{Larkins:2013:ACA:2445196.2445226,
 author = {Larkins, D. Brian and Moore, J. Christopher and Rubbo, Louis J. and Covington, Laura R.},
 title = {Application of the Cognitive Apprenticeship Framework to a Middle School Robotics Camp},
 booktitle = {Proceeding of the 44th ACM Technical Symposium on Computer Science Education},
 series = {SIGCSE '13},
 year = {2013},
 isbn = {978-1-4503-1868-6},
 location = {Denver, Colorado, USA},
 pages = {89--94},
 numpages = {6},
 url = {http://doi.acm.org/10.1145/2445196.2445226},
 doi = {10.1145/2445196.2445226},
 acmid = {2445226},
 publisher = {ACM},
 address = {New York, NY, USA},
 keywords = {K-12, cognitive apprenticeship, education, robotics, stem},
}

@inproceedings{Esper:2012:EHA:2361276.2361297,
 author = {Esper, Sarah and Simon, Beth and Cutts, Quintin},
 title = {Exploratory Homeworks: An Active Learning Tool for Textbook Reading},
 booktitle = {Proceedings of the Ninth Annual International Conference on International Computing Education Research},
 series = {ICER '12},
 year = {2012},
 isbn = {978-1-4503-1604-0},
 location = {Auckland, New Zealand},
 pages = {105--110},
 numpages = {6},
 url = {http://doi.acm.org/10.1145/2361276.2361297},
 doi = {10.1145/2361276.2361297},
 acmid = {2361297},
 publisher = {ACM},
 address = {New York, NY, USA},
 keywords = {active learning, cognitive apprenticeship, constructivism, cs0, kolb learning cycle},
}

@inproceedings{Chua:2012:WMF:2157136.2157341,
 author = {Chua, Mel and Dziallas, Sebastian and Ellis, Heidi J.C. and Hislop, Gregory W. and Wurst, Karl R.},
 title = {Welcome to Makerland: A First Cultural Immersion into Open Source Communities (Abstract Only)},
 booktitle = {Proceedings of the 43rd ACM Technical Symposium on Computer Science Education},
 series = {SIGCSE '12},
 year = {2012},
 isbn = {978-1-4503-1098-7},
 location = {Raleigh, North Carolina, USA},
 pages = {659--659},
 numpages = {1},
 url = {http://doi.acm.org/10.1145/2157136.2157341},
 doi = {10.1145/2157136.2157341},
 acmid = {2157341},
 publisher = {ACM},
 address = {New York, NY, USA},
 keywords = {cognitive apprenticeship, communities of practice, open source, service learning},
}

@inproceedings{Cutts:2012:ATT:2361276.2361290,
 author = {Cutts, Quintin and Esper, Sarah and Fecho, Marlena and Foster, Stephen R. and Simon, Beth},
 title = {The Abstraction Transition Taxonomy: Developing Desired Learning Outcomes Through the Lens of Situated Cognition},
 booktitle = {Proceedings of the Ninth Annual International Conference on International Computing Education Research},
 series = {ICER '12},
 year = {2012},
 isbn = {978-1-4503-1604-0},
 location = {Auckland, New Zealand},
 pages = {63--70},
 numpages = {8},
 url = {http://doi.acm.org/10.1145/2361276.2361290},
 doi = {10.1145/2361276.2361290},
 acmid = {2361290},
 publisher = {ACM},
 address = {New York, NY, USA},
 keywords = {cognitive apprenticeship, cs0, cs1, cs2, deliberate practice, situated cognition, taxonomy},
}

@inproceedings{Vihavainen:2011:EAM:1999747.1999824,
 author = {Vihavainen, Arto and Paksula, Matti and Luukkainen, Matti and Kurhila, Jaakko},
 title = {Extreme Apprenticeship Method: Key Practices and Upward Scalability},
 booktitle = {Proceedings of the 16th Annual Joint Conference on Innovation and Technology in Computer Science Education},
 series = {ITiCSE '11},
 year = {2011},
 isbn = {978-1-4503-0697-3},
 location = {Darmstadt, Germany},
 pages = {273--277},
 numpages = {5},
 url = {http://doi.acm.org/10.1145/1999747.1999824},
 doi = {10.1145/1999747.1999824},
 acmid = {1999824},
 publisher = {ACM},
 address = {New York, NY, USA},
 keywords = {best practises, cognitive apprenticeship, continuous feedback, instructional design, programming education},
}

@inproceedings{Wulf:2005:CAT:1095714.1095771,
 author = {Wulf, Tom},
 title = {Constructivist Approaches for Teaching Computer Programming},
 booktitle = {Proceedings of the 6th Conference on Information Technology Education},
 series = {SIGITE '05},
 year = {2005},
 isbn = {1-59593-252-6},
 location = {Newark, NJ, USA},
 pages = {245--248},
 numpages = {4},
 url = {http://doi.acm.org/10.1145/1095714.1095771},
 doi = {10.1145/1095714.1095771},
 acmid = {1095771},
 publisher = {ACM},
 address = {New York, NY, USA},
 keywords = {active learning, cognitive apprenticeships, constructivist pedagogy, programming instruction},
}

@inproceedings{Bareiss:2010:CVC:1734263.1734319,
 author = {Bareiss, Ray and Radley, Martin},
 title = {Coaching via Cognitive Apprenticeship},
 booktitle = {Proceedings of the 41st ACM Technical Symposium on Computer Science Education},
 series = {SIGCSE '10},
 year = {2010},
 isbn = {978-1-4503-0006-3},
 location = {Milwaukee, Wisconsin, USA},
 pages = {162--166},
 numpages = {5},
 url = {http://doi.acm.org/10.1145/1734263.1734319},
 doi = {10.1145/1734263.1734319},
 acmid = {1734319},
 publisher = {ACM},
 address = {New York, NY, USA},
 keywords = {active learning, cognitive apprenticeship, cs ed research, experience report, graduate studies, information systems, instructional technologies, learning by doing, professional practice, software engineering, story-centered curricula},
}

@inproceedings{Knobelsdorf:2014:TTC:2538862.2538944,
 author = {Knobelsdorf, Maria and Kreitz, Christoph and B\"{o}hne, Sebastian},
 title = {Teaching Theoretical Computer Science Using a Cognitive Apprenticeship Approach},
 booktitle = {Proceedings of the 45th ACM Technical Symposium on Computer Science Education},
 series = {SIGCSE '14},
 year = {2014},
 isbn = {978-1-4503-2605-6},
 location = {Atlanta, Georgia, USA},
 pages = {67--72},
 numpages = {6},
 url = {http://doi.acm.org/10.1145/2538862.2538944},
 doi = {10.1145/2538862.2538944},
 acmid = {2538944},
 publisher = {ACM},
 address = {New York, NY, USA},
 keywords = {cognitive apprenticeship, high failure rates, pedagogy, theoretical computer science, theory of computation},
}

@inproceedings{Vihavainen:2011:EAM:1953163.1953196,
 author = {Vihavainen, Arto and Paksula, Matti and Luukkainen, Matti},
 title = {Extreme Apprenticeship Method in Teaching Programming for Beginners},
 booktitle = {Proceedings of the 42Nd ACM Technical Symposium on Computer Science Education},
 series = {SIGCSE '11},
 year = {2011},
 isbn = {978-1-4503-0500-6},
 location = {Dallas, TX, USA},
 pages = {93--98},
 numpages = {6},
 url = {http://doi.acm.org/10.1145/1953163.1953196},
 doi = {10.1145/1953163.1953196},
 acmid = {1953196},
 publisher = {ACM},
 address = {New York, NY, USA},
 keywords = {best practices, cognitive apprenticeship, continuous feedback, course material, instructional design, learning by doing, motivation, programming education},
}

@inproceedings{Jin:2011:CPT:2016911.2016933,
 author = {Jin, Wei and Corbett, Albert},
 title = {CAL Programming Tutors That Guide Students in Solving Problems and Help Students Building Skills.},
 booktitle = {Proceedings of the Seventh International Workshop on Computing Education Research},
 series = {ICER '11},
 year = {2011},
 isbn = {978-1-4503-0829-8},
 location = {Providence, Rhode Island, USA},
 pages = {101--108},
 numpages = {8},
 url = {http://doi.acm.org/10.1145/2016911.2016933},
 doi = {10.1145/2016911.2016933},
 acmid = {2016933},
 publisher = {ACM},
 address = {New York, NY, USA},
 keywords = {cognitive apprenticeship learning, cognitive tutors, cs1, introduction to programming, pedagogy, scaffolding},
}

@inproceedings{Fernandez-Vara:2008:GSP:1496984.1496990,
 author = {Fern\'{a}ndez-Vara, Clara and Tan, Philip},
 title = {The Game Studies Practicum: Applying Situated Learning to Teach Professional Practices},
 booktitle = {Proceedings of the 2008 Conference on Future Play: Research, Play, Share},
 series = {Future Play '08},
 year = {2008},
 isbn = {978-1-60558-218-4},
 location = {Toronto, Ontario, Canada},
 pages = {25--32},
 numpages = {8},
 url = {http://doi.acm.org/10.1145/1496984.1496990},
 doi = {10.1145/1496984.1496990},
 acmid = {1496990},
 publisher = {ACM},
 address = {New York, NY, USA},
 keywords = {Scrum, cognitive apprenticeship, curriculum, education, game studies, learning, legitimate peripheral participation, practicum, situated learning, teaching, videogames},
}

@inproceedings{Jin:2011:ECA:1953163.1953254,
 author = {Jin, Wei and Corbett, Albert},
 title = {Effectiveness of Cognitive Apprenticeship Learning (CAL) and Cognitive Tutors (CT) for Problem Solving Using Fundamental Programming Concepts},
 booktitle = {Proceedings of the 42Nd ACM Technical Symposium on Computer Science Education},
 series = {SIGCSE '11},
 year = {2011},
 isbn = {978-1-4503-0500-6},
 location = {Dallas, TX, USA},
 pages = {305--310},
 numpages = {6},
 url = {http://doi.acm.org/10.1145/1953163.1953254},
 doi = {10.1145/1953163.1953254},
 acmid = {1953254},
 publisher = {ACM},
 address = {New York, NY, USA},
 keywords = {CS1, cognitive apprenticeship learning, cognitive tutors, introduction to programming, pedagogy, scaffolding},
}

@inproceedings{Christensen:2016:TDC:2899415.2899426,
 author = {Christensen, Henrik B{\ae}rbak},
 title = {Teaching DevOps and Cloud Computing Using a Cognitive Apprenticeship and Story-Telling Approach},
 booktitle = {Proceedings of the 2016 ACM Conference on Innovation and Technology in Computer Science Education},
 series = {ITiCSE '16},
 year = {2016},
 isbn = {978-1-4503-4231-5},
 location = {Arequipa, Peru},
 pages = {174--179},
 numpages = {6},
 url = {http://doi.acm.org/10.1145/2899415.2899426},
 doi = {10.1145/2899415.2899426},
 acmid = {2899426},
 publisher = {ACM},
 address = {New York, NY, USA},
 keywords = {cloud computing, course design, devops, programming education, virtualization},
}

@inproceedings{DeWitt:2006:CIF:1231047.1231054,
 author = {DeWitt, Janine and Cicalese, Cynthia},
 title = {Contextual Integration: A Framework for Presenting Social, Legal, and Ethical Content Across the Computer Security and Information Assurance Curriculum},
 booktitle = {Proceedings of the 3rd Annual Conference on Information Security Curriculum Development},
 series = {InfoSecCD '06},
 year = {2006},
 isbn = {1-59593-437-5},
 location = {Kennesaw, Georgia},
 pages = {30--40},
 numpages = {11},
 url = {http://doi.acm.org/10.1145/1231047.1231054},
 doi = {10.1145/1231047.1231054},
 acmid = {1231054},
 publisher = {ACM},
 address = {New York, NY, USA},
 keywords = {active learning, authentic learning, case studies, cognitive apprenticeship, computer security, curriculum, education, ethical reasoning, ethics, information assurance, integrative learning, situated learning, social context},
}

@inproceedings{Caspersen:2007:IDP:1288580.1288595,
 author = {Caspersen, Michael E. and Bennedsen, Jens},
 title = {Instructional Design of a Programming Course: A Learning Theoretic Approach},
 booktitle = {Proceedings of the Third International Workshop on Computing Education Research},
 series = {ICER '07},
 year = {2007},
 isbn = {978-1-59593-841-1},
 location = {Atlanta, Georgia, USA},
 pages = {111--122},
 numpages = {12},
 url = {http://doi.acm.org/10.1145/1288580.1288595},
 doi = {10.1145/1288580.1288595},
 acmid = {1288595},
 publisher = {ACM},
 address = {New York, NY, USA},
 keywords = {cognition, cognitive apprenticeship, cognitive load theory, instructional design, learning, model-driven programming, object-oriented programming, patternbased approach to programming education, worked examples},
}

@inproceedings{Burden:2014:MME:2591708.2602665,
 author = {Burden, H{\aa}kan and Adawi, Tom},
 title = {Mastering Model-driven Engineering},
 booktitle = {Proceedings of the 2014 Conference on Innovation \&\#38; Technology in Computer Science Education},
 series = {ITiCSE '14},
 year = {2014},
 isbn = {978-1-4503-2833-3},
 location = {Uppsala, Sweden},
 pages = {351--351},
 numpages = {1},
 url = {http://doi.acm.org/10.1145/2591708.2602665},
 doi = {10.1145/2591708.2602665},
 acmid = {2602665},
 publisher = {ACM},
 address = {New York, NY, USA},
 keywords = {design, theory},
}

@inproceedings{Polman:2008:SAM:1599936.1599990,
 author = {Polman, Joseph L. and Miller, Diane},
 title = {Sociocognitive Apprenticeship: Mediating Practices and Identities},
 booktitle = {Proceedings of the 8th International Conference on International Conference for the Learning Sciences - Volume 3},
 series = {ICLS'08},
 year = {2008},
 location = {Utrecht, The Netherlands},
 pages = {115--116},
 numpages = {2},
 url = {http://dl.acm.org/citation.cfm?id=1599936.1599990},
 acmid = {1599990},
 publisher = {International Society of the Learning Sciences},
}

@inproceedings{Duchowski:2011:TTN:1953163.1953267,
 author = {Duchowski, Andrew T. and Geist, Robert and Schalkoff, Robert and Westall, James},
 title = {TEXNH Trees: A New Course in Data Structures},
 booktitle = {Proceedings of the 42Nd ACM Technical Symposium on Computer Science Education},
 series = {SIGCSE '11},
 year = {2011},
 isbn = {978-1-4503-0500-6},
 location = {Dallas, TX, USA},
 pages = {341--346},
 numpages = {6},
 url = {http://doi.acm.org/10.1145/1953163.1953267},
 doi = {10.1145/1953163.1953267},
 acmid = {1953267},
 publisher = {ACM},
 address = {New York, NY, USA},
 keywords = {TEXNH, computer graphics, curriculum design, problem-based instruction, ray-tracing},
}

@inproceedings{Davis:2007:9TP:1227310.1227455,
 author = {Davis, Timothy and Geist, Robert and Matzko, Sarah and Westall, James},
 title = {{\$\tau\$}{\$\epsilon\$}{\$\chi\$}\&\#957;\&\#951;: Trial Phase for the New Curriculum},
 booktitle = {Proceedings of the 38th SIGCSE Technical Symposium on Computer Science Education},
 series = {SIGCSE '07},
 year = {2007},
 isbn = {1-59593-361-1},
 location = {Covington, Kentucky, USA},
 pages = {415--419},
 numpages = {5},
 url = {http://doi.acm.org/10.1145/1227310.1227455},
 doi = {10.1145/1227310.1227455},
 acmid = {1227455},
 publisher = {ACM},
 address = {New York, NY, USA},
 keywords = {{\$\tau\$}{\$\epsilon\$}{\$\chi\$}\&\#957;\&\#951;, computer graphics, curriculum design, problem-based instruction, ray-tracing},
}

@article{Davis:2007:9TP:1227504.1227455,
 author = {Davis, Timothy and Geist, Robert and Matzko, Sarah and Westall, James},
 title = {{\$\tau\$}{\$\epsilon\$}{\$\chi\$}\&\#957;\&\#951;: Trial Phase for the New Curriculum},
 journal = {SIGCSE Bull.},
 issue_date = {March 2007},
 volume = {39},
 number = {1},
 month = mar,
 year = {2007},
 issn = {0097-8418},
 pages = {415--419},
 numpages = {5},
 url = {http://doi.acm.org/10.1145/1227504.1227455},
 doi = {10.1145/1227504.1227455},
 acmid = {1227455},
 publisher = {ACM},
 address = {New York, NY, USA},
 keywords = {{\$\tau\$}{\$\epsilon\$}{\$\chi\$}\&\#957;\&\#951;, computer graphics, curriculum design, problem-based instruction, ray-tracing},
}

@inproceedings{Knobelsdorf:2017:TPL:3105726.3106184,
 author = {Knobelsdorf, Maria and Frede, Christiane and B\"{o}hne, Sebastian and Kreitz, Christoph},
 title = {Theorem Provers As a Learning Tool in Theory of Computation},
 booktitle = {Proceedings of the 2017 ACM Conference on International Computing Education Research},
 series = {ICER '17},
 year = {2017},
 isbn = {978-1-4503-4968-0},
 location = {Tacoma, Washington, USA},
 pages = {83--92},
 numpages = {10},
 url = {http://doi.acm.org/10.1145/3105726.3106184},
 doi = {10.1145/3105726.3106184},
 acmid = {3106184},
 publisher = {ACM},
 address = {New York, NY, USA},
 keywords = {computer science education, data structures, distributed cognition theory, logic, observational study, proofs, qualitative research, students, theorem prover, theory of computation},
}

@inproceedings{Aehnelt:2015:LBW:2809563.2809577,
 author = {Aehnelt, Mario and Wegner, Karoline},
 title = {Learn but Work!: Towards Self-directed Learning at Mobile Assembly Workplaces},
 booktitle = {Proceedings of the 15th International Conference on Knowledge Technologies and Data-driven Business},
 series = {i-KNOW '15},
 year = {2015},
 isbn = {978-1-4503-3721-2},
 location = {Graz, Austria},
 pages = {17:1--17:7},
 articleno = {17},
 numpages = {7},
 url = {http://doi.acm.org/10.1145/2809563.2809577},
 doi = {10.1145/2809563.2809577},
 acmid = {2809577},
 publisher = {ACM},
 address = {New York, NY, USA},
 keywords = {cognitive architecture, cognitive automation, learning interfaces},
}

@article{Black:2006:HNP:1181901.1181922,
 author = {Black, Toni R.},
 title = {Helping Novice Programming Students Succeed},
 journal = {J. Comput. Sci. Coll.},
 issue_date = {December 2006},
 volume = {22},
 number = {2},
 month = dec,
 year = {2006},
 issn = {1937-4771},
 pages = {109--114},
 numpages = {6},
 url = {http://dl.acm.org/citation.cfm?id=1181901.1181922},
 acmid = {1181922},
 publisher = {Consortium for Computing Sciences in Colleges},
 address = {USA},
}

@inproceedings{Falkner:2014:WBW:2674683.2674698,
 author = {Falkner, Nickolas J. G. and Falkner, Katrina E.},
 title = {"Whither, Badges?" or "Wither, Badges!": A Metastudy of Badges in Computer Science Education to Clarify Effects, Significance and Influence},
 booktitle = {Proceedings of the 14th Koli Calling International Conference on Computing Education Research},
 series = {Koli Calling '14},
 year = {2014},
 isbn = {978-1-4503-3065-7},
 location = {Koli, Finland},
 pages = {127--135},
 numpages = {9},
 url = {http://doi.acm.org/10.1145/2674683.2674698},
 doi = {10.1145/2674683.2674698},
 acmid = {2674698},
 publisher = {ACM},
 address = {New York, NY, USA},
 keywords = {badges, emprical study, gamification, motivation, virtual rewards},
}

