@inproceedings{Sweller:2008:EBH:1404520.1404521,
 author = {Sweller, John},
 title = {Evolutionary Bases of Human Cognitive Architecture: Implications for Computing Education},
 booktitle = {Proceedings of the Fourth International Workshop on Computing Education Research},
 series = {ICER '08},
 year = {2008},
 isbn = {978-1-60558-216-0},
 location = {Sydney, Australia},
 pages = {1--2},
 numpages = {2},
 url = {http://doi.acm.org/10.1145/1404520.1404521},
 doi = {10.1145/1404520.1404521},
 acmid = {1404521},
 publisher = {ACM},
 address = {New York, NY, USA},
 keywords = {cognition, cognitive load theory, instruction},
}

@inproceedings{Gray:2007:SGE:1288580.1288594,
 author = {Gray, Simon and St. Clair, Caroline and James, Richard and Mead, Jerry},
 title = {Suggestions for Graduated Exposure to Programming Concepts Using Fading Worked Examples},
 booktitle = {Proceedings of the Third International Workshop on Computing Education Research},
 series = {ICER '07},
 year = {2007},
 isbn = {978-1-59593-841-1},
 location = {Atlanta, Georgia, USA},
 pages = {99--110},
 numpages = {12},
 url = {http://doi.acm.org/10.1145/1288580.1288594},
 doi = {10.1145/1288580.1288594},
 acmid = {1288594},
 publisher = {ACM},
 address = {New York, NY, USA},
 keywords = {cognitive load theory, fading worked examples},
}

@inproceedings{Skudder:2014:WEC:2667490.2667497,
 author = {Skudder, Ben and Luxton-Reilly, Andrew},
 title = {Worked Examples in Computer Science},
 booktitle = {Proceedings of the Sixteenth Australasian Computing Education Conference - Volume 148},
 series = {ACE '14},
 year = {2014},
 isbn = {978-1-921770-31-9},
 location = {Auckland, New Zealand},
 pages = {59--64},
 numpages = {6},
 url = {http://dl.acm.org/citation.cfm?id=2667490.2667497},
 acmid = {2667497},
 publisher = {Australian Computer Society, Inc.},
 address = {Darlinghurst, Australia, Australia},
 keywords = {cognition, cognitive load theory, learning, worked examples},
}

@inproceedings{DesPortes:2016:LCP:2960310.2960349,
 author = {DesPortes, Kayla},
 title = {Learning and Collaboration in Physical Computing},
 booktitle = {Proceedings of the 2016 ACM Conference on International Computing Education Research},
 series = {ICER '16},
 year = {2016},
 isbn = {978-1-4503-4449-4},
 location = {Melbourne, VIC, Australia},
 pages = {283--284},
 numpages = {2},
 url = {http://doi.acm.org/10.1145/2960310.2960349},
 doi = {10.1145/2960310.2960349},
 acmid = {2960349},
 publisher = {ACM},
 address = {New York, NY, USA},
 keywords = {cognitive load theory, distributed cognition, physical computing},
}

@inproceedings{Tirronen:2012:DEL:2401796.2401805,
 author = {Tirronen, Ville and Isom\"{o}tt\"{o}nen, Ville},
 title = {On the Design of Effective Learning Materials for Supporting Self-directed Learning of Programming},
 booktitle = {Proceedings of the 12th Koli Calling International Conference on Computing Education Research},
 series = {Koli Calling '12},
 year = {2012},
 isbn = {978-1-4503-1795-5},
 location = {Koli, Finland},
 pages = {74--82},
 numpages = {9},
 url = {http://doi.acm.org/10.1145/2401796.2401805},
 doi = {10.1145/2401796.2401805},
 acmid = {2401805},
 publisher = {ACM},
 address = {New York, NY, USA},
 keywords = {cognitive load theory, functional programming, programming education, self-direction},
}

@inproceedings{Morrison:2014:MCL:2632320.2632348,
 author = {Morrison, Briana B. and Dorn, Brian and Guzdial, Mark},
 title = {Measuring Cognitive Load in Introductory CS: Adaptation of an Instrument},
 booktitle = {Proceedings of the Tenth Annual Conference on International Computing Education Research},
 series = {ICER '14},
 year = {2014},
 isbn = {978-1-4503-2755-8},
 location = {Glasgow, Scotland, United Kingdom},
 pages = {131--138},
 numpages = {8},
 url = {http://doi.acm.org/10.1145/2632320.2632348},
 doi = {10.1145/2632320.2632348},
 acmid = {2632348},
 publisher = {ACM},
 address = {New York, NY, USA},
 keywords = {cognitive load theory, confirmatory factor analysis, measuring cognitive load, survey},
}

@inproceedings{Mason:2016:FAC:2960310.2960321,
 author = {Mason, Raina and Simon and Cooper, Graham and Wilks, Barry},
 title = {Flipping the Assessment of Cognitive Load: Why and How},
 booktitle = {Proceedings of the 2016 ACM Conference on International Computing Education Research},
 series = {ICER '16},
 year = {2016},
 isbn = {978-1-4503-4449-4},
 location = {Melbourne, VIC, Australia},
 pages = {43--52},
 numpages = {10},
 url = {http://doi.acm.org/10.1145/2960310.2960321},
 doi = {10.1145/2960310.2960321},
 acmid = {2960321},
 publisher = {ACM},
 address = {New York, NY, USA},
 keywords = {cognitive load theory, computing education, mobile apps, programming education},
}

@inproceedings{Herold:2014:LTA:2662253.2662303,
 author = {H{\'e}rold, Jean-Fran\c{c}ois},
 title = {Learning with an IT Tool: Analysis of the Student's Activity},
 booktitle = {Proceedings of the XV International Conference on Human Computer Interaction},
 series = {Interacci\&\#243;n '14},
 year = {2014},
 isbn = {978-1-4503-2880-7},
 location = {Puerto de la Cruz, Tenerife, Spain},
 pages = {50:1--50:4},
 articleno = {50},
 numpages = {4},
 url = {http://doi.acm.org/10.1145/2662253.2662303},
 doi = {10.1145/2662253.2662303},
 acmid = {2662303},
 publisher = {ACM},
 address = {New York, NY, USA},
 keywords = {Analysis of activity, Cognitive load theory, Information Technology, Interaction, Learning},
}

@inproceedings{Morrison:2019:USL:3287324.3287540,
 author = {Morrison, Briana and Margulieux, Lauren and Decker, Adrienne},
 title = {Using Subgoal Labeling in Teaching CS1},
 booktitle = {Proceedings of the 50th ACM Technical Symposium on Computer Science Education},
 series = {SIGCSE '19},
 year = {2019},
 isbn = {978-1-4503-5890-3},
 location = {Minneapolis, MN, USA},
 pages = {1237--1237},
 numpages = {1},
 url = {http://doi.acm.org/10.1145/3287324.3287540},
 doi = {10.1145/3287324.3287540},
 acmid = {3287540},
 publisher = {ACM},
 address = {New York, NY, USA},
 keywords = {cognitive load theory, cs1, introductory programming, subgoal labels, worked examples},
}

@inproceedings{Zhi:2018:EIS:3159450.3159519,
 author = {Zhi, Rui and Lytle, Nicholas and Price, Thomas W.},
 title = {Exploring Instructional Support Design in an Educational Game for K-12 Computing Education},
 booktitle = {Proceedings of the 49th ACM Technical Symposium on Computer Science Education},
 series = {SIGCSE '18},
 year = {2018},
 isbn = {978-1-4503-5103-4},
 location = {Baltimore, Maryland, USA},
 pages = {747--752},
 numpages = {6},
 url = {http://doi.acm.org/10.1145/3159450.3159519},
 doi = {10.1145/3159450.3159519},
 acmid = {3159519},
 publisher = {ACM},
 address = {New York, NY, USA},
 keywords = {cognitive load theory, debugging, instructional support, programming game, worked examples},
}

@inproceedings{Nelson:2018:UTC:3230977.3230992,
 author = {Nelson, Greg L. and Ko, Andrew J.},
 title = {On Use of Theory in Computing Education Research},
 booktitle = {Proceedings of the 2018 ACM Conference on International Computing Education Research},
 series = {ICER '18},
 year = {2018},
 isbn = {978-1-4503-5628-2},
 location = {Espoo, Finland},
 pages = {31--39},
 numpages = {9},
 url = {http://doi.acm.org/10.1145/3230977.3230992},
 doi = {10.1145/3230977.3230992},
 acmid = {3230992},
 publisher = {ACM},
 address = {New York, NY, USA},
 keywords = {cognitive load theory, design, design science, domain-specific theory, peer review, publication bias, theory},
}

@inproceedings{Duran:2018:TAP:3230977.3230986,
 author = {Duran, Rodrigo and Sorva, Juha and Leite, Sofia},
 title = {Towards an Analysis of Program Complexity From a Cognitive Perspective},
 booktitle = {Proceedings of the 2018 ACM Conference on International Computing Education Research},
 series = {ICER '18},
 year = {2018},
 isbn = {978-1-4503-5628-2},
 location = {Espoo, Finland},
 pages = {21--30},
 numpages = {10},
 url = {http://doi.acm.org/10.1145/3230977.3230986},
 doi = {10.1145/3230977.3230986},
 acmid = {3230986},
 publisher = {ACM},
 address = {New York, NY, USA},
 keywords = {cognitive load theory, complexity, model of hierarchical complexity, plan-composition strategies, program cognitive complexity},
}

@inproceedings{Kaunang:2019:PSP:3306500.3306529,
 author = {Kaunang, Sumenge Tangkawarouw Godion and Pertiwi, Junita Maja},
 title = {Portray of Student Preference on e-Learning Complex Course Based on Gender},
 booktitle = {Proceedings of the 10th International Conference on E-Education, E-Business, E-Management and E-Learning},
 series = {IC4E '19},
 year = {2019},
 isbn = {978-1-4503-6602-1},
 location = {Tokyo, Japan},
 pages = {23--27},
 numpages = {5},
 url = {http://doi.acm.org/10.1145/3306500.3306529},
 doi = {10.1145/3306500.3306529},
 acmid = {3306529},
 publisher = {ACM},
 address = {New York, NY, USA},
 keywords = {Indonesia, cognitive load theory, connected knowing, e-learning method, separated knowing, way of knowing},
}

@inproceedings{Duran:2018:TID:3230977.3231007,
 author = {Duran, Rodrigo},
 title = {Towards an Instructional Design of Complex Learning in Introductory Programming Courses},
 booktitle = {Proceedings of the 2018 ACM Conference on International Computing Education Research},
 series = {ICER '18},
 year = {2018},
 isbn = {978-1-4503-5628-2},
 location = {Espoo, Finland},
 pages = {262--263},
 numpages = {2},
 url = {http://doi.acm.org/10.1145/3230977.3231007},
 doi = {10.1145/3230977.3231007},
 acmid = {3231007},
 publisher = {ACM},
 address = {New York, NY, USA},
 keywords = {cognitive load theory, complexity, model of hierarchical complexity, plan-composition strategies, program cognitive complexity},
}

@inproceedings{Park:2016:EVC:2896387.2896419,
 author = {Park, Seyoung and Lee, Jae-Gil and Kim, So-Jeong and Shin, Dong-Hee},
 title = {The Effect of Visual Cueing in 3D Animations for Learning Procedural-manipulative Tasks: From the Perspective of Cognitive Load Theory},
 booktitle = {Proceedings of the International Conference on Internet of Things and Cloud Computing},
 series = {ICC '16},
 year = {2016},
 isbn = {978-1-4503-4063-2},
 location = {Cambridge, United Kingdom},
 pages = {34:1--34:4},
 articleno = {34},
 numpages = {4},
 url = {http://doi.acm.org/10.1145/2896387.2896419},
 doi = {10.1145/2896387.2896419},
 acmid = {2896419},
 publisher = {ACM},
 address = {New York, NY, USA},
 keywords = {3D animation, cognitive load theory, multimedia learning, procedural-manipulative task, transient information effect, visual cueing},
}

@article{Baker:2009:LTR:1578012.1578013,
 author = {Baker, Ken A.},
 title = {Learning Theory and the Re-education of Older Software Engineers},
 journal = {SIGITERes. IT},
 issue_date = {July 2009},
 volume = {6},
 number = {2},
 month = jul,
 year = {2009},
 issn = {1944-0278},
 pages = {2--10},
 numpages = {9},
 url = {http://doi.acm.org/10.1145/1578012.1578013},
 doi = {10.1145/1578012.1578013},
 acmid = {1578013},
 publisher = {ACM},
 address = {New York, NY, USA},
 keywords = {behaviorist, cognitive, cognitive load theory, learning theory, memory and motivation, paradigm shift, social learning},
}

@inproceedings{Morrison:2013:UCL:2493394.2493425,
 author = {Morrison, Briana B.},
 title = {Using Cognitive Load Theory to Improve the Efficiency of Learning to Program},
 booktitle = {Proceedings of the Ninth Annual International ACM Conference on International Computing Education Research},
 series = {ICER '13},
 year = {2013},
 isbn = {978-1-4503-2243-0},
 location = {San Diego, San California, USA},
 pages = {183--184},
 numpages = {2},
 url = {http://doi.acm.org/10.1145/2493394.2493425},
 doi = {10.1145/2493394.2493425},
 acmid = {2493425},
 publisher = {ACM},
 address = {New York, NY, USA},
 keywords = {multi-medium code explanation, worked examples.},
}

@article{Shin:2016:EMD:2954340.2914797,
 author = {Shin, Shin-Shing},
 title = {Evaluation of Model Driven Architecture-Based Instruction for Understanding Phase Transitions in Object-Oriented Analysis and Design},
 journal = {Trans. Comput. Educ.},
 issue_date = {October 2016},
 volume = {16},
 number = {4},
 month = aug,
 year = {2016},
 issn = {1946-6226},
 pages = {17:1--17:21},
 articleno = {17},
 numpages = {21},
 url = {http://doi.acm.org/10.1145/2914797},
 doi = {10.1145/2914797},
 acmid = {2914797},
 publisher = {ACM},
 address = {New York, NY, USA},
 keywords = {Cognitive load theory, model driven architecture, object-oriented analysis and design, phase transition, representation format, split-attention effect},
}

@inproceedings{Caspersen:2007:IDP:1288580.1288595,
 author = {Caspersen, Michael E. and Bennedsen, Jens},
 title = {Instructional Design of a Programming Course: A Learning Theoretic Approach},
 booktitle = {Proceedings of the Third International Workshop on Computing Education Research},
 series = {ICER '07},
 year = {2007},
 isbn = {978-1-59593-841-1},
 location = {Atlanta, Georgia, USA},
 pages = {111--122},
 numpages = {12},
 url = {http://doi.acm.org/10.1145/1288580.1288595},
 doi = {10.1145/1288580.1288595},
 acmid = {1288595},
 publisher = {ACM},
 address = {New York, NY, USA},
 keywords = {cognition, cognitive apprenticeship, cognitive load theory, instructional design, learning, model-driven programming, object-oriented programming, patternbased approach to programming education, worked examples},
}

@inproceedings{Sorva:2014:RDF:2674683.2674690,
 author = {Sorva, Juha and Sepp\"{a}l\"{a}, Otto},
 title = {Research-based Design of the First Weeks of CS1},
 booktitle = {Proceedings of the 14th Koli Calling International Conference on Computing Education Research},
 series = {Koli Calling '14},
 year = {2014},
 isbn = {978-1-4503-3065-7},
 location = {Koli, Finland},
 pages = {71--80},
 numpages = {10},
 url = {http://doi.acm.org/10.1145/2674683.2674690},
 doi = {10.1145/2674683.2674690},
 acmid = {2674690},
 publisher = {ACM},
 address = {New York, NY, USA},
 keywords = {CS1, cognitive load, instructional design, notional machines, objects early, program visualization, project-driven learning},
}

@inproceedings{Knorr:2019:RDC:3314994.3325083,
 author = {Knorr, Edwin M.},
 title = {Reforming a Database Course to Address Cognitive Load by Using Worked Examples},
 booktitle = {Proceedings of the Western Canadian Conference on Computing Education},
 series = {WCCCE '19},
 year = {2019},
 isbn = {978-1-4503-6715-8},
 location = {Calgary, AB, Canada},
 pages = {4:1--4:6},
 articleno = {4},
 numpages = {6},
 url = {http://doi.acm.org/10.1145/3314994.3325083},
 doi = {10.1145/3314994.3325083},
 acmid = {3325083},
 publisher = {ACM},
 address = {New York, NY, USA},
 keywords = {cognitive load, course transformation, database systems, worked examples},
}

@inproceedings{Morrison:2017:DMC:3105726.3106191,
 author = {Morrison, Briana B.},
 title = {Dual Modality Code Explanations for Novices: Unexpected Results},
 booktitle = {Proceedings of the 2017 ACM Conference on International Computing Education Research},
 series = {ICER '17},
 year = {2017},
 isbn = {978-1-4503-4968-0},
 location = {Tacoma, Washington, USA},
 pages = {226--235},
 numpages = {10},
 url = {http://doi.acm.org/10.1145/3105726.3106191},
 doi = {10.1145/3105726.3106191},
 acmid = {3106191},
 publisher = {ACM},
 address = {New York, NY, USA},
 keywords = {cognitive load, live coding, modality},
}

@inproceedings{Oviatt:2007:EPI:1599600.1599708,
 author = {Oviatt, Sharon and Arthur, Alexander and Brock, Yaro and Cohen, Julia},
 title = {Expressive Pen-based Interfaces for Math Education},
 booktitle = {Proceedings of the 8th Iternational Conference on Computer Supported Collaborative Learning},
 series = {CSCL'07},
 year = {2007},
 isbn = {978-0-6151-5436-7},
 location = {New Brunswick, New Jersey, USA},
 pages = {573--582},
 numpages = {10},
 url = {http://dl.acm.org/citation.cfm?id=1599600.1599708},
 acmid = {1599708},
 publisher = {International Society of the Learning Sciences},
}

@inproceedings{Marcellis:2018:DBC:3279720.3279739,
 author = {Marcellis, Marco and Barendsen, Erik and van Merri\"{e}nboer, Jeroen},
 title = {Designing a Blended Course in Android App Development Using 4C/ID},
 booktitle = {Proceedings of the 18th Koli Calling International Conference on Computing Education Research},
 series = {Koli Calling '18},
 year = {2018},
 isbn = {978-1-4503-6535-2},
 location = {Koli, Finland},
 pages = {19:1--19:5},
 articleno = {19},
 numpages = {5},
 url = {http://doi.acm.org/10.1145/3279720.3279739},
 doi = {10.1145/3279720.3279739},
 acmid = {3279739},
 publisher = {ACM},
 address = {New York, NY, USA},
 keywords = {4C/ID, Android app development, Blended Learning},
}

@inproceedings{Ayres:2008:IIT:1599812.1599820,
 author = {Ayres, Paul and Youssef, Amina},
 title = {Investigating the Influence of Transitory Information and Motivation During Instructional Animations},
 booktitle = {Proceedings of the 8th International Conference on International Conference for the Learning Sciences - Volume 1},
 series = {ICLS'08},
 year = {2008},
 location = {Utrecht, The Netherlands},
 pages = {68--75},
 numpages = {8},
 url = {http://dl.acm.org/citation.cfm?id=1599812.1599820},
 acmid = {1599820},
 publisher = {International Society of the Learning Sciences},
}

@inproceedings{Orth:2008:SML:1599871.1599890,
 author = {Orth, Cordula and Bastiaens, Theo J.},
 title = {Situated Multimedia Learning for Older Adults: Exploring the Benefits of Age-specific Instructional Design},
 booktitle = {Proceedings of the 8th International Conference on International Conference for the Learning Sciences - Volume 2},
 series = {ICLS'08},
 year = {2008},
 location = {Utrecht, The Netherlands},
 pages = {148--155},
 numpages = {8},
 url = {http://dl.acm.org/citation.cfm?id=1599871.1599890},
 acmid = {1599890},
 publisher = {International Society of the Learning Sciences},
}

@inproceedings{Kirschner:2008:LCC:1599812.1599866,
 author = {Kirschner, Femke and Paas, Fred and Kirschner, Paul A.},
 title = {Learning from Complex Cognitive Tasks: Comparing Groups to Individuals},
 booktitle = {Proceedings of the 8th International Conference on International Conference for the Learning Sciences - Volume 1},
 series = {ICLS'08},
 year = {2008},
 location = {Utrecht, The Netherlands},
 pages = {446--452},
 numpages = {7},
 url = {http://dl.acm.org/citation.cfm?id=1599812.1599866},
 acmid = {1599866},
 publisher = {International Society of the Learning Sciences},
}

