@article{Or-Bach:2005:EBM:1113847.1113885,
 author = {Or-Bach, Rachel},
 title = {Educational Benefits of Metadata Creation by Students},
 journal = {SIGCSE Bull.},
 issue_date = {December 2005},
 volume = {37},
 number = {4},
 month = dec,
 year = {2005},
 issn = {0097-8418},
 pages = {93--97},
 numpages = {5},
 url = {http://doi.acm.org/10.1145/1113847.1113885},
 doi = {10.1145/1113847.1113885},
 acmid = {1113885},
 publisher = {ACM},
 address = {New York, NY, USA},
 keywords = {community of practice, metadata creation, reflection},
}

@inproceedings{Knox:2012:CPS:2361276.2361311,
 author = {Knox, Daniel},
 title = {Communities of Practice and Situated Learning in Computer Science},
 booktitle = {Proceedings of the Ninth Annual International Conference on International Computing Education Research},
 series = {ICER '12},
 year = {2012},
 isbn = {978-1-4503-1604-0},
 location = {Auckland, New Zealand},
 pages = {161--162},
 numpages = {2},
 url = {http://doi.acm.org/10.1145/2361276.2361311},
 doi = {10.1145/2361276.2361311},
 acmid = {2361311},
 publisher = {ACM},
 address = {New York, NY, USA},
 keywords = {communities of practice, motivation, situated learning},
}

@inproceedings{Zegura:2015:BBL:2737856.2737874,
 author = {Zegura, Ellen W. and Madaio, Michael A. and Grinter, Rebecca E.},
 title = {Beyond Bootstrapping: The Liberian Ilab As a Maturing Community of Practice},
 booktitle = {Proceedings of the Seventh International Conference on Information and Communication Technologies and Development},
 series = {ICTD '15},
 year = {2015},
 isbn = {978-1-4503-3163-0},
 location = {Singapore, Singapore},
 pages = {70:1--70:4},
 articleno = {70},
 numpages = {4},
 url = {http://doi.acm.org/10.1145/2737856.2737874},
 doi = {10.1145/2737856.2737874},
 acmid = {2737874},
 publisher = {ACM},
 address = {New York, NY, USA},
 keywords = {ICTD, community of practice, technical training},
}

@inproceedings{Zegura:2013:CBC:2517899.2517936,
 author = {Zegura, Ellen W. and Grinter, Rebecca E.},
 title = {Community Building for Capacity Building: Case Study of Liberia's iLab},
 booktitle = {Proceedings of the Sixth International Conference on Information and Communications Technologies and Development: Notes - Volume 2},
 series = {ICTD '13},
 year = {2013},
 isbn = {978-1-4503-1907-2},
 location = {Cape Town, South Africa},
 pages = {171--174},
 numpages = {4},
 url = {http://doi.acm.org/10.1145/2517899.2517936},
 doi = {10.1145/2517899.2517936},
 acmid = {2517936},
 publisher = {ACM},
 address = {New York, NY, USA},
 keywords = {ICTD, community of practice, computing education},
}

@inproceedings{Tutty:2006:TCI:1151869.1151899,
 author = {Tutty, Jodi and White, Barbara},
 title = {Tablet Classroom Interactions},
 booktitle = {Proceedings of the 8th Australasian Conference on Computing Education - Volume 52},
 series = {ACE '06},
 year = {2006},
 isbn = {1-920682-34-1},
 location = {Hobart, Australia},
 pages = {229--233},
 numpages = {5},
 url = {http://dl.acm.org/citation.cfm?id=1151869.1151899},
 acmid = {1151899},
 publisher = {Australian Computer Society, Inc.},
 address = {Darlinghurst, Australia, Australia},
 keywords = {communities of practice, mobile learning, novice programming},
}

@inproceedings{Allen:2017:OPD:3027063.3053143,
 author = {Allen, Warren S.},
 title = {Open Professional Development As a Sociotechnical Design Challenge},
 booktitle = {Proceedings of the 2017 CHI Conference Extended Abstracts on Human Factors in Computing Systems},
 series = {CHI EA '17},
 year = {2017},
 isbn = {978-1-4503-4656-6},
 location = {Denver, Colorado, USA},
 pages = {1478--1485},
 numpages = {8},
 url = {http://doi.acm.org/10.1145/3027063.3053143},
 doi = {10.1145/3027063.3053143},
 acmid = {3053143},
 publisher = {ACM},
 address = {New York, NY, USA},
 keywords = {communities of practice, technology-enhanced learning, designx, sociotechnical systems},
}

@inproceedings{Kosmas:2017:OSK:3175536.3175557,
 author = {Kosmas, Panagiotis},
 title = {Online Sharing of Knowledge Among In-service Teachers for Professional Development Purposes},
 booktitle = {Proceedings of the 2017 9th International Conference on Education Technology and Computers},
 series = {ICETC 2017},
 year = {2017},
 isbn = {978-1-4503-5435-6},
 location = {Barcelona, Spain},
 pages = {162--166},
 numpages = {5},
 url = {http://doi.acm.org/10.1145/3175536.3175557},
 doi = {10.1145/3175536.3175557},
 acmid = {3175557},
 publisher = {ACM},
 address = {New York, NY, USA},
 keywords = {Communities of practice, online, professional development, sharing of knowledge, teachers},
}

@inproceedings{Bethel:2013:EPD:2507065.2507090,
 author = {Bethel, Christina},
 title = {An Exploration of the Professional Development Potential of Living World Games},
 booktitle = {Proceedings of the 31st ACM International Conference on Design of Communication},
 series = {SIGDOC '13},
 year = {2013},
 isbn = {978-1-4503-2131-0},
 location = {Greenville, North Carolina, USA},
 pages = {175--176},
 numpages = {2},
 url = {http://doi.acm.org/10.1145/2507065.2507090},
 doi = {10.1145/2507065.2507090},
 acmid = {2507090},
 publisher = {ACM},
 address = {New York, NY, USA},
 keywords = {communities of practice, living world game, professional development},
}

@article{Preston:2013:RIP:2465085.2465099,
 author = {Preston, Christina},
 title = {Re-engineering the ICT Profession: A Global Call for Collective Action},
 journal = {ACM Inroads},
 issue_date = {June 2013},
 volume = {4},
 number = {2},
 month = jun,
 year = {2013},
 issn = {2153-2184},
 pages = {42--49},
 numpages = {8},
 url = {http://doi.acm.org/10.1145/2465085.2465099},
 doi = {10.1145/2465085.2465099},
 acmid = {2465099},
 publisher = {ACM},
 address = {New York, NY, USA},
 keywords = {coding, communities of practice, computing curricula, crowdsourcing data, policy making},
}

@inproceedings{Tejera-Hernandez:2018:PSP:3284179.3284351,
 author = {Tejera-Hern\'{a}ndez, Dayana Caridad and Ciudad-Ricardo, Febe Angel and Libotton, Arno},
 title = {Participation in Software Projects As Professional Communities of Practice: A Model},
 booktitle = {Proceedings of the Sixth International Conference on Technological Ecosystems for Enhancing Multiculturality},
 series = {TEEM'18},
 year = {2018},
 isbn = {978-1-4503-6518-5},
 location = {Salamanca, Spain},
 pages = {1032--1039},
 numpages = {8},
 url = {http://doi.acm.org/10.1145/3284179.3284351},
 doi = {10.1145/3284179.3284351},
 acmid = {3284351},
 publisher = {ACM},
 address = {New York, NY, USA},
 keywords = {Communities of practice, participation, software projects, workplace learning},
}

@inproceedings{Wiggberg:2011:MAL:2459936.2459945,
 author = {Wiggberg, Mattias and Daniels, Mats},
 title = {A Method for Analyzing Learning Outcomes in Project Courses},
 booktitle = {Proceedings of the Thirteenth Australasian Computing Education Conference - Volume 114},
 series = {ACE '11},
 year = {2011},
 isbn = {978-1-920682-94-1},
 location = {Perth, Australia},
 pages = {73--78},
 numpages = {6},
 url = {http://dl.acm.org/citation.cfm?id=2459936.2459945},
 acmid = {2459945},
 publisher = {Australian Computer Society, Inc.},
 address = {Darlinghurst, Australia, Australia},
 keywords = {communities of practice, computing education research, learning outcomes, project courses},
}

@inproceedings{Parker:2017:SPI:3105726.3105737,
 author = {Parker, Rick},
 title = {Studying Professional Identity in Software Engineering},
 booktitle = {Proceedings of the 2017 ACM Conference on International Computing Education Research},
 series = {ICER '17},
 year = {2017},
 isbn = {978-1-4503-4968-0},
 location = {Tacoma, Washington, USA},
 pages = {283--284},
 numpages = {2},
 url = {http://doi.acm.org/10.1145/3105726.3105737},
 doi = {10.1145/3105726.3105737},
 acmid = {3105737},
 publisher = {ACM},
 address = {New York, NY, USA},
 keywords = {capstone, communities of practice, concerns-based adoption, professional identity},
}

@inproceedings{Chua:2012:WMF:2157136.2157341,
 author = {Chua, Mel and Dziallas, Sebastian and Ellis, Heidi J.C. and Hislop, Gregory W. and Wurst, Karl R.},
 title = {Welcome to Makerland: A First Cultural Immersion into Open Source Communities (Abstract Only)},
 booktitle = {Proceedings of the 43rd ACM Technical Symposium on Computer Science Education},
 series = {SIGCSE '12},
 year = {2012},
 isbn = {978-1-4503-1098-7},
 location = {Raleigh, North Carolina, USA},
 pages = {659--659},
 numpages = {1},
 url = {http://doi.acm.org/10.1145/2157136.2157341},
 doi = {10.1145/2157136.2157341},
 acmid = {2157341},
 publisher = {ACM},
 address = {New York, NY, USA},
 keywords = {cognitive apprenticeship, communities of practice, open source, service learning},
}

@inproceedings{Milara:2019:SPB:3335055.3335072,
 author = {Milara, Iv\'{a}n S\'{a}nchez and Pitk\"{a}nen, Kati and Niva, Arto and Iwata, Meguimi and Laru, Jari and Riekki, Jukka},
 title = {The STEAM Path: Building a Community of Practice for Local Schools Around STEAM and Digital Fabrication},
 booktitle = {Proceedings of the FabLearn Europe 2019 Conference},
 series = {FabLearn Europe '19},
 year = {2019},
 isbn = {978-1-4503-6266-5},
 location = {Oulu, Finland},
 pages = {17:1--17:3},
 articleno = {17},
 numpages = {3},
 url = {http://doi.acm.org/10.1145/3335055.3335072},
 doi = {10.1145/3335055.3335072},
 acmid = {3335072},
 publisher = {ACM},
 address = {New York, NY, USA},
 keywords = {Community of Practice, Digital Fabrication, STEAM, STEAM path, education, schools},
}

@inproceedings{Agrawal:2017:UOE:3175536.3175562,
 author = {Agrawal, Vivek and Snekkenes, Einar Arthur},
 title = {UnRizkNow: An Open Electronic Community of Practice for Information Security Professionals},
 booktitle = {Proceedings of the 2017 9th International Conference on Education Technology and Computers},
 series = {ICETC 2017},
 year = {2017},
 isbn = {978-1-4503-5435-6},
 location = {Barcelona, Spain},
 pages = {191--197},
 numpages = {7},
 url = {http://doi.acm.org/10.1145/3175536.3175562},
 doi = {10.1145/3175536.3175562},
 acmid = {3175562},
 publisher = {ACM},
 address = {New York, NY, USA},
 keywords = {Information Security, Knowledge sharing, UnRizkNow, electronic Community of Practice},
}

@inproceedings{Dziallas:2012:TOS:2157136.2157413,
 author = {Dziallas, Sebastian and Ellis, Heidi J.C. and Chua, Mel and Huss-Lederman, Steven and Wurst, Karl R.},
 title = {Teaching Open Source: Involving Students in Free and Open Source Software (FOSS) Project Communities (Abstract Only)},
 booktitle = {Proceedings of the 43rd ACM Technical Symposium on Computer Science Education},
 series = {SIGCSE '12},
 year = {2012},
 isbn = {978-1-4503-1098-7},
 location = {Raleigh, North Carolina, USA},
 pages = {676--676},
 numpages = {1},
 url = {http://doi.acm.org/10.1145/2157136.2157413},
 doi = {10.1145/2157136.2157413},
 acmid = {2157413},
 publisher = {ACM},
 address = {New York, NY, USA},
 keywords = {FOSS, communities of practice, open source, teaching open source},
}

@inproceedings{Zarb:2019:LOD:3304221.3325548,
 author = {Zarb, Mark and Scott, Michael},
 title = {Laughter over Dread: Early Collaborative Problem Solving Through an Extended Induction Using Robots},
 booktitle = {Proceedings of the 2019 ACM Conference on Innovation and Technology in Computer Science Education},
 series = {ITiCSE '19},
 year = {2019},
 isbn = {978-1-4503-6301-3},
 location = {Aberdeen, Scotland Uk},
 pages = {249--250},
 numpages = {2},
 url = {http://doi.acm.org/10.1145/3304221.3325548},
 doi = {10.1145/3304221.3325548},
 acmid = {3325548},
 publisher = {ACM},
 address = {New York, NY, USA},
 keywords = {communities of practice, induction, interpersonal skills, problem solving, robots, teamwork},
}

@article{Quan-Haase:2005:TOL:1067699.1067700,
 author = {Quan-Haase, Anabel},
 title = {Trends in Online Learning Communities},
 journal = {SIGGROUP Bull.},
 issue_date = {January 2005},
 volume = {25},
 number = {1},
 month = jan,
 year = {2005},
 issn = {2372-7403},
 pages = {2--6},
 numpages = {5},
 url = {http://doi.acm.org/10.1145/1067699.1067700},
 doi = {10.1145/1067699.1067700},
 acmid = {1067700},
 publisher = {ACM},
 address = {New York, NY, USA},
 keywords = {communities of practice, online learning communities, virtual communities},
}

@inproceedings{Bogdan:2009:MRT:1556460.1556490,
 author = {Bogdan, Cristian and Mayer, Rudolf},
 title = {Makumba: The Role of the Technology for the Sustainability of Amateur Programming Practice and Community},
 booktitle = {Proceedings of the Fourth International Conference on Communities and Technologies},
 series = {C\&\#38;T '09},
 year = {2009},
 isbn = {978-1-60558-713-4},
 location = {University Park, PA, USA},
 pages = {205--214},
 numpages = {10},
 url = {http://doi.acm.org/10.1145/1556460.1556490},
 doi = {10.1145/1556460.1556490},
 acmid = {1556490},
 publisher = {ACM},
 address = {New York, NY, USA},
 keywords = {amateur community, case studies, community of practice, sustainability of practice},
}

@inproceedings{Thayer:2017:BFC:3105726.3106176,
 author = {Thayer, Kyle and Ko, Andrew J.},
 title = {Barriers Faced by Coding Bootcamp Students},
 booktitle = {Proceedings of the 2017 ACM Conference on International Computing Education Research},
 series = {ICER '17},
 year = {2017},
 isbn = {978-1-4503-4968-0},
 location = {Tacoma, Washington, USA},
 pages = {245--253},
 numpages = {9},
 url = {http://doi.acm.org/10.1145/3105726.3106176},
 doi = {10.1145/3105726.3106176},
 acmid = {3106176},
 publisher = {ACM},
 address = {New York, NY, USA},
 keywords = {career change, coding bootcamps, communities of practice, computer science education},
}

@inproceedings{Sabin:2009:EDU:1631728.1631756,
 author = {Sabin, Mihaela and Leone, Jim},
 title = {IT Education 2.0},
 booktitle = {Proceedings of the 10th ACM Conference on SIG-information Technology Education},
 series = {SIGITE '09},
 year = {2009},
 isbn = {978-1-60558-765-3},
 location = {Fairfax, Virginia, USA},
 pages = {91--99},
 numpages = {9},
 url = {http://doi.acm.org/10.1145/1631728.1631756},
 doi = {10.1145/1631728.1631756},
 acmid = {1631756},
 publisher = {ACM},
 address = {New York, NY, USA},
 keywords = {communities of practice, open education, peer production, web 2.0},
}

@article{Faas:2018:WMC:3290265.3274319,
 author = {Faas, Travis and Dombrowski, Lynn and Young, Alyson and Miller, Andrew D.},
 title = {Watch Me Code: Programming Mentorship Communities on Twitch.Tv},
 journal = {Proc. ACM Hum.-Comput. Interact.},
 issue_date = {November 2018},
 volume = {2},
 number = {CSCW},
 month = nov,
 year = {2018},
 issn = {2573-0142},
 pages = {50:1--50:18},
 articleno = {50},
 numpages = {18},
 url = {http://doi.acm.org/10.1145/3274319},
 doi = {10.1145/3274319},
 acmid = {3274319},
 publisher = {ACM},
 address = {New York, NY, USA},
 keywords = {communities of practice, cscl, live coding, live streaming, mentoring, twitch},
}

@inproceedings{deOliveira:2014:UGC:2632320.2632334,
 author = {deOliveira, Daniel and Utting, Ian},
 title = {User Groups: Community Collaborative Learning},
 booktitle = {Proceedings of the Tenth Annual Conference on International Computing Education Research},
 series = {ICER '14},
 year = {2014},
 isbn = {978-1-4503-2755-8},
 location = {Glasgow, Scotland, United Kingdom},
 pages = {165--166},
 numpages = {2},
 url = {http://doi.acm.org/10.1145/2632320.2632334},
 doi = {10.1145/2632320.2632334},
 acmid = {2632334},
 publisher = {ACM},
 address = {New York, NY, USA},
 keywords = {communities of practice, computer-supported collaborative learning, discussion lists, social networks, user groups, weak ties},
}

@inproceedings{Stangl:2014:PTP:2593968.2610482,
 author = {Stangl, Abigale and Kim, Jeeeun and Yeh, Tom},
 title = {3D Printed Tactile Picture Books for Children with Visual Impairments: A Design Probe},
 booktitle = {Proceedings of the 2014 Conference on Interaction Design and Children},
 series = {IDC '14},
 year = {2014},
 isbn = {978-1-4503-2272-0},
 location = {Aarhus, Denmark},
 pages = {321--324},
 numpages = {4},
 url = {http://doi.acm.org/10.1145/2593968.2610482},
 doi = {10.1145/2593968.2610482},
 acmid = {2610482},
 publisher = {ACM},
 address = {New York, NY, USA},
 keywords = {blind, children, communities of practice, design probe, tactile graphics, tactile picture books},
}

@inproceedings{Krogstie:2008:PTB:1368088.1368201,
 author = {Krogstie, Birgit R.},
 title = {Power Through Brokering: Open Source Community Participation in Software Engineering Student Projects},
 booktitle = {Proceedings of the 30th International Conference on Software Engineering},
 series = {ICSE '08},
 year = {2008},
 isbn = {978-1-60558-079-1},
 location = {Leipzig, Germany},
 pages = {791--800},
 numpages = {10},
 url = {http://doi.acm.org/10.1145/1368088.1368201},
 doi = {10.1145/1368088.1368201},
 acmid = {1368201},
 publisher = {ACM},
 address = {New York, NY, USA},
 keywords = {communities of practice, computer science education, floss, open source, software engineering, software engineering education},
}

@inproceedings{Ahmadi:2011:TDC:1984674.1984691,
 author = {Ahmadi, Navid and Jazayeri, Mehdi and Repenning, Alexander},
 title = {Towards Democratizing Computer Science Education Through Social Game Design},
 booktitle = {Proceedings of the 1st International Workshop on Games and Software Engineering},
 series = {GAS '11},
 year = {2011},
 isbn = {978-1-4503-0578-5},
 location = {Waikiki, Honolulu, HI, USA},
 pages = {48--51},
 numpages = {4},
 url = {http://doi.acm.org/10.1145/1984674.1984691},
 doi = {10.1145/1984674.1984691},
 acmid = {1984691},
 publisher = {ACM},
 address = {New York, NY, USA},
 keywords = {communities of practice, educational game design, peer learning, social interfaces, social learning, web 2.0},
}

@inproceedings{Peters:2013:IDC:2493394.2493427,
 author = {Peters, Anne-Kathrin},
 title = {Identity Development of CS and IT Students: What's the Role of Higher Education?},
 booktitle = {Proceedings of the Ninth Annual International ACM Conference on International Computing Education Research},
 series = {ICER '13},
 year = {2013},
 isbn = {978-1-4503-2243-0},
 location = {San Diego, San California, USA},
 pages = {187--188},
 numpages = {2},
 url = {http://doi.acm.org/10.1145/2493394.2493427},
 doi = {10.1145/2493394.2493427},
 acmid = {2493427},
 publisher = {ACM},
 address = {New York, NY, USA},
 keywords = {communities of practice, identity, identity development, longitudinal, meaning, social theory of learning},
}

@inproceedings{Ott:2018:BNC:3159450.3162190,
 author = {Ott, Linda and Ureel, Leo C. and Wallace, Charles},
 title = {Building and Nurturing Communities of Practice Among K-12 CS Teachers: (Abstract Only)},
 booktitle = {Proceedings of the 49th ACM Technical Symposium on Computer Science Education},
 series = {SIGCSE '18},
 year = {2018},
 isbn = {978-1-4503-5103-4},
 location = {Baltimore, Maryland, USA},
 pages = {1067--1067},
 numpages = {1},
 url = {http://doi.acm.org/10.1145/3159450.3162190},
 doi = {10.1145/3159450.3162190},
 acmid = {3162190},
 publisher = {ACM},
 address = {New York, NY, USA},
 keywords = {CS for all, K-12 education, community of practice, professional development},
}

@inproceedings{Rosato:2017:COH:3059009.3059060,
 author = {Rosato, Jennifer and Lucarelli, Chery and Beckworth, Cassandra and Morelli, Ralph},
 title = {A Comparison of Online and Hybrid Professional Development for CS Principles Teachers},
 booktitle = {Proceedings of the 2017 ACM Conference on Innovation and Technology in Computer Science Education},
 series = {ITiCSE '17},
 year = {2017},
 isbn = {978-1-4503-4704-4},
 location = {Bologna, Italy},
 pages = {140--145},
 numpages = {6},
 url = {http://doi.acm.org/10.1145/3059009.3059060},
 doi = {10.1145/3059009.3059060},
 acmid = {3059060},
 publisher = {ACM},
 address = {New York, NY, USA},
 keywords = {community of practice, computer science principles, k-12 computer science, online professional development},
}

@article{Kolikant:2004:CPI:1026487.1008047,
 author = {Kolikant, Yifat Ben-David and Pollack, Sarah},
 title = {Community-oriented Pedagogy for In-service CS Teacher Training},
 journal = {SIGCSE Bull.},
 issue_date = {September 2004},
 volume = {36},
 number = {3},
 month = jun,
 year = {2004},
 issn = {0097-8418},
 pages = {191--195},
 numpages = {5},
 url = {http://doi.acm.org/10.1145/1026487.1008047},
 doi = {10.1145/1026487.1008047},
 acmid = {1008047},
 publisher = {ACM},
 address = {New York, NY, USA},
 keywords = {community of practice, community-oriented pedagogy, in-service teacher training, interaction},
}

@inproceedings{Kolikant:2004:CPI:1007996.1008047,
 author = {Kolikant, Yifat Ben-David and Pollack, Sarah},
 title = {Community-oriented Pedagogy for In-service CS Teacher Training},
 booktitle = {Proceedings of the 9th Annual SIGCSE Conference on Innovation and Technology in Computer Science Education},
 series = {ITiCSE '04},
 year = {2004},
 isbn = {1-58113-836-9},
 location = {Leeds, United Kingdom},
 pages = {191--195},
 numpages = {5},
 url = {http://doi.acm.org/10.1145/1007996.1008047},
 doi = {10.1145/1007996.1008047},
 acmid = {1008047},
 publisher = {ACM},
 address = {New York, NY, USA},
 keywords = {community of practice, community-oriented pedagogy, in-service teacher training, interaction},
}

@inproceedings{Weidler-Lewis:2017:DDS:3017680.3017776,
 author = {Weidler-Lewis, Joanna and DuBow, Wendy and Kaminsky, Alexis},
 title = {Defining a Discipline or Shaping a Community: Constraints on Broadening Participation in Computing},
 booktitle = {Proceedings of the 2017 ACM SIGCSE Technical Symposium on Computer Science Education},
 series = {SIGCSE '17},
 year = {2017},
 isbn = {978-1-4503-4698-6},
 location = {Seattle, Washington, USA},
 pages = {627--632},
 numpages = {6},
 url = {http://doi.acm.org/10.1145/3017680.3017776},
 doi = {10.1145/3017680.3017776},
 acmid = {3017776},
 publisher = {ACM},
 address = {New York, NY, USA},
 keywords = {broadening participation in computing, communities of practice, gender, history of computing, persistence in computing, situated learning},
}

@inproceedings{Chiprianov:2016:ICT:2899415.2899439,
 author = {Chiprianov, Vanea and Gallon, Laurent},
 title = {Introducing Computational Thinking to K-5 in a French Context},
 booktitle = {Proceedings of the 2016 ACM Conference on Innovation and Technology in Computer Science Education},
 series = {ITiCSE '16},
 year = {2016},
 isbn = {978-1-4503-4231-5},
 location = {Arequipa, Peru},
 pages = {112--117},
 numpages = {6},
 url = {http://doi.acm.org/10.1145/2899415.2899439},
 doi = {10.1145/2899415.2899439},
 acmid = {2899439},
 publisher = {ACM},
 address = {New York, NY, USA},
 keywords = {community of practice, computer science education, curriculum, elementary school, teacher training},
}

@inproceedings{Aramo-Immonen:2014:VIL:2669711.2669962,
 author = {Aramo-Immonen, Heli and Jussila, Jari and Huhtam\"{a}ki, Jukka},
 title = {Visualizing Informal Learning Behavior from Conference Participants Twitter Data},
 booktitle = {Proceedings of the Second International Conference on Technological Ecosystems for Enhancing Multiculturality},
 series = {TEEM '14},
 year = {2014},
 isbn = {978-1-4503-2896-8},
 location = {Salamanca, Spain},
 pages = {603--610},
 numpages = {8},
 url = {http://doi.acm.org/10.1145/2669711.2669962},
 doi = {10.1145/2669711.2669962},
 acmid = {2669962},
 publisher = {ACM},
 address = {New York, NY, USA},
 keywords = {Twitter, communities of practice, informal learning, learning, memory aids, social network analysis},
}

@article{Papargyris:2005:LFP:1067699.1067706,
 author = {Papargyris, Anthony and Poulymenakou, Angeliki},
 title = {Learning to Fly in Persistent Digital Worlds: The Case of Massively Multiplayer Online Role Playing Games},
 journal = {SIGGROUP Bull.},
 issue_date = {January 2005},
 volume = {25},
 number = {1},
 month = jan,
 year = {2005},
 issn = {2372-7403},
 pages = {41--49},
 numpages = {9},
 url = {http://doi.acm.org/10.1145/1067699.1067706},
 doi = {10.1145/1067699.1067706},
 acmid = {1067706},
 publisher = {ACM},
 address = {New York, NY, USA},
 keywords = {communities of practice, legitimate peripheral participation, massively multiplayer online role-playing games, virtual communities},
}

@inproceedings{Velghe:2013:LAI:2516604.2516615,
 author = {Velghe, Fie},
 title = {Literacy Acquisition, Informal Learning and Mobile Phones in a South African Township},
 booktitle = {Proceedings of the Sixth International Conference on Information and Communication Technologies and Development: Full Papers - Volume 1},
 series = {ICTD '13},
 year = {2013},
 isbn = {978-1-4503-1906-5},
 location = {Cape Town, South Africa},
 pages = {89--99},
 numpages = {11},
 url = {http://doi.acm.org/10.1145/2516604.2516615},
 doi = {10.1145/2516604.2516615},
 acmid = {2516615},
 publisher = {ACM},
 address = {New York, NY, USA},
 keywords = {South Africa, communities of practice, informal learning, literacy acquisition, mobile phones, voice},
}

@article{Tenenberg:2010:WDM:1656255.1656256,
 author = {Tenenberg, Josh and McCartney, Robert},
 title = {Why Discipline Matters in Computing Education Scholarship},
 journal = {ACM Trans. Comput. Educ.},
 issue_date = {January 2010},
 volume = {9},
 number = {4},
 month = jan,
 year = {2010},
 issn = {1946-6226},
 pages = {18:1--18:7},
 articleno = {18},
 numpages = {7},
 url = {http://doi.acm.org/10.1145/1656255.1656256},
 doi = {10.1145/1656255.1656256},
 acmid = {1656256},
 publisher = {ACM},
 address = {New York, NY, USA},
 keywords = {Computing education, community of practice, epistemic culture, scholarship of teaching and learning},
}

@inproceedings{Raviolo:2019:OHE:3306500.3306548,
 author = {Raviolo, Paolo},
 title = {Online Higher Education Teaching Practices},
 booktitle = {Proceedings of the 10th International Conference on E-Education, E-Business, E-Management and E-Learning},
 series = {IC4E '19},
 year = {2019},
 isbn = {978-1-4503-6602-1},
 location = {Tokyo, Japan},
 pages = {79--84},
 numpages = {6},
 url = {http://doi.acm.org/10.1145/3306500.3306548},
 doi = {10.1145/3306500.3306548},
 acmid = {3306548},
 publisher = {ACM},
 address = {New York, NY, USA},
 keywords = {community of practices (CoPs), e-learning, higher education, online teaching, university teaching},
}

@inproceedings{Parker:2018:DSE:3159450.3162326,
 author = {Parker, Rick},
 title = {Developing Software Engineers: A Study of Professionalization in a CS Senior Capstone (Abstract Only)},
 booktitle = {Proceedings of the 49th ACM Technical Symposium on Computer Science Education},
 series = {SIGCSE '18},
 year = {2018},
 isbn = {978-1-4503-5103-4},
 location = {Baltimore, Maryland, USA},
 pages = {276--276},
 numpages = {1},
 url = {http://doi.acm.org/10.1145/3159450.3162326},
 doi = {10.1145/3159450.3162326},
 acmid = {3162326},
 publisher = {ACM},
 address = {New York, NY, USA},
 keywords = {community of practice, educational artifacts, practical experience, qualitative interviews, senior capstone, university to work transition},
}

@inproceedings{Cambridge:2012:FST:2330601.2330622,
 author = {Cambridge, Darren and Perez-Lopez, Kathleen},
 title = {First Steps Towards a Social Learning Analytics for Online Communities of Practice for Educators},
 booktitle = {Proceedings of the 2Nd International Conference on Learning Analytics and Knowledge},
 series = {LAK '12},
 year = {2012},
 isbn = {978-1-4503-1111-3},
 location = {Vancouver, British Columbia, Canada},
 pages = {69--72},
 numpages = {4},
 url = {http://doi.acm.org/10.1145/2330601.2330622},
 doi = {10.1145/2330601.2330622},
 acmid = {2330622},
 publisher = {ACM},
 address = {New York, NY, USA},
 keywords = {education, learning analytics, online communities of practice, paradata, professional development, social network analysis},
}

@inproceedings{Clancey:1992:OIR:142750.142991,
 author = {Clancey, William J.},
 title = {Overview of the Institute for Research on Learning},
 booktitle = {Proceedings of the SIGCHI Conference on Human Factors in Computing Systems},
 series = {CHI '92},
 year = {1992},
 isbn = {0-89791-513-5},
 location = {Monterey, California, USA},
 pages = {571--572},
 numpages = {2},
 url = {http://doi.acm.org/10.1145/142750.142991},
 doi = {10.1145/142750.142991},
 acmid = {142991},
 publisher = {ACM},
 address = {New York, NY, USA},
 keywords = {communities of practice, design processes, ethnographic analysis, laboratory overview, learning, participatory design, socio-technical systems design},
}

@inproceedings{Taylor:2017:DCH:3152771.3152797,
 author = {Taylor, Jennyfer Lawrence and Vyas, Dhaval and Sharp, Tony},
 title = {Diversity and Coherence in a Hackerspace for People from a Low Socioeconomic Community},
 booktitle = {Proceedings of the 29th Australian Conference on Computer-Human Interaction},
 series = {OZCHI '17},
 year = {2017},
 isbn = {978-1-4503-5379-3},
 location = {Brisbane, Queensland, Australia},
 pages = {238--247},
 numpages = {10},
 url = {http://doi.acm.org/10.1145/3152771.3152797},
 doi = {10.1145/3152771.3152797},
 acmid = {3152797},
 publisher = {ACM},
 address = {New York, NY, USA},
 keywords = {community of practice, design for empowerment, hackerspace, low socioeconomic status, makerspace},
}

@inproceedings{Zhang:2017:ARS:2998181.2998199,
 author = {Zhang, Haoqi and Easterday, Matthew W. and Gerber, Elizabeth M. and Rees Lewis, Daniel and Maliakal, Leesha},
 title = {Agile Research Studios: Orchestrating Communities of Practice to Advance Research Training},
 booktitle = {Proceedings of the 2017 ACM Conference on Computer Supported Cooperative Work and Social Computing},
 series = {CSCW '17},
 year = {2017},
 isbn = {978-1-4503-4335-0},
 location = {Portland, Oregon, USA},
 pages = {220--232},
 numpages = {13},
 url = {http://doi.acm.org/10.1145/2998181.2998199},
 doi = {10.1145/2998181.2998199},
 acmid = {2998199},
 publisher = {ACM},
 address = {New York, NY, USA},
 keywords = {agile research, community of practice, regulation skills, research training, self-directed learning, socially shared regulation of learning, socio-technical systems},
}

@article{Preston:2007:BLI:1272848.1272886,
 author = {Preston, Christina},
 title = {Braided Learning: Investigating an Emerging Model of Online Professional Debate Between International Educators},
 journal = {SIGCSE Bull.},
 issue_date = {June 2007},
 volume = {39},
 number = {2},
 month = jun,
 year = {2007},
 issn = {0097-8418},
 pages = {62--64},
 numpages = {3},
 url = {http://doi.acm.org/10.1145/1272848.1272886},
 doi = {10.1145/1272848.1272886},
 acmid = {1272886},
 publisher = {ACM},
 address = {New York, NY, USA},
 keywords = {community of practice, online forums, professional online learning, social software, wikis},
}

@inproceedings{Zhang:2017:ARS:3022198.3023265,
 author = {Zhang, Haoqi and Easterday, Matthew W. and Gerber, Elizabeth M. and Lewis, Daniel Rees and Maliakal, Leesha},
 title = {Agile Research Studios: Orchestrating Communities of Practice to Advance Research Training},
 booktitle = {Companion of the 2017 ACM Conference on Computer Supported Cooperative Work and Social Computing},
 series = {CSCW '17 Companion},
 year = {2017},
 isbn = {978-1-4503-4688-7},
 location = {Portland, Oregon, USA},
 pages = {45--48},
 numpages = {4},
 url = {http://doi.acm.org/10.1145/3022198.3023265},
 doi = {10.1145/3022198.3023265},
 acmid = {3023265},
 publisher = {ACM},
 address = {New York, NY, USA},
 keywords = {agile research, community of practice, regulation skills, self-directed learning, socially shared regulation of learning, socio-technical systems},
}

@article{Hoadley:2005:UTT:1067699.1067705,
 author = {Hoadley, Christopher M. and Kilner, Peter G.},
 title = {Using Technology to Transform Communities of Practice into Knowledge-building Communities},
 journal = {SIGGROUP Bull.},
 issue_date = {January 2005},
 volume = {25},
 number = {1},
 month = jan,
 year = {2005},
 issn = {2372-7403},
 pages = {31--40},
 numpages = {10},
 url = {http://doi.acm.org/10.1145/1067699.1067705},
 doi = {10.1145/1067699.1067705},
 acmid = {1067705},
 publisher = {ACM},
 address = {New York, NY, USA},
 keywords = {CILTKN, CompanyCommand, community of practice, context, conversation, design, distributed cognition, knowledge building, learning, online community, social networks},
}

@inproceedings{Nelimarkka:2015:ATP:2724660.2724671,
 author = {Nelimarkka, Matti and Vihavainen, Arto},
 title = {Alumni \&\#38; Tenured Participants in MOOCs: Analysis of Two Years of MOOC Discussion Channel Activity},
 booktitle = {Proceedings of the Second (2015) ACM Conference on Learning @ Scale},
 series = {L@S '15},
 year = {2015},
 isbn = {978-1-4503-3411-2},
 location = {Vancouver, BC, Canada},
 pages = {85--93},
 numpages = {9},
 url = {http://doi.acm.org/10.1145/2724660.2724671},
 doi = {10.1145/2724660.2724671},
 acmid = {2724671},
 publisher = {ACM},
 address = {New York, NY, USA},
 keywords = {community of practice, internet relay chat, massive open online course, mooc-alumni, online community, tenured mooc participant},
}

@inproceedings{Pape:2003:EW:958160.958163,
 author = {Pape, Bernd and Reinecke, Leonard and Rohde, Markus and Strauss, Monique},
 title = {E-community-building in wiInf-central},
 booktitle = {Proceedings of the 2003 International ACM SIGGROUP Conference on Supporting Group Work},
 series = {GROUP '03},
 year = {2003},
 isbn = {1-58113-693-5},
 location = {Sanibel Island, Florida, USA},
 pages = {11--20},
 numpages = {10},
 url = {http://doi.acm.org/10.1145/958160.958163},
 doi = {10.1145/958160.958163},
 acmid = {958163},
 publisher = {ACM},
 address = {New York, NY, USA},
 keywords = {commsy, communities of practice (CoP), e-community-building, hybrid community of students, qualitative interviews, self-organized community of students, social identity theory (SIT)},
}

@article{Smith:2006:OCD:1165348.1165354,
 author = {Smith, John D. and Trayner, Beverly},
 title = {Online Course Design from a Communities-of-practice Perspective},
 journal = {eLearn},
 issue_date = {September 2006},
 volume = {2006},
 number = {9},
 month = sep,
 year = {2006},
 issn = {1535-394X},
 pages = {3--},
 url = {http://doi.acm.org/10.1145/1165348.1165354},
 doi = {10.1145/1165348.1165354},
 acmid = {1165354},
 publisher = {ACM},
 address = {New York, NY, USA},
}

@article{Feldstein:2002:DOR:566833.566835,
 author = {Feldstein, Michael},
 title = {Disaster and Opportunity: Replacing Traditional Knowledge Networks with Online Communities of Practice},
 journal = {eLearn},
 issue_date = {March 2002},
 volume = {2002},
 number = {3},
 month = mar,
 year = {2002},
 issn = {1535-394X},
 pages = {1--},
 url = {http://doi.acm.org/10.1145/566833.566835},
 doi = {10.1145/566833.566835},
 acmid = {566835},
 publisher = {ACM},
 address = {New York, NY, USA},
}

@inproceedings{Cooper:2015:GKC:2676723.2677255,
 author = {Cooper, Stephen and Rodger, Susan H. and Schep, Madeleine and Stalvey, RoxAnn H. and Dann, Wanda},
 title = {Growing a K-12 Community of Practice},
 booktitle = {Proceedings of the 46th ACM Technical Symposium on Computer Science Education},
 series = {SIGCSE '15},
 year = {2015},
 isbn = {978-1-4503-2966-8},
 location = {Kansas City, Missouri, USA},
 pages = {290--295},
 numpages = {6},
 url = {http://doi.acm.org/10.1145/2676723.2677255},
 doi = {10.1145/2676723.2677255},
 acmid = {2677255},
 publisher = {ACM},
 address = {New York, NY, USA},
 keywords = {alice, high school, introductory computer science, k-12 education, middle school},
}

@article{Sauve:2007:CPA:1266879.1266883,
 author = {Sauve, Eric},
 title = {Communities of Practice: Addressing Workforce Trends Through New Learning Models},
 journal = {eLearn},
 issue_date = {April 2007},
 volume = {2007},
 number = {4},
 month = apr,
 year = {2007},
 issn = {1535-394X},
 pages = {2--},
 url = {http://doi.acm.org/10.1145/1266879.1266883},
 doi = {10.1145/1266879.1266883},
 acmid = {1266883},
 publisher = {ACM},
 address = {New York, NY, USA},
}

@article{Notess:2002:PHD:609732.609740,
 author = {Notess, Mark and Plaskoff, Josh},
 title = {Preliminary Heuristics for the Design and Evaluation of Online Communities of Practice Systems},
 journal = {eLearn},
 issue_date = {December 2002},
 volume = {2002},
 number = {12},
 month = dec,
 year = {2002},
 issn = {1535-394X},
 pages = {5--},
 url = {http://doi.acm.org/10.1145/609732.609740},
 doi = {10.1145/609732.609740},
 acmid = {609740},
 publisher = {ACM},
 address = {New York, NY, USA},
}

@article{St-Cyr:2018:HLC:3271652.3215842,
 author = {St-Cyr, Olivier and Jovanovic, Andrea and Chignell, Mark and MacDonald, Craig M. and Churchill, Elizabeth F.},
 title = {The HCI Living Curriculum As a Community of Practice},
 journal = {Interactions},
 issue_date = {September-October 2018},
 volume = {25},
 number = {5},
 month = aug,
 year = {2018},
 issn = {1072-5520},
 pages = {68--75},
 numpages = {8},
 url = {http://doi.acm.org/10.1145/3215842},
 doi = {10.1145/3215842},
 acmid = {3215842},
 publisher = {ACM},
 address = {New York, NY, USA},
}

@article{Cooper:2014:BVC:2594413.2594456,
 author = {Cooper, Steve and Grover, Shuchi and Simon, Beth},
 title = {Building a Virtual Community of Practice for K-12 CS Teachers},
 journal = {Commun. ACM},
 issue_date = {May 2014},
 volume = {57},
 number = {5},
 month = may,
 year = {2014},
 issn = {0001-0782},
 pages = {39--41},
 numpages = {3},
 url = {http://doi.acm.org/10.1145/2594456},
 doi = {10.1145/2594456},
 acmid = {2594456},
 publisher = {ACM},
 address = {New York, NY, USA},
}

@inproceedings{Halverson:2007:RTF:1599600.1599646,
 author = {Halverson, Erica},
 title = {Reality Television, Fan Behavior, and Online Communities of Practice},
 booktitle = {Proceedings of the 8th Iternational Conference on Computer Supported Collaborative Learning},
 series = {CSCL'07},
 year = {2007},
 isbn = {978-0-6151-5436-7},
 location = {New Brunswick, New Jersey, USA},
 pages = {244--246},
 numpages = {3},
 url = {http://dl.acm.org/citation.cfm?id=1599600.1599646},
 acmid = {1599646},
 publisher = {International Society of the Learning Sciences},
}

@inproceedings{Cocciolo:2007:USN:1599600.1599628,
 author = {Cocciolo, Anthony and Chae, Hui Soo and Natriello, Gary},
 title = {Using Social Network Analysis to Highlight an Emerging Online Community of Practice},
 booktitle = {Proceedings of the 8th Iternational Conference on Computer Supported Collaborative Learning},
 series = {CSCL'07},
 year = {2007},
 isbn = {978-0-6151-5436-7},
 location = {New Brunswick, New Jersey, USA},
 pages = {148--152},
 numpages = {5},
 url = {http://dl.acm.org/citation.cfm?id=1599600.1599628},
 acmid = {1599628},
 publisher = {International Society of the Learning Sciences},
}

@inproceedings{Astrachan:2015:CSP:2676723.2691868,
 author = {Astrachan, Owen and Diaz, Lien and Briggs, Amy and Trees, Fran and Kick, Richard},
 title = {Computer Science Principles: Expanding the Community (Abstract Only)},
 booktitle = {Proceedings of the 46th ACM Technical Symposium on Computer Science Education},
 series = {SIGCSE '15},
 year = {2015},
 isbn = {978-1-4503-2966-8},
 location = {Kansas City, Missouri, USA},
 pages = {697--697},
 numpages = {1},
 url = {http://doi.acm.org/10.1145/2676723.2691868},
 doi = {10.1145/2676723.2691868},
 acmid = {2691868},
 publisher = {ACM},
 address = {New York, NY, USA},
 keywords = {broadening participation, computer science principles, k-12 education},
}

@inproceedings{Raj:2018:BUC:3159450.3162192,
 author = {Raj, Rajendra K. and Parrish, Allen},
 title = {Bringing Up Cybersecurity Degree Programs: (Abstract Only)},
 booktitle = {Proceedings of the 49th ACM Technical Symposium on Computer Science Education},
 series = {SIGCSE '18},
 year = {2018},
 isbn = {978-1-4503-5103-4},
 location = {Baltimore, Maryland, USA},
 pages = {1063--1063},
 numpages = {1},
 url = {http://doi.acm.org/10.1145/3159450.3162192},
 doi = {10.1145/3159450.3162192},
 acmid = {3162192},
 publisher = {ACM},
 address = {New York, NY, USA},
 keywords = {computing education, cybersecurity education, degree program development, program accreditation},
}

@inproceedings{Zagalsky:2015:EGC:2675133.2675284,
 author = {Zagalsky, Alexey and Feliciano, Joseph and Storey, Margaret-Anne and Zhao, Yiyun and Wang, Weiliang},
 title = {The Emergence of GitHub As a Collaborative Platform for Education},
 booktitle = {Proceedings of the 18th ACM Conference on Computer Supported Cooperative Work \&\#38; Social Computing},
 series = {CSCW '15},
 year = {2015},
 isbn = {978-1-4503-2922-4},
 location = {Vancouver, BC, Canada},
 pages = {1906--1917},
 numpages = {12},
 url = {http://doi.acm.org/10.1145/2675133.2675284},
 doi = {10.1145/2675133.2675284},
 acmid = {2675284},
 publisher = {ACM},
 address = {New York, NY, USA},
 keywords = {cscl, cscw, distributed version control, education, github, learning, qualitative methodology, social media},
}

@inproceedings{Mattson:2012:ECT:2335755.2335855,
 author = {Mattson, David R. and Mashl, R. Jay and Wiziecki, Edee Norman},
 title = {Enhancing Chemistry Teaching and Learning Through Cyberinfrastructure},
 booktitle = {Proceedings of the 1st Conference of the Extreme Science and Engineering Discovery Environment: Bridging from the eXtreme to the Campus and Beyond},
 series = {XSEDE '12},
 year = {2012},
 isbn = {978-1-4503-1602-6},
 location = {Chicago, Illinois, USA},
 pages = {57:1--57:5},
 articleno = {57},
 numpages = {5},
 url = {http://doi.acm.org/10.1145/2335755.2335855},
 doi = {10.1145/2335755.2335855},
 acmid = {2335855},
 publisher = {ACM},
 address = {New York, NY, USA},
 keywords = {WebMO, blended-learning, chemistry, cloud, education, rural, student achievement, virtual machines},
}

@inproceedings{Guzdial:2006:IIL:1151588.1151597,
 author = {Guzdial, Mark and Tew, Allison Elliott},
 title = {Imagineering Inauthentic Legitimate Peripheral Participation: An Instructional Design Approach for Motivating Computing Education},
 booktitle = {Proceedings of the Second International Workshop on Computing Education Research},
 series = {ICER '06},
 year = {2006},
 isbn = {1-59593-494-4},
 location = {Canterbury, United Kingdom},
 pages = {51--58},
 numpages = {8},
 url = {http://doi.acm.org/10.1145/1151588.1151597},
 doi = {10.1145/1151588.1151597},
 acmid = {1151597},
 publisher = {ACM},
 address = {New York, NY, USA},
 keywords = {CS1/2, course design, non-majors, programming},
}

@inproceedings{DeLyser:2019:SSD:3287324.3287523,
 author = {DeLyser, Leigh Ann and Elder, Joshua and Peterfreund, Alan and Sexton, Stacey},
 title = {Special Session: A Discussion of Research Practice Partnerships in CS Education},
 booktitle = {Proceedings of the 50th ACM Technical Symposium on Computer Science Education},
 series = {SIGCSE '19},
 year = {2019},
 isbn = {978-1-4503-5890-3},
 location = {Minneapolis, MN, USA},
 pages = {655--656},
 numpages = {2},
 url = {http://doi.acm.org/10.1145/3287324.3287523},
 doi = {10.1145/3287324.3287523},
 acmid = {3287523},
 publisher = {ACM},
 address = {New York, NY, USA},
 keywords = {csforall, k12 cs education, research-practice partnership},
}

@inproceedings{Kutay:2006:UCP:1151869.1151886,
 author = {Kutay, Cat and Lister, Raymond},
 title = {Up Close and Pedagogical: Computing Academics Talk About Teaching},
 booktitle = {Proceedings of the 8th Australasian Conference on Computing Education - Volume 52},
 series = {ACE '06},
 year = {2006},
 isbn = {1-920682-34-1},
 location = {Hobart, Australia},
 pages = {125--134},
 numpages = {10},
 url = {http://dl.acm.org/citation.cfm?id=1151869.1151886},
 acmid = {1151886},
 publisher = {Australian Computer Society, Inc.},
 address = {Darlinghurst, Australia, Australia},
 keywords = {communities of practise, phenomenography, social constructivist learning},
}

@inproceedings{Knapp:2004:MCP:1013367.1013500,
 author = {Knapp, Michael B. and Dexter, Sara and McLaughlin, Robert},
 title = {Metadata Co-development: A Process Resulting in Metadata About Technical Assistance to Educators},
 booktitle = {Proceedings of the 13th International World Wide Web Conference on Alternate Track Papers \&Amp; Posters},
 series = {WWW Alt. '04},
 year = {2004},
 isbn = {1-58113-912-8},
 location = {New York, NY, USA},
 pages = {410--411},
 numpages = {2},
 url = {http://doi.acm.org/10.1145/1013367.1013500},
 doi = {10.1145/1013367.1013500},
 acmid = {1013500},
 publisher = {ACM},
 address = {New York, NY, USA},
 keywords = {RDF, education, metadata, resource cataloging, semantic web, technical assistance},
}

@inproceedings{Akin:2017:LCI:3155105.3155108,
 author = {Akin, David and Belgin, Mehmet and Bouvet, Timothy A. and Bright, Neil C. and Harrell, Stephen and Haymore, Brian and Jennings, Michael and Knepper, Rich and LaPine, Daniel and Liu, Fang Cherry and Maji, Amiya and Neeman, Henry and Reynolds, Resa and Sherman, Andrew H. and Showerman, Michael and Tillotson, Jenett and Towns, John and Turner, George and Zimmerman, Brett},
 title = {Linux Clusters Institute Workshops: Building the HPC and Research Computing Systems Professionals Workforce},
 booktitle = {Proceedings of the HPC Systems Professionals Workshop},
 series = {HPCSYSPROS'17},
 year = {2017},
 isbn = {978-1-4503-5128-7},
 location = {Denver, CO, USA},
 pages = {4:1--4:8},
 articleno = {4},
 numpages = {8},
 url = {http://doi.acm.org/10.1145/3155105.3155108},
 doi = {10.1145/3155105.3155108},
 acmid = {3155108},
 publisher = {ACM},
 address = {New York, NY, USA},
 keywords = {Linux Clusters, Training Initiatives, Workforce Development},
}

@inproceedings{Chang:2018:DOP:3159450.3159505,
 author = {Chang, Yunjeong and Cintron, Leslie and Cohoon, James P. and Tychonievich, Luther},
 title = {Diversity-focused Online Professional Development for Community College Computing Faculty: Participant Motivations and Perceptions},
 booktitle = {Proceedings of the 49th ACM Technical Symposium on Computer Science Education},
 series = {SIGCSE '18},
 year = {2018},
 isbn = {978-1-4503-5103-4},
 location = {Baltimore, Maryland, USA},
 pages = {783--788},
 numpages = {6},
 url = {http://doi.acm.org/10.1145/3159450.3159505},
 doi = {10.1145/3159450.3159505},
 acmid = {3159505},
 publisher = {ACM},
 address = {New York, NY, USA},
 keywords = {community college, diversity, in-service training, motivation, online course, perceptions, professional development},
}

@inproceedings{Morgan:2019:IEU:3287324.3293849,
 author = {Morgan, Becka},
 title = {Inclusive Experiences Using HFOSS in a Senior Computer Science Elective},
 booktitle = {Proceedings of the 50th ACM Technical Symposium on Computer Science Education},
 series = {SIGCSE '19},
 year = {2019},
 isbn = {978-1-4503-5890-3},
 location = {Minneapolis, MN, USA},
 pages = {1268--1268},
 numpages = {1},
 url = {http://doi.acm.org/10.1145/3287324.3293849},
 doi = {10.1145/3287324.3293849},
 acmid = {3293849},
 publisher = {ACM},
 address = {New York, NY, USA},
 keywords = {computing education, free and open source software, hfoss, humanitarian computing},
}

@inproceedings{Moher:2008:LPP:1599871.1599882,
 author = {Moher, Tom},
 title = {Learning and Participation in a Persistent Whole-classroom Seismology Simulation},
 booktitle = {Proceedings of the 8th International Conference on International Conference for the Learning Sciences - Volume 2},
 series = {ICLS'08},
 year = {2008},
 location = {Utrecht, The Netherlands},
 pages = {82--90},
 numpages = {9},
 url = {http://dl.acm.org/citation.cfm?id=1599871.1599882},
 acmid = {1599882},
 publisher = {International Society of the Learning Sciences},
}

@inproceedings{Johnson:2017:TCM:3017680.3017703,
 author = {Johnson, Chris},
 title = {Toward Computational Making with Madeup},
 booktitle = {Proceedings of the 2017 ACM SIGCSE Technical Symposium on Computer Science Education},
 series = {SIGCSE '17},
 year = {2017},
 isbn = {978-1-4503-4698-6},
 location = {Seattle, Washington, USA},
 pages = {297--302},
 numpages = {6},
 url = {http://doi.acm.org/10.1145/3017680.3017703},
 doi = {10.1145/3017680.3017703},
 acmid = {3017703},
 publisher = {ACM},
 address = {New York, NY, USA},
 keywords = {3D printing, computational making, logo},
}

@inproceedings{Polman:2008:SAM:1599936.1599990,
 author = {Polman, Joseph L. and Miller, Diane},
 title = {Sociocognitive Apprenticeship: Mediating Practices and Identities},
 booktitle = {Proceedings of the 8th International Conference on International Conference for the Learning Sciences - Volume 3},
 series = {ICLS'08},
 year = {2008},
 location = {Utrecht, The Netherlands},
 pages = {115--116},
 numpages = {2},
 url = {http://dl.acm.org/citation.cfm?id=1599936.1599990},
 acmid = {1599990},
 publisher = {International Society of the Learning Sciences},
}

@inproceedings{Pitt:2017:DTG:3078072.3079716,
 author = {Pitt, Caroline and Davis, Katie},
 title = {Designing Together?: Group Dynamics in Participatory Digital Badge Design with Teens},
 booktitle = {Proceedings of the 2017 Conference on Interaction Design and Children},
 series = {IDC '17},
 year = {2017},
 isbn = {978-1-4503-4921-5},
 location = {Stanford, California, USA},
 pages = {322--327},
 numpages = {6},
 url = {http://doi.acm.org/10.1145/3078072.3079716},
 doi = {10.1145/3078072.3079716},
 acmid = {3079716},
 publisher = {ACM},
 address = {New York, NY, USA},
 keywords = {case study, co-design, digital badges, participatory design, power dynamics, reflection-on-action},
}

@inproceedings{Parker:2016:SPS:2839509.2850544,
 author = {Parker, Rick},
 title = {Student Perceptions of Success in Computer Science Senior Capstone Projects (Abstract Only)},
 booktitle = {Proceedings of the 47th ACM Technical Symposium on Computing Science Education},
 series = {SIGCSE '16},
 year = {2016},
 isbn = {978-1-4503-3685-7},
 location = {Memphis, Tennessee, USA},
 pages = {689--689},
 numpages = {1},
 url = {http://doi.acm.org/10.1145/2839509.2850544},
 doi = {10.1145/2839509.2850544},
 acmid = {2850544},
 publisher = {ACM},
 address = {New York, NY, USA},
 keywords = {capstone, computer science education, student perceptions},
}

@article{Holz:2006:RMC:1189136.1189180,
 author = {Holz, Hilary J. and Applin, Anne and Haberman, Bruria and Joyce, Donald and Purchase, Helen and Reed, Catherine},
 title = {Research Methods in Computing: What Are They, and How Should We Teach Them?},
 journal = {SIGCSE Bull.},
 issue_date = {December 2006},
 volume = {38},
 number = {4},
 month = jun,
 year = {2006},
 issn = {0097-8418},
 pages = {96--114},
 numpages = {19},
 url = {http://doi.acm.org/10.1145/1189136.1189180},
 doi = {10.1145/1189136.1189180},
 acmid = {1189180},
 publisher = {ACM},
 address = {New York, NY, USA},
 keywords = {constructivism, learning activities, pedagogy, research methods, situated learning},
}

@inproceedings{Holz:2006:RMC:1189215.1189180,
 author = {Holz, Hilary J. and Applin, Anne and Haberman, Bruria and Joyce, Donald and Purchase, Helen and Reed, Catherine},
 title = {Research Methods in Computing: What Are They, and How Should We Teach Them?},
 booktitle = {Working Group Reports on ITiCSE on Innovation and Technology in Computer Science Education},
 series = {ITiCSE-WGR '06},
 year = {2006},
 isbn = {1-59593-603-3},
 location = {Bologna, Italy},
 pages = {96--114},
 numpages = {19},
 url = {http://doi.acm.org/10.1145/1189215.1189180},
 doi = {10.1145/1189215.1189180},
 acmid = {1189180},
 publisher = {ACM},
 address = {New York, NY, USA},
 keywords = {constructivism, learning activities, pedagogy, research methods, situated learning},
}

@inproceedings{Brennan:2009:SOC:1599503.1599529,
 author = {Brennan, Karen},
 title = {Scratch-Ed: An Online Community for Scratch Educators},
 booktitle = {Proceedings of the 9th International Conference on Computer Supported Collaborative Learning - Volume 2},
 series = {CSCL'09},
 year = {2009},
 isbn = {978-1-4092-8598-4},
 location = {Rhodes, Greece},
 pages = {76--78},
 numpages = {3},
 url = {http://dl.acm.org/citation.cfm?id=1599503.1599529},
 acmid = {1599529},
 publisher = {International Society of the Learning Sciences},
}

@inproceedings{St-Cyr:2019:ESG:3290607.3298994,
 author = {St-Cyr, Olivier and MacDonald, Craig M. and Churchill, Elizabeth F.},
 title = {EduCHI 2019 Symposium: Global Perspectives on HCI Education},
 booktitle = {Extended Abstracts of the 2019 CHI Conference on Human Factors in Computing Systems},
 series = {CHI EA '19},
 year = {2019},
 isbn = {978-1-4503-5971-9},
 location = {Glasgow, Scotland Uk},
 pages = {Sym03:1--Sym03:7},
 articleno = {Sym03},
 numpages = {7},
 url = {http://doi.acm.org/10.1145/3290607.3298994},
 doi = {10.1145/3290607.3298994},
 acmid = {3298994},
 publisher = {ACM},
 address = {New York, NY, USA},
 keywords = {education, educhi, global education, hci curriculum, hci education},
}

@inproceedings{Suzuki:1997:IFP:1599773.1599808,
 author = {Suzuki, Hideyuki and Kato, Hiroshi},
 title = {Identity Formation/Transformation As the Process of Collaborative Learning Through AlgoArena},
 booktitle = {Proceedings of the 2Nd International Conference on Computer Support for Collaborative Learning},
 series = {CSCL '97},
 year = {1997},
 location = {Toronto, Ontario, Canada},
 pages = {283--291},
 numpages = {9},
 url = {http://dl.acm.org/citation.cfm?id=1599773.1599808},
 acmid = {1599808},
 publisher = {International Society of the Learning Sciences},
 keywords = {identity, interaction analysis, situated learning, software education},
}

@inproceedings{Johri:2007:SPN:1599600.1599659,
 author = {Johri, Aditya},
 title = {The Socio-technical Process of Newcomer Participation: Lessons from a Field Study},
 booktitle = {Proceedings of the 8th Iternational Conference on Computer Supported Collaborative Learning},
 series = {CSCL'07},
 year = {2007},
 isbn = {978-0-6151-5436-7},
 location = {New Brunswick, New Jersey, USA},
 pages = {317--319},
 numpages = {3},
 url = {http://dl.acm.org/citation.cfm?id=1599600.1599659},
 acmid = {1599659},
 publisher = {International Society of the Learning Sciences},
}

@inproceedings{Neutens:2018:BCS:3159450.3159568,
 author = {Neutens, Tom and Wyffels, Francis},
 title = {Bringing Computer Science Education to Secondary School: A Teacher First Approach},
 booktitle = {Proceedings of the 49th ACM Technical Symposium on Computer Science Education},
 series = {SIGCSE '18},
 year = {2018},
 isbn = {978-1-4503-5103-4},
 location = {Baltimore, Maryland, USA},
 pages = {840--845},
 numpages = {6},
 url = {http://doi.acm.org/10.1145/3159450.3159568},
 doi = {10.1145/3159450.3159568},
 acmid = {3159568},
 publisher = {ACM},
 address = {New York, NY, USA},
 keywords = {computer science education, physical computing, stem education, teacher professional development},
}

@inproceedings{Andriessen:2007:TML:1599600.1599751,
 author = {Andriessen, Jerry and Schwarz, Baruch},
 title = {The Third Metaphor of Learning},
 booktitle = {Proceedings of the 8th Iternational Conference on Computer Supported Collaborative Learning},
 series = {CSCL'07},
 year = {2007},
 isbn = {978-0-6151-5436-7},
 location = {New Brunswick, New Jersey, USA},
 pages = {820--821},
 numpages = {2},
 url = {http://dl.acm.org/citation.cfm?id=1599600.1599751},
 acmid = {1599751},
 publisher = {International Society of the Learning Sciences},
}

@article{Soloway:1993:TE:155049.155053,
 author = {Soloway, Elliot},
 title = {Technology in Education (Introduction)},
 journal = {Commun. ACM},
 issue_date = {May 1993},
 volume = {36},
 number = {5},
 month = may,
 year = {1993},
 issn = {0001-0782},
 pages = {28--30},
 numpages = {3},
 url = {http://doi.acm.org/10.1145/155049.155053},
 doi = {10.1145/155049.155053},
 acmid = {155053},
 publisher = {ACM},
 address = {New York, NY, USA},
}

@article{Scardamalia:1993:TKD:155049.155056,
 author = {Scardamalia, Marlene and Bereiter, Carl},
 title = {Technologies for Knowledge-building Discourse},
 journal = {Commun. ACM},
 issue_date = {May 1993},
 volume = {36},
 number = {5},
 month = may,
 year = {1993},
 issn = {0001-0782},
 pages = {37--41},
 numpages = {5},
 url = {http://doi.acm.org/10.1145/155049.155056},
 doi = {10.1145/155049.155056},
 acmid = {155056},
 publisher = {ACM},
 address = {New York, NY, USA},
}

@inproceedings{Tzagarakis:2009:CAC:1599503.1599546,
 author = {Tzagarakis, Manolis and Gkotsis, George and Hatzitaskos, Markos and Karousos, Nikos and Karacapilidis, Nikos},
 title = {CoPe_It!: Argumentative Collaboration Towards Learning},
 booktitle = {Proceedings of the 9th International Conference on Computer Supported Collaborative Learning - Volume 2},
 series = {CSCL'09},
 year = {2009},
 isbn = {978-1-4092-8598-4},
 location = {Rhodes, Greece},
 pages = {126--128},
 numpages = {3},
 url = {http://dl.acm.org/citation.cfm?id=1599503.1599546},
 acmid = {1599546},
 publisher = {International Society of the Learning Sciences},
}

@inproceedings{Schreurs:2013:VSL:2460296.2460305,
 author = {Schreurs, Bieke and Teplovs, Chris and Ferguson, Rebecca and de Laat, Maarten and Buckingham Shum, Simon},
 title = {Visualizing Social Learning Ties by Type and Topic: Rationale and Concept Demonstrator},
 booktitle = {Proceedings of the Third International Conference on Learning Analytics and Knowledge},
 series = {LAK '13},
 year = {2013},
 isbn = {978-1-4503-1785-6},
 location = {Leuven, Belgium},
 pages = {33--37},
 numpages = {5},
 url = {http://doi.acm.org/10.1145/2460296.2460305},
 doi = {10.1145/2460296.2460305},
 acmid = {2460305},
 publisher = {ACM},
 address = {New York, NY, USA},
 keywords = {networked learning, social learning analytics, social network analysis, visualization},
}

@inproceedings{Razavi:2006:GTI:1180875.1180946,
 author = {Razavi, Maryam N. and Iverson, Lee},
 title = {A Grounded Theory of Information Sharing Behavior in a Personal Learning Space},
 booktitle = {Proceedings of the 2006 20th Anniversary Conference on Computer Supported Cooperative Work},
 series = {CSCW '06},
 year = {2006},
 isbn = {1-59593-249-6},
 location = {Banff, Alberta, Canada},
 pages = {459--468},
 numpages = {10},
 url = {http://doi.acm.org/10.1145/1180875.1180946},
 doi = {10.1145/1180875.1180946},
 acmid = {1180946},
 publisher = {ACM},
 address = {New York, NY, USA},
 keywords = {ePortfolio, grounded theory, information privacy, information sharing, user modeling, weblog},
}

@inproceedings{Hug:2017:LIY:3017680.3022435,
 author = {Hug, Sarah and Pontelli, Enrico and Cota, Raena and Eyerman, Suzanne},
 title = {Learning and Identity in YWIC: An Analysis of Program Implementation and Design As Promoting Agency in Computing (Abstract Only)},
 booktitle = {Proceedings of the 2017 ACM SIGCSE Technical Symposium on Computer Science Education},
 series = {SIGCSE '17},
 year = {2017},
 isbn = {978-1-4503-4698-6},
 location = {Seattle, Washington, USA},
 pages = {709--709},
 numpages = {1},
 url = {http://doi.acm.org/10.1145/3017680.3022435},
 doi = {10.1145/3017680.3022435},
 acmid = {3022435},
 publisher = {ACM},
 address = {New York, NY, USA},
 keywords = {computational thinking, equity, informal education},
}

@article{Applin:2008:CRM:1597849.1384379,
 author = {Applin, Anne G. and Holz, Hilary J.},
 title = {Computing Research Methods Multi-perspective Digital Library: A Call for Participation},
 journal = {SIGCSE Bull.},
 issue_date = {September 2008},
 volume = {40},
 number = {3},
 month = jun,
 year = {2008},
 issn = {0097-8418},
 pages = {337--337},
 numpages = {1},
 url = {http://doi.acm.org/10.1145/1597849.1384379},
 doi = {10.1145/1597849.1384379},
 acmid = {1384379},
 publisher = {ACM},
 address = {New York, NY, USA},
 keywords = {computing research methods, curricular issues, participatory design, scholar-produced digital resource},
}

@inproceedings{Applin:2008:CRM:1384271.1384379,
 author = {Applin, Anne G. and Holz, Hilary J.},
 title = {Computing Research Methods Multi-perspective Digital Library: A Call for Participation},
 booktitle = {Proceedings of the 13th Annual Conference on Innovation and Technology in Computer Science Education},
 series = {ITiCSE '08},
 year = {2008},
 isbn = {978-1-60558-078-4},
 location = {Madrid, Spain},
 pages = {337--337},
 numpages = {1},
 url = {http://doi.acm.org/10.1145/1384271.1384379},
 doi = {10.1145/1384271.1384379},
 acmid = {1384379},
 publisher = {ACM},
 address = {New York, NY, USA},
 keywords = {computing research methods, curricular issues, participatory design, scholar-produced digital resource},
}

@article{Pearlman:1993:DNA:155049.155058,
 author = {Pearlman, Robert},
 title = {Designing the New American Schools},
 journal = {Commun. ACM},
 issue_date = {May 1993},
 volume = {36},
 number = {5},
 month = may,
 year = {1993},
 issn = {0001-0782},
 pages = {46--49},
 numpages = {4},
 url = {http://doi.acm.org/10.1145/155049.155058},
 doi = {10.1145/155049.155058},
 acmid = {155058},
 publisher = {ACM},
 address = {New York, NY, USA},
}

@article{Hawkins:1993:TOS:155049.155054,
 author = {Hawkins, Jan},
 title = {Technology and the Organization of Schooling},
 journal = {Commun. ACM},
 issue_date = {May 1993},
 volume = {36},
 number = {5},
 month = may,
 year = {1993},
 issn = {0001-0782},
 pages = {30--35},
 numpages = {6},
 url = {http://doi.acm.org/10.1145/155049.155054},
 doi = {10.1145/155049.155054},
 acmid = {155054},
 publisher = {ACM},
 address = {New York, NY, USA},
}

@article{Anderson:1993:TIU:155049.155067,
 author = {Anderson, Ronald E.},
 title = {The Technology Infrastructure of U.S. Schools},
 journal = {Commun. ACM},
 issue_date = {May 1993},
 volume = {36},
 number = {5},
 month = may,
 year = {1993},
 issn = {0001-0782},
 pages = {72--73},
 numpages = {2},
 url = {http://doi.acm.org/10.1145/155049.155067},
 doi = {10.1145/155049.155067},
 acmid = {155067},
 publisher = {ACM},
 address = {New York, NY, USA},
}

@article{Braun:1993:HS:155049.155065,
 author = {Braun, Ludwig},
 title = {Help for All the Students},
 journal = {Commun. ACM},
 issue_date = {May 1993},
 volume = {36},
 number = {5},
 month = may,
 year = {1993},
 issn = {0001-0782},
 pages = {66--69},
 numpages = {4},
 url = {http://doi.acm.org/10.1145/155049.155065},
 doi = {10.1145/155049.155065},
 acmid = {155065},
 publisher = {ACM},
 address = {New York, NY, USA},
}

@article{George:1993:CEF:155049.155070,
 author = {George, Yolanda S. and Malcolm, Shirley M. and Jeffers, Laura},
 title = {Computer Equity for the Future},
 journal = {Commun. ACM},
 issue_date = {May 1993},
 volume = {36},
 number = {5},
 month = may,
 year = {1993},
 issn = {0001-0782},
 pages = {78--81},
 numpages = {4},
 url = {http://doi.acm.org/10.1145/155049.155070},
 doi = {10.1145/155049.155070},
 acmid = {155070},
 publisher = {ACM},
 address = {New York, NY, USA},
}

@article{Lidtke:1993:CSP:155049.155073,
 author = {Lidtke, Doris K. and Moursund, David},
 title = {Computers in Schools: Past, Present, and How We Can Change the Future},
 journal = {Commun. ACM},
 issue_date = {May 1993},
 volume = {36},
 number = {5},
 month = may,
 year = {1993},
 issn = {0001-0782},
 pages = {84--87},
 numpages = {4},
 url = {http://doi.acm.org/10.1145/155049.155073},
 doi = {10.1145/155049.155073},
 acmid = {155073},
 publisher = {ACM},
 address = {New York, NY, USA},
}

@article{Edwards:1993:LL:155049.155069,
 author = {Edwards, Carol},
 title = {Life-long Learning},
 journal = {Commun. ACM},
 issue_date = {May 1993},
 volume = {36},
 number = {5},
 month = may,
 year = {1993},
 issn = {0001-0782},
 pages = {76--78},
 numpages = {3},
 url = {http://doi.acm.org/10.1145/155049.155069},
 doi = {10.1145/155049.155069},
 acmid = {155069},
 publisher = {ACM},
 address = {New York, NY, USA},
}

@article{Perl:1993:ATF:155049.155072,
 author = {Perl, Teri},
 title = {ACM Task Force on K\&Ndash;12 Education and Technology},
 journal = {Commun. ACM},
 issue_date = {May 1993},
 volume = {36},
 number = {5},
 month = may,
 year = {1993},
 issn = {0001-0782},
 pages = {82--83},
 numpages = {2},
 url = {http://doi.acm.org/10.1145/155049.155072},
 doi = {10.1145/155049.155072},
 acmid = {155072},
 publisher = {ACM},
 address = {New York, NY, USA},
}

@article{Hawkins:1993:AT:155049.155068,
 author = {Hawkins, Jan and Frederiksen, John and Collins, Allan and Bennett, Dorothy and Collins, Elizabeth},
 title = {Assessment and Technology},
 journal = {Commun. ACM},
 issue_date = {May 1993},
 volume = {36},
 number = {5},
 month = may,
 year = {1993},
 issn = {0001-0782},
 pages = {74--76},
 numpages = {3},
 url = {http://doi.acm.org/10.1145/155049.155068},
 doi = {10.1145/155049.155068},
 acmid = {155068},
 publisher = {ACM},
 address = {New York, NY, USA},
}

@article{Pre-CollegeTaskForceComm.oftheEduc.BoardoftheACM:1993:AMH:155049.155074,
 author = {Pre-College Task Force Comm. of the Educ. Board of the ACM, CORPORATE},
 title = {ACM Model High School Computer Science Curriculum},
 journal = {Commun. ACM},
 issue_date = {May 1993},
 volume = {36},
 number = {5},
 month = may,
 year = {1993},
 issn = {0001-0782},
 pages = {87--90},
 numpages = {4},
 url = {http://doi.acm.org/10.1145/155049.155074},
 doi = {10.1145/155049.155074},
 acmid = {155074},
 publisher = {ACM},
 address = {New York, NY, USA},
}

@inproceedings{Martin:2008:RAP:1599871.1599876,
 author = {Martin, John and Mathews, James and Jan, Mingfong and Holden, Chris},
 title = {Restructuring Activity and Place: Augmented Reality Games on Handhelds},
 booktitle = {Proceedings of the 8th International Conference on International Conference for the Learning Sciences - Volume 2},
 series = {ICLS'08},
 year = {2008},
 location = {Utrecht, The Netherlands},
 pages = {35--42},
 numpages = {8},
 url = {http://dl.acm.org/citation.cfm?id=1599871.1599876},
 acmid = {1599876},
 publisher = {International Society of the Learning Sciences},
}

@inproceedings{Zagal:2008:GOP:1599871.1599933,
 author = {Zagal, Jos{\'e} P. and Bruckman, Amy},
 title = {The Game Ontology Project: Supporting Learning While Contributing Authentically to Game Studies},
 booktitle = {Proceedings of the 8th International Conference on International Conference for the Learning Sciences - Volume 2},
 series = {ICLS'08},
 year = {2008},
 location = {Utrecht, The Netherlands},
 pages = {499--506},
 numpages = {8},
 url = {http://dl.acm.org/citation.cfm?id=1599871.1599933},
 acmid = {1599933},
 publisher = {International Society of the Learning Sciences},
}

@article{Conn:1993:SS:155049.155071,
 author = {Conn, Coco},
 title = {SIGKids at SIGGRAPH},
 journal = {Commun. ACM},
 issue_date = {May 1993},
 volume = {36},
 number = {5},
 month = may,
 year = {1993},
 issn = {0001-0782},
 pages = {81--82},
 numpages = {2},
 url = {http://doi.acm.org/10.1145/155049.155071},
 doi = {10.1145/155049.155071},
 acmid = {155071},
 publisher = {ACM},
 address = {New York, NY, USA},
}

@article{Ruopp:1993:LAB:155049.155055,
 author = {Ruopp, Dick and Gal, Shahaf},
 title = {The LabNetwork},
 journal = {Commun. ACM},
 issue_date = {May 1993},
 volume = {36},
 number = {5},
 month = may,
 year = {1993},
 issn = {0001-0782},
 pages = {35--36},
 numpages = {2},
 url = {http://doi.acm.org/10.1145/155049.155055},
 doi = {10.1145/155049.155055},
 acmid = {155055},
 publisher = {ACM},
 address = {New York, NY, USA},
}

@article{Barron:1993:TEM:155049.155060,
 author = {Barron, Brigid and Kantor, Ronald J.},
 title = {Tools to Enhance Math Education: The Jasper Series},
 journal = {Commun. ACM},
 issue_date = {May 1993},
 volume = {36},
 number = {5},
 month = may,
 year = {1993},
 issn = {0001-0782},
 pages = {52--54},
 numpages = {3},
 url = {http://doi.acm.org/10.1145/155049.155060},
 doi = {10.1145/155049.155060},
 acmid = {155060},
 publisher = {ACM},
 address = {New York, NY, USA},
}

@inproceedings{Caviale:2009:TDL:1599503.1599531,
 author = {Caviale, Olivier and Bruillard, \'{E}ric},
 title = {Can Teachers' Discussion Lists Be a Tool for In-service Collaborative Learning? What Reveals a Three Years Analysis?},
 booktitle = {Proceedings of the 9th International Conference on Computer Supported Collaborative Learning - Volume 2},
 series = {CSCL'09},
 year = {2009},
 isbn = {978-1-4092-8598-4},
 location = {Rhodes, Greece},
 pages = {82--84},
 numpages = {3},
 url = {http://dl.acm.org/citation.cfm?id=1599503.1599531},
 acmid = {1599531},
 publisher = {International Society of the Learning Sciences},
}

@article{Schank:1993:LVM:155049.155061,
 author = {Schank, Roger C.},
 title = {Learning via Multimedia Computers},
 journal = {Commun. ACM},
 issue_date = {May 1993},
 volume = {36},
 number = {5},
 month = may,
 year = {1993},
 issn = {0001-0782},
 pages = {54--56},
 numpages = {3},
 url = {http://doi.acm.org/10.1145/155049.155061},
 doi = {10.1145/155049.155061},
 acmid = {155061},
 publisher = {ACM},
 address = {New York, NY, USA},
}

@article{Grant:1993:WCC:155049.155062,
 author = {Grant, Wayne C.},
 title = {Wireless Coyote: A Computer-supported Field Trip},
 journal = {Commun. ACM},
 issue_date = {May 1993},
 volume = {36},
 number = {5},
 month = may,
 year = {1993},
 issn = {0001-0782},
 pages = {57--59},
 numpages = {3},
 url = {http://doi.acm.org/10.1145/155049.155062},
 doi = {10.1145/155049.155062},
 acmid = {155062},
 publisher = {ACM},
 address = {New York, NY, USA},
}

@article{Becker:1993:TCS:155049.155066,
 author = {Becker, Henry Jay},
 title = {Teaching with and About Computers in Secondary Schools},
 journal = {Commun. ACM},
 issue_date = {May 1993},
 volume = {36},
 number = {5},
 month = may,
 year = {1993},
 issn = {0001-0782},
 pages = {69--72},
 numpages = {4},
 url = {http://doi.acm.org/10.1145/155049.155066},
 doi = {10.1145/155049.155066},
 acmid = {155066},
 publisher = {ACM},
 address = {New York, NY, USA},
}

@article{Newman:1993:SND:155049.155059,
 author = {Newman, Denis},
 title = {School Networks: Delivery or Access},
 journal = {Commun. ACM},
 issue_date = {May 1993},
 volume = {36},
 number = {5},
 month = may,
 year = {1993},
 issn = {0001-0782},
 pages = {49--51},
 numpages = {3},
 url = {http://doi.acm.org/10.1145/155049.155059},
 doi = {10.1145/155049.155059},
 acmid = {155059},
 publisher = {ACM},
 address = {New York, NY, USA},
}

@article{Hunter:1993:ICT:155049.155057,
 author = {Hunter, Beverly},
 title = {Internetworking: Coordinating Technology for Systemic Reform},
 journal = {Commun. ACM},
 issue_date = {May 1993},
 volume = {36},
 number = {5},
 month = may,
 year = {1993},
 issn = {0001-0782},
 pages = {42--46},
 numpages = {5},
 url = {http://doi.acm.org/10.1145/155049.155057},
 doi = {10.1145/155049.155057},
 acmid = {155057},
 publisher = {ACM},
 address = {New York, NY, USA},
}

@article{Pea:1993:CVP:155049.155063,
 author = {Pea, Roy D.},
 title = {The Collaborative Visualization Project},
 journal = {Commun. ACM},
 issue_date = {May 1993},
 volume = {36},
 number = {5},
 month = may,
 year = {1993},
 issn = {0001-0782},
 pages = {60--63},
 numpages = {4},
 url = {http://doi.acm.org/10.1145/155049.155063},
 doi = {10.1145/155049.155063},
 acmid = {155063},
 publisher = {ACM},
 address = {New York, NY, USA},
}

@article{Rubin:1993:VLT:155049.155064,
 author = {Rubin, Andee},
 title = {Video Laboratories: Tools for Scientific Investigation},
 journal = {Commun. ACM},
 issue_date = {May 1993},
 volume = {36},
 number = {5},
 month = may,
 year = {1993},
 issn = {0001-0782},
 pages = {64--65},
 numpages = {2},
 url = {http://doi.acm.org/10.1145/155049.155064},
 doi = {10.1145/155049.155064},
 acmid = {155064},
 publisher = {ACM},
 address = {New York, NY, USA},
}

