@inproceedings{Orsega:2011:TEU:1953163.1953205,
 author = {Orsega, Michael C. and Vander Zanden, Bradley T. and Skinner, Christopher H.},
 title = {Two Experiments Using Learning Rate to Evaluate an Experimenter Developed Tool for Splay Trees},
 booktitle = {Proceedings of the 42Nd ACM Technical Symposium on Computer Science Education},
 series = {SIGCSE '11},
 year = {2011},
 isbn = {978-1-4503-0500-6},
 location = {Dallas, TX, USA},
 pages = {135--140},
 numpages = {6},
 url = {http://doi.acm.org/10.1145/1953163.1953205},
 doi = {10.1145/1953163.1953205},
 acmid = {1953205},
 publisher = {ACM},
 address = {New York, NY, USA},
 keywords = {Sketchmate, feedback, learning rate, student learning},
}

