@article{Mani:2015:EUZ:2831373.2831382,
 author = {Mani, Murali and Uludag, Suleyman and Zolinski, Christopher},
 title = {On Evaluating the Use of Zachman Framework in Computer Science and Information Systems Classes},
 journal = {J. Comput. Sci. Coll.},
 issue_date = {October 2015},
 volume = {31},
 number = {1},
 month = oct,
 year = {2015},
 issn = {1937-4771},
 pages = {47--59},
 numpages = {13},
 url = {http://dl.acm.org/citation.cfm?id=2831373.2831382},
 acmid = {2831382},
 publisher = {Consortium for Computing Sciences in Colleges},
 address = {USA},
}

