@inproceedings{Marzouki:2013:MEE:2536853.2536862,
 author = {Marzouki, Ouiame Filali and Idrissi, Mohammed Khalidi and Bennani, Samir},
 title = {Mobile Education: Effective Integration of New Mobile Technologies into Existing Learning Systems Using MISA Method},
 booktitle = {Proceedings of International Conference on Advances in Mobile Computing \&\#38; Multimedia},
 series = {MoMM '13},
 year = {2013},
 isbn = {978-1-4503-2106-8},
 location = {Vienna, Austria},
 pages = {567:567--567:575},
 articleno = {567},
 numpages = {9},
 url = {http://doi.acm.org/10.1145/2536853.2536862},
 doi = {10.1145/2536853.2536862},
 acmid = {2536862},
 publisher = {ACM},
 address = {New York, NY, USA},
 keywords = {Method for engineering learning systems MISA, Mobile Learning, connectivism, e-Learning, learning activities, pedagogical scenario},
}

@inproceedings{Zhu:2016:LEP:2883851.2883934,
 author = {Zhu, Mengxiao and Bergner, Yoav and Zhang, Yan and Baker, Ryan and Wang, Yuan and Paquette, Luc},
 title = {Longitudinal Engagement, Performance, and Social Connectivity: A MOOC Case Study Using Exponential Random Graph Models},
 booktitle = {Proceedings of the Sixth International Conference on Learning Analytics \& Knowledge},
 series = {LAK '16},
 year = {2016},
 isbn = {978-1-4503-4190-5},
 location = {Edinburgh, United Kingdom},
 pages = {223--230},
 numpages = {8},
 url = {http://doi.acm.org/10.1145/2883851.2883934},
 doi = {10.1145/2883851.2883934},
 acmid = {2883934},
 publisher = {ACM},
 address = {New York, NY, USA},
 keywords = {ERGM, MOOC, exponential random graph model, forum participation, learning, network analysis},
}

@inproceedings{Filva:2014:EMP:2669711.2669930,
 author = {Filv\`{a}, Daniel Amo and Guerrero, Mar\'{\i}a Jos{\'e} Casany and Forment, Marc Alier},
 title = {The Effects of Massiveness on the Participation in Social Technologies: A MOOC in Secondary Education},
 booktitle = {Proceedings of the Second International Conference on Technological Ecosystems for Enhancing Multiculturality},
 series = {TEEM '14},
 year = {2014},
 isbn = {978-1-4503-2896-8},
 location = {Salamanca, Spain},
 pages = {397--402},
 numpages = {6},
 url = {http://doi.acm.org/10.1145/2669711.2669930},
 doi = {10.1145/2669711.2669930},
 acmid = {2669930},
 publisher = {ACM},
 address = {New York, NY, USA},
 keywords = {MOOC, online learning, secondary education, social technologies},
}

@inproceedings{Celina:2016:SMM:2901790.2901848,
 author = {Celina, Hanna and Kharrufa, Ahmed and Preston, Anne and Comber, Rob and Olivier, Patrick},
 title = {SOLE Meets MOOC: Designing Infrastructure for Online Self-organised Learning with a Social Mission},
 booktitle = {Proceedings of the 2016 ACM Conference on Designing Interactive Systems},
 series = {DIS '16},
 year = {2016},
 isbn = {978-1-4503-4031-1},
 location = {Brisbane, QLD, Australia},
 pages = {484--496},
 numpages = {13},
 url = {http://doi.acm.org/10.1145/2901790.2901848},
 doi = {10.1145/2901790.2901848},
 acmid = {2901848},
 publisher = {ACM},
 address = {New York, NY, USA},
 keywords = {activism, civic education, civic engagement, e-learning, mooc, online learning, sole},
}

@inproceedings{Yu:2013:DIM:2539150.2539241,
 author = {Yu, Meng and Wang, Jiajun},
 title = {The Design and Implementation of a Mobile Massive Open Online Courses Platform},
 booktitle = {Proceedings of International Conference on Information Integration and Web-based Applications \&\#38; Services},
 series = {IIWAS '13},
 year = {2013},
 isbn = {978-1-4503-2113-6},
 location = {Vienna, Austria},
 pages = {663:663--663:666},
 articleno = {663},
 numpages = {4},
 url = {http://doi.acm.org/10.1145/2539150.2539241},
 doi = {10.1145/2539150.2539241},
 acmid = {2539241},
 publisher = {ACM},
 address = {New York, NY, USA},
 keywords = {MOOC, Mobile Learning, Multi-streaming, WeCast platform},
}

@inproceedings{Ferguson:2015:EEA:2723576.2723606,
 author = {Ferguson, Rebecca and Clow, Doug},
 title = {Examining Engagement: Analysing Learner Subpopulations in Massive Open Online Courses (MOOCs)},
 booktitle = {Proceedings of the Fifth International Conference on Learning Analytics And Knowledge},
 series = {LAK '15},
 year = {2015},
 isbn = {978-1-4503-3417-4},
 location = {Poughkeepsie, New York},
 pages = {51--58},
 numpages = {8},
 url = {http://doi.acm.org/10.1145/2723576.2723606},
 doi = {10.1145/2723576.2723606},
 acmid = {2723606},
 publisher = {ACM},
 address = {New York, NY, USA},
 keywords = {MOOCs, learner engagement patterns, learning analytics},
}

@inproceedings{Milligan:2015:CLM:2723576.2723596,
 author = {Milligan, Sandra},
 title = {Crowd-sourced Learning in MOOCs: Learning Analytics Meets Measurement Theory},
 booktitle = {Proceedings of the Fifth International Conference on Learning Analytics And Knowledge},
 series = {LAK '15},
 year = {2015},
 isbn = {978-1-4503-3417-4},
 location = {Poughkeepsie, New York},
 pages = {151--155},
 numpages = {5},
 url = {http://doi.acm.org/10.1145/2723576.2723596},
 doi = {10.1145/2723576.2723596},
 acmid = {2723596},
 publisher = {ACM},
 address = {New York, NY, USA},
 keywords = {21st century skills, MOOC, analytics tools, collaborative learning, crowd-sourced learning, learner performance, learning analytics, learning progression, measurement theory, on-line forums, rasch analysis},
}

@inproceedings{Minga-Vallejo:2016:OIS:3012430.3012667,
 author = {Minga-Vallejo, Ruth-Elizabeth and Ram\'{\i}rez-Montoya, Mar\'{\i}a-Soledad and Rodr\'{\i}guez-Conde, Mar\'{\i}a-Jos{\'e}},
 title = {Open Innovation and Social Construction Through MOOCs of Energy Sustainability: Contributions from Theoretical Foundation},
 booktitle = {Proceedings of the Fourth International Conference on Technological Ecosystems for Enhancing Multiculturality},
 series = {TEEM '16},
 year = {2016},
 isbn = {978-1-4503-4747-1},
 location = {Salamanca, Spain},
 pages = {1183--1188},
 numpages = {6},
 url = {http://doi.acm.org/10.1145/3012430.3012667},
 doi = {10.1145/3012430.3012667},
 acmid = {3012667},
 publisher = {ACM},
 address = {New York, NY, USA},
 keywords = {MOOC, communication, evaluation of social learning, interaction, social construction of learning},
}

@inproceedings{Kizilcec:2013:DDA:2460296.2460330,
 author = {Kizilcec, Ren{\'e} F. and Piech, Chris and Schneider, Emily},
 title = {Deconstructing Disengagement: Analyzing Learner Subpopulations in Massive Open Online Courses},
 booktitle = {Proceedings of the Third International Conference on Learning Analytics and Knowledge},
 series = {LAK '13},
 year = {2013},
 isbn = {978-1-4503-1785-6},
 location = {Leuven, Belgium},
 pages = {170--179},
 numpages = {10},
 url = {http://doi.acm.org/10.1145/2460296.2460330},
 doi = {10.1145/2460296.2460330},
 acmid = {2460330},
 publisher = {ACM},
 address = {New York, NY, USA},
 keywords = {MOOCs, learner engagement patterns, learning analytics},
}

@article{Dobroth:2000:OWS:333329.333333,
 author = {Dobroth, Kate and McInerney, Paul and Smith, Sharon},
 title = {Organizing Web Site Information: Principles and Practical Experience},
 journal = {SIGCHI Bull.},
 issue_date = {Jan. 2000},
 volume = {32},
 number = {1},
 month = jan,
 year = {2000},
 issn = {0736-6906},
 pages = {23--26},
 numpages = {4},
 url = {http://doi.acm.org/10.1145/333329.333333},
 doi = {10.1145/333329.333333},
 acmid = {333333},
 publisher = {ACM},
 address = {New York, NY, USA},
}

@inproceedings{Spyropoulou:2013:ECE:2491845.2491882,
 author = {Spyropoulou, Maria and Ntourou, Dimitra and Simaki, Vasiliki and Malagkoniari, Dionysia and Koumpouri, Athanasia and Sorra, Maria},
 title = {Evaluating the Correspondence of Educational Software to Learning Theories},
 booktitle = {Proceedings of the 17th Panhellenic Conference on Informatics},
 series = {PCI '13},
 year = {2013},
 isbn = {978-1-4503-1969-0},
 location = {Thessaloniki, Greece},
 pages = {250--257},
 numpages = {8},
 url = {http://doi.acm.org/10.1145/2491845.2491882},
 doi = {10.1145/2491845.2491882},
 acmid = {2491882},
 publisher = {ACM},
 address = {New York, NY, USA},
 keywords = {behaviorism, cognitivism, constructivism, educational software, educational websites, evaluation, instructional design, learning theories, online learning},
}

@inproceedings{Kibuku:2018:FET:3283458.3283492,
 author = {Kibuku, Rachael Njeri and Ochieng, Daniel Orwa},
 title = {Formulating an e-Learning Theory: A Grounded Theory Approach},
 booktitle = {Proceedings of the Second African Conference for Human Computer Interaction: Thriving Communities},
 series = {AfriCHI '18},
 year = {2018},
 isbn = {978-1-4503-6558-1},
 location = {Windhoek, Namibia},
 pages = {37:1--37:5},
 articleno = {37},
 numpages = {5},
 url = {http://doi.acm.org/10.1145/3283458.3283492},
 doi = {10.1145/3283458.3283492},
 acmid = {3283492},
 publisher = {ACM},
 address = {New York, NY, USA},
 keywords = {connectivism, e-learning, learning, pedagogy, theory},
}

@inproceedings{Luo:2018:CCU:3207677.3277920,
 author = {Luo, Yong and Zhou, Guochang and Li, Jianping},
 title = {Comparing the Chinese University MOOC Platform to the Three Major MOOC Players},
 booktitle = {Proceedings of the 2Nd International Conference on Computer Science and Application Engineering},
 series = {CSAE '18},
 year = {2018},
 isbn = {978-1-4503-6512-3},
 location = {Hohhot, China},
 pages = {143:1--143:5},
 articleno = {143},
 numpages = {5},
 url = {http://doi.acm.org/10.1145/3207677.3277920},
 doi = {10.1145/3207677.3277920},
 acmid = {3277920},
 publisher = {ACM},
 address = {New York, NY, USA},
 keywords = {Comparison, MOOC, MOOC Platform},
}

@article{Stafford:2014:CIU:2687917.2687010,
 author = {Stafford, Timothy},
 title = {Creating Instruction for Ubiquitous Learners: Three Paradigm Shifts That Are Changing the Foundations of Instructional Design},
 journal = {eLearn},
 issue_date = {11-01-2014},
 volume = {2014},
 number = {11},
 month = nov,
 year = {2014},
 issn = {1535-394X},
 articleno = {2},
 url = {http://dl.acm.org/citation.cfm?id=2687917.2687010},
 acmid = {2687010},
 publisher = {ACM},
 address = {New York, NY, USA},
}

@inproceedings{Sharples:2016:EPS:2876034.2896321,
 author = {Sharples, Mike},
 title = {Effective Pedagogy at Scale: Social Learning and Citizen Inquiry},
 booktitle = {Proceedings of the Third (2016) ACM Conference on Learning @ Scale},
 series = {L@S '16},
 year = {2016},
 isbn = {978-1-4503-3726-7},
 location = {Edinburgh, Scotland, UK},
 pages = {339--340},
 numpages = {2},
 url = {http://doi.acm.org/10.1145/2876034.2896321},
 doi = {10.1145/2876034.2896321},
 acmid = {2896321},
 publisher = {ACM},
 address = {New York, NY, USA},
}

@inproceedings{Absar:2016:LOI:2872518.2890458,
 author = {Absar, Rafa and Gruzd, Anatoliy and Haythornthwaite, Caroline and Paulin, Drew},
 title = {Linking Online Identities and Content in Connectivist MOOCs Across Multiple Social Media Platforms},
 booktitle = {Proceedings of the 25th International Conference Companion on World Wide Web},
 series = {WWW '16 Companion},
 year = {2016},
 isbn = {978-1-4503-4144-8},
 location = {Montr\&\#233;al, Qu\&\#233;bec, Canada},
 pages = {483--488},
 numpages = {6},
 url = {https://doi.org/10.1145/2872518.2890458},
 doi = {10.1145/2872518.2890458},
 acmid = {2890458},
 publisher = {International World Wide Web Conferences Steering Committee},
 address = {Republic and Canton of Geneva, Switzerland},
 keywords = {connectivism, learning, moocs., social media, social networks},
}

@inproceedings{Magalong:2019:EFC:3306500.3306540,
 author = {Magalong, Salvador John M. and Palomar, Brando C.},
 title = {Effects of Flipped Classroom Approach Using Gooru Learning Management System on Students' Physics Achievement},
 booktitle = {Proceedings of the 10th International Conference on E-Education, E-Business, E-Management and E-Learning},
 series = {IC4E '19},
 year = {2019},
 isbn = {978-1-4503-6602-1},
 location = {Tokyo, Japan},
 pages = {75--78},
 numpages = {4},
 url = {http://doi.acm.org/10.1145/3306500.3306540},
 doi = {10.1145/3306500.3306540},
 acmid = {3306540},
 publisher = {ACM},
 address = {New York, NY, USA},
 keywords = {flipped classroom, learning management system, physics achievement, teaching of physics},
}

@inproceedings{Poquet:2017:EYF:3027385.3027404,
 author = {Poquet, Oleksandra and Dawson, Shane and Dowell, Nia},
 title = {How Effective is Your Facilitation?: Group-level Analytics of MOOC Forums},
 booktitle = {Proceedings of the Seventh International Learning Analytics \&\#38; Knowledge Conference},
 series = {LAK '17},
 year = {2017},
 isbn = {978-1-4503-4870-6},
 location = {Vancouver, British Columbia, Canada},
 pages = {208--217},
 numpages = {10},
 url = {http://doi.acm.org/10.1145/3027385.3027404},
 doi = {10.1145/3027385.3027404},
 acmid = {3027404},
 publisher = {ACM},
 address = {New York, NY, USA},
 keywords = {ERGM, MOOCs, facilitation, forum, indicators of social activity},
}

@inproceedings{daSilva:2015:BSE:2808580.2808635,
 author = {da Silva, Armando Pereira},
 title = {B-learning in the School of Education at the Polytechnic Institute of Porto},
 booktitle = {Proceedings of the 3rd International Conference on Technological Ecosystems for Enhancing Multiculturality},
 series = {TEEM '15},
 year = {2015},
 isbn = {978-1-4503-3442-6},
 location = {Porto, Portugal},
 pages = {343--348},
 numpages = {6},
 url = {http://doi.acm.org/10.1145/2808580.2808635},
 doi = {10.1145/2808580.2808635},
 acmid = {2808635},
 publisher = {ACM},
 address = {New York, NY, USA},
 keywords = {collaborative learning, connectivism, interaction, motivation, virtual learning environment},
}

@inproceedings{Tomkin:2014:PMU:2556325.2566245,
 author = {Tomkin, Jonathan H. and Charlevoix, Donna},
 title = {Do Professors Matter?: Using an a/B Test to Evaluate the Impact of Instructor Involvement on MOOC Student Outcomes},
 booktitle = {Proceedings of the First ACM Conference on Learning @ Scale Conference},
 series = {L@S '14},
 year = {2014},
 isbn = {978-1-4503-2669-8},
 location = {Atlanta, Georgia, USA},
 pages = {71--78},
 numpages = {8},
 url = {http://doi.acm.org/10.1145/2556325.2566245},
 doi = {10.1145/2556325.2566245},
 acmid = {2566245},
 publisher = {ACM},
 address = {New York, NY, USA},
 keywords = {a/b testing, collaborative learning., mooc},
}

@inproceedings{Garcia:2017:DIM:3144826.3145431,
 author = {Garc\'{\i}a, Concepci\'{o}n Bueno and Artur, Clara Ubieto and Ubieto-Artur, Isabel and Ara, Lola Hern\'{a}ndez and Guill{\'e}n, Pedro Bueso and Blanco, \'{A}ngel Fidalgo and Lacleta, M\textordfeminine Luisa Sein-Echaluce},
 title = {Designing and Implementing a Massive Open Online Course: Lessons Learnt},
 booktitle = {Proceedings of the 5th International Conference on Technological Ecosystems for Enhancing Multiculturality},
 series = {TEEM 2017},
 year = {2017},
 isbn = {978-1-4503-5386-1},
 location = {C\&aacute;diz, Spain},
 pages = {81:1--81:6},
 articleno = {81},
 numpages = {6},
 url = {http://doi.acm.org/10.1145/3144826.3145431},
 doi = {10.1145/3144826.3145431},
 acmid = {3145431},
 publisher = {ACM},
 address = {New York, NY, USA},
 keywords = {Intellectual property, MOOC design, MOOC implementation, e-learning},
}

@inproceedings{Sein-Echaluce:2018:MCU:3284179.3284314,
 author = {Sein-Echaluce, Ma Luisa and Fidalgo-Blanco, \'{A}ngel and Artur, Clara Ubieto and Artur, Isabel Ubieto and Ara, Lola Hern\'{a}ndez and Guill{\'e}n, Pedro Bueso and Garc\'{\i}a, Concepci\'{o}n Bueno},
 title = {MOOC on the Correct Use of the Intellectual Property in Academic Environments},
 booktitle = {Proceedings of the Sixth International Conference on Technological Ecosystems for Enhancing Multiculturality},
 series = {TEEM'18},
 year = {2018},
 isbn = {978-1-4503-6518-5},
 location = {Salamanca, Spain},
 pages = {691--697},
 numpages = {7},
 url = {http://doi.acm.org/10.1145/3284179.3284314},
 doi = {10.1145/3284179.3284314},
 acmid = {3284314},
 publisher = {ACM},
 address = {New York, NY, USA},
 keywords = {Intellectual property, Massive Open Online Course, e-learning},
}

@inproceedings{Joksimovic:2015:CPT:2723576.2723609,
 author = {Joksimovi\'{c}, Sre\'{c}ko and Kovanovi\'{c}, Vitomir and Jovanovi\'{c}, Jelena and Zouaq, Amal and Ga\v{s}evi\'{c}, Dragan and Hatala, Marek},
 title = {What Do cMOOC Participants Talk About in Social Media?: A Topic Analysis of Discourse in a cMOOC},
 booktitle = {Proceedings of the Fifth International Conference on Learning Analytics And Knowledge},
 series = {LAK '15},
 year = {2015},
 isbn = {978-1-4503-3417-4},
 location = {Poughkeepsie, New York},
 pages = {156--165},
 numpages = {10},
 url = {http://doi.acm.org/10.1145/2723576.2723609},
 doi = {10.1145/2723576.2723609},
 acmid = {2723609},
 publisher = {ACM},
 address = {New York, NY, USA},
 keywords = {SNA, cMOOC, connectivism, content analysis},
}

@inproceedings{Knight:2013:EPA:2460296.2460312,
 author = {Knight, Simon and Buckingham Shum, Simon and Littleton, Karen},
 title = {Epistemology, Pedagogy, Assessment and Learning Analytics},
 booktitle = {Proceedings of the Third International Conference on Learning Analytics and Knowledge},
 series = {LAK '13},
 year = {2013},
 isbn = {978-1-4503-1785-6},
 location = {Leuven, Belgium},
 pages = {75--84},
 numpages = {10},
 url = {http://doi.acm.org/10.1145/2460296.2460312},
 doi = {10.1145/2460296.2460312},
 acmid = {2460312},
 publisher = {ACM},
 address = {New York, NY, USA},
 keywords = {discourse analytics, educational assessment, epistemology, learning analytics, pedagogy, social learning analytics},
}

@inproceedings{Guo:2019:REM:3338147.3338159,
 author = {Guo, Dongpo and Li, Qing and Liu, Sanya and Chai, Huanyou},
 title = {Research on the Ecology Model of Crowdfunding and Crowdsourcing for Digital Education Service and Its Applications in China},
 booktitle = {Proceedings of the 2019 4th International Conference on Distance Education and Learning},
 series = {ICDEL 2019},
 year = {2019},
 isbn = {978-1-4503-6265-8},
 location = {Shanghai, China},
 pages = {147--152},
 numpages = {6},
 url = {http://doi.acm.org/10.1145/3338147.3338159},
 doi = {10.1145/3338147.3338159},
 acmid = {3338159},
 publisher = {ACM},
 address = {New York, NY, USA},
 keywords = {Block chain, Crowdfunding and Crowdsourcing, Digital education service, Ecology model},
}

@inproceedings{Fernandez-Gutierrezdelalamo:2018:UHI:3284179.3284297,
 author = {Fern\'{a}ndez-Guti{\'e}rrezdelalamo, Luis and Bolonio, David and Izquierdo-D\'{\i}az, Miguel and Barrio-Parra, Fernando and Mazadiego, Luis Felipe and Fidalgo-Blanco, \'{A}ngel},
 title = {The Use of Heterogeneity to Improve the Learning Process of Large Groups of Students},
 booktitle = {Proceedings of the Sixth International Conference on Technological Ecosystems for Enhancing Multiculturality},
 series = {TEEM'18},
 year = {2018},
 isbn = {978-1-4503-6518-5},
 location = {Salamanca, Spain},
 pages = {794--798},
 numpages = {5},
 url = {http://doi.acm.org/10.1145/3284179.3284297},
 doi = {10.1145/3284179.3284297},
 acmid = {3284297},
 publisher = {ACM},
 address = {New York, NY, USA},
 keywords = {Adaptive, Cooperative, Heterogeneous, Learning, Technology},
}

@inproceedings{Marchena:2016:PMM:3012430.3012619,
 author = {Marchena, Silmara and Morales-Morgado, Erla M. and Izquierdo, Vanessa},
 title = {Potential of the MOOC of Mir\'{I}adaX for the Formation of Learning Communities},
 booktitle = {Proceedings of the Fourth International Conference on Technological Ecosystems for Enhancing Multiculturality},
 series = {TEEM '16},
 year = {2016},
 isbn = {978-1-4503-4747-1},
 location = {Salamanca, Spain},
 pages = {865--871},
 numpages = {7},
 url = {http://doi.acm.org/10.1145/3012430.3012619},
 doi = {10.1145/3012430.3012619},
 acmid = {3012619},
 publisher = {ACM},
 address = {New York, NY, USA},
 keywords = {collaborative construction of knowledge, forums interactions, massive online open courses, online learning communities},
}

@inproceedings{Gammill:1990:TWE:99186.99224,
 author = {Gammill, Susan},
 title = {Tomorrow the World: Establishing an Internet Connection at a Small College},
 booktitle = {Proceedings of the 18th Annual ACM SIGUCCS Conference on User Services},
 series = {SIGUCCS '90},
 year = {1990},
 isbn = {0-89791-406-6},
 location = {Cincinnati, Ohio, USA},
 pages = {137--140},
 numpages = {4},
 url = {http://doi.acm.org/10.1145/99186.99224},
 doi = {10.1145/99186.99224},
 acmid = {99224},
 publisher = {ACM},
 address = {New York, NY, USA},
}

@inproceedings{Chunhui:2018:CAM:3231848.3231882,
 author = {Chunhui, Song and Shulei, Wu and Huandong, Chen},
 title = {The Construction and Application of MAER Textbook in the Era of Internet + Education},
 booktitle = {Proceedings of the 2018 International Conference on Distance Education and Learning},
 series = {ICDEL '18},
 year = {2018},
 isbn = {978-1-4503-6431-7},
 location = {Beijing, China},
 pages = {136--139},
 numpages = {4},
 url = {http://doi.acm.org/10.1145/3231848.3231882},
 doi = {10.1145/3231848.3231882},
 acmid = {3231882},
 publisher = {ACM},
 address = {New York, NY, USA},
 keywords = {MAER textbook, blended learning, mobile learning, open courses, the flipped classroom},
}

@inproceedings{Leris:2016:RAL:3012430.3012618,
 author = {Ler\'{\i}s, Dolores and Sein-Echaluce, Mar\'{\i}a Luisa and Hern\'{a}ndez, Miguel and Fidalgo-Blanco, \'{A}ngel},
 title = {Relation Between Adaptive Learning Actions and Profiles of MOOCs Users},
 booktitle = {Proceedings of the Fourth International Conference on Technological Ecosystems for Enhancing Multiculturality},
 series = {TEEM '16},
 year = {2016},
 isbn = {978-1-4503-4747-1},
 location = {Salamanca, Spain},
 pages = {857--863},
 numpages = {7},
 url = {http://doi.acm.org/10.1145/3012430.3012618},
 doi = {10.1145/3012430.3012618},
 acmid = {3012618},
 publisher = {ACM},
 address = {New York, NY, USA},
 keywords = {MOOC, adaptive learning, distance learning, open education},
}

@inproceedings{Hellas:2018:PAP:3293881.3295783,
 author = {Hellas, Arto and Ihantola, Petri and Petersen, Andrew and Ajanovski, Vangel V. and Gutica, Mirela and Hynninen, Timo and Knutas, Antti and Leinonen, Juho and Messom, Chris and Liao, Soohyun Nam},
 title = {Predicting Academic Performance: A Systematic Literature Review},
 booktitle = {Proceedings Companion of the 23rd Annual ACM Conference on Innovation and Technology in Computer Science Education},
 series = {ITiCSE 2018 Companion},
 year = {2018},
 isbn = {978-1-4503-6223-8},
 location = {Larnaca, Cyprus},
 pages = {175--199},
 numpages = {25},
 url = {http://doi.acm.org/10.1145/3293881.3295783},
 doi = {10.1145/3293881.3295783},
 acmid = {3295783},
 publisher = {ACM},
 address = {New York, NY, USA},
 keywords = {analytics, educational data mining, learning analytics, literature review, mapping study, performance, prediction},
}

@inproceedings{Santos:2013:MPD:2503848.2503852,
 author = {Santos, Tiago and Costa, Carlos J. and Aparicio, Manuela},
 title = {METAVERSIA: A Proposal for a Drupal Based MOOC Publisher},
 booktitle = {Proceedings of the Workshop on Open Source and Design of Communication},
 series = {OSDOC '13},
 year = {2013},
 isbn = {978-1-4503-2255-3},
 location = {Lisbon, Portugal},
 pages = {25--32},
 numpages = {8},
 url = {http://doi.acm.org/10.1145/2503848.2503852},
 doi = {10.1145/2503848.2503852},
 acmid = {2503852},
 publisher = {ACM},
 address = {New York, NY, USA},
 keywords = {Drupal, OpenCourseWare, e-learning, massive open online courses, open education resources},
}

@inproceedings{Behnke:2016:CSP:2960310.2960336,
 author = {Behnke, Kara Alexandra and Kos, Brittany Ann and Bennett, John K.},
 title = {Computer Science Principles: Impacting Student Motivation \&\#38; Learning Within and Beyond the Classroom},
 booktitle = {Proceedings of the 2016 ACM Conference on International Computing Education Research},
 series = {ICER '16},
 year = {2016},
 isbn = {978-1-4503-4449-4},
 location = {Melbourne, VIC, Australia},
 pages = {171--180},
 numpages = {10},
 url = {http://doi.acm.org/10.1145/2960310.2960336},
 doi = {10.1145/2960310.2960336},
 acmid = {2960336},
 publisher = {ACM},
 address = {New York, NY, USA},
 keywords = {computational thinking, computer science principles, connectivism, constructionism, learning outcomes., motivation, self-determination theory, self-directed learning},
}

@article{Gualtieri:2009:FQG:1595384.1592458,
 author = {Gualtieri, Lisa Neal},
 title = {Five Questions ... For George Siemens},
 journal = {eLearn},
 issue_date = {April 2009},
 volume = {2009},
 number = {4},
 month = apr,
 year = {2009},
 issn = {1535-394X},
 articleno = {3},
 url = {http://doi.acm.org/10.1145/1595384.1592458},
 doi = {10.1145/1595384.1592458},
 acmid = {1592458},
 publisher = {ACM},
 address = {New York, NY, USA},
}

@inproceedings{Alario-Hoyos:2014:RDD:2669711.2669931,
 author = {Alario-Hoyos, Carlos and P{\'e}rez-Sanagust\'{\i}n, Mar and Kloos, Carlos Delgado and Mu\~{n}oz-Merino, Pedro J.},
 title = {Recommendations for the Design and Deployment of MOOCs: Insights About the MOOC Digital Education of the Future Deployed in Mir\'{I}adaX},
 booktitle = {Proceedings of the Second International Conference on Technological Ecosystems for Enhancing Multiculturality},
 series = {TEEM '14},
 year = {2014},
 isbn = {978-1-4503-2896-8},
 location = {Salamanca, Spain},
 pages = {403--408},
 numpages = {6},
 url = {http://doi.acm.org/10.1145/2669711.2669931},
 doi = {10.1145/2669711.2669931},
 acmid = {2669931},
 publisher = {ACM},
 address = {New York, NY, USA},
 keywords = {deployment, design, insights, massive open online courses (MOOCs), recommendations, social tools},
}

@inproceedings{Sheard:2014:MIA:2674683.2674700,
 author = {Sheard, Judy and Eckerdal, Anna and Kinnunen, P\"{a}ivi and Malmi, Lauri and Nyl{\'e}n, Aletta and Thota, Neena},
 title = {MOOCs and Their Impact on Academics},
 booktitle = {Proceedings of the 14th Koli Calling International Conference on Computing Education Research},
 series = {Koli Calling '14},
 year = {2014},
 isbn = {978-1-4503-3065-7},
 location = {Koli, Finland},
 pages = {137--145},
 numpages = {9},
 url = {http://doi.acm.org/10.1145/2674683.2674700},
 doi = {10.1145/2674683.2674700},
 acmid = {2674700},
 publisher = {ACM},
 address = {New York, NY, USA},
 keywords = {MOOCs, academics, distance learning, e-learning, massive open online courses, open learning, pedagogy},
}

@article{Bailis:2017:RPT:3144574.3080188,
 author = {Bailis, Peter and Dillahunt, Tawanna and Mueller, Stefanie and Baudisch, Patrick},
 title = {Research for Practice: Technology for Underserved Communities; Personal Fabrication},
 journal = {Commun. ACM},
 issue_date = {October 2017},
 volume = {60},
 number = {10},
 month = sep,
 year = {2017},
 issn = {0001-0782},
 pages = {46--49},
 numpages = {4},
 url = {http://doi.acm.org/10.1145/3080188},
 doi = {10.1145/3080188},
 acmid = {3080188},
 publisher = {ACM},
 address = {New York, NY, USA},
}

@article{Baldwin:2013:RMC:2537753.2537777,
 author = {Baldwin, Douglas and Walker, Henry M. and Henderson, Peter B.},
 title = {The Roles of Mathematics in Computer Science},
 journal = {ACM Inroads},
 issue_date = {December 2013},
 volume = {4},
 number = {4},
 month = dec,
 year = {2013},
 issn = {2153-2184},
 pages = {74--80},
 numpages = {7},
 url = {http://doi.acm.org/10.1145/2537753.2537777},
 doi = {10.1145/2537753.2537777},
 acmid = {2537777},
 publisher = {ACM},
 address = {New York, NY, USA},
 keywords = {computer science education, mathematics, software engineering education},
}

@article{Andriole:2008:PTC:1364782.1364792,
 author = {Andriole, Stephen J. and Roberts, Eric},
 title = {Point/Counterpoint: Technology Curriculum for the Early 21st Century},
 journal = {Commun. ACM},
 issue_date = {July 2008},
 volume = {51},
 number = {7},
 month = jul,
 year = {2008},
 issn = {0001-0782},
 pages = {27--32},
 numpages = {6},
 url = {http://doi.acm.org/10.1145/1364782.1364792},
 doi = {10.1145/1364782.1364792},
 acmid = {1364792},
 publisher = {ACM},
 address = {New York, NY, USA},
}

@inproceedings{Absar:2015:MMC:2723576.2723654,
 author = {Absar, Rafa and Gruzd, Anatoliy and Haythornthwaite, Caroline and Paulin, Drew},
 title = {Media Multiplexity in Connectivist MOOCs},
 booktitle = {Proceedings of the Fifth International Conference on Learning Analytics And Knowledge},
 series = {LAK '15},
 year = {2015},
 isbn = {978-1-4503-3417-4},
 location = {Poughkeepsie, New York},
 pages = {424--425},
 numpages = {2},
 url = {http://doi.acm.org/10.1145/2723576.2723654},
 doi = {10.1145/2723576.2723654},
 acmid = {2723654},
 publisher = {ACM},
 address = {New York, NY, USA},
 keywords = {MOOCs, connectivism, learning, social media, social networks},
}

@inproceedings{Filva:2014:SNA:2669711.2669910,
 author = {Filv\`{a}, Daniel Amo and Garc\'{\i}a-Pe\~{n}alvo, Francisco J. and Forment, Marc Alier},
 title = {Social Network Analysis Approaches for Social Learning Support},
 booktitle = {Proceedings of the Second International Conference on Technological Ecosystems for Enhancing Multiculturality},
 series = {TEEM '14},
 year = {2014},
 isbn = {978-1-4503-2896-8},
 location = {Salamanca, Spain},
 pages = {269--274},
 numpages = {6},
 url = {http://doi.acm.org/10.1145/2669711.2669910},
 doi = {10.1145/2669711.2669910},
 acmid = {2669910},
 publisher = {ACM},
 address = {New York, NY, USA},
 keywords = {graph theory, learning analytics, social learning, social network analysis},
}

@inproceedings{Hickey:2015:FSA:2723576.2723634,
 author = {Hickey, Daniel T. and Quick, Joshua D. and Shen, Xinyi},
 title = {Formative and Summative Analyses of Disciplinary Engagement and Learning in a Big Open Online Course},
 booktitle = {Proceedings of the Fifth International Conference on Learning Analytics And Knowledge},
 series = {LAK '15},
 year = {2015},
 isbn = {978-1-4503-3417-4},
 location = {Poughkeepsie, New York},
 pages = {310--314},
 numpages = {5},
 url = {http://doi.acm.org/10.1145/2723576.2723634},
 doi = {10.1145/2723576.2723634},
 acmid = {2723634},
 publisher = {ACM},
 address = {New York, NY, USA},
 keywords = {analytic approaches, assessment, learning analytics, personalized learning, social learning analysis},
}

@inproceedings{Gallagher:2016:OUS:2876034.2893387,
 author = {Gallagher, Silvia and Savage, Timothy},
 title = {Observing URL Sharing Behaviour in Massive Online Open Courses},
 booktitle = {Proceedings of the Third (2016) ACM Conference on Learning @ Scale},
 series = {L@S '16},
 year = {2016},
 isbn = {978-1-4503-3726-7},
 location = {Edinburgh, Scotland, UK},
 pages = {129--132},
 numpages = {4},
 url = {http://doi.acm.org/10.1145/2876034.2893387},
 doi = {10.1145/2876034.2893387},
 acmid = {2893387},
 publisher = {ACM},
 address = {New York, NY, USA},
 keywords = {massive online open courses, online learner behaviour., uniform resource locators},
}

@inproceedings{Falkner:2016:AVP:2899415.2899429,
 author = {Falkner, Katrina and Falkner, Nickolas and Szabo, Claudia and Vivian, Rebecca},
 title = {Applying Validated Pedagogy to MOOCs: An Introductory Programming Course with Media Computation},
 booktitle = {Proceedings of the 2016 ACM Conference on Innovation and Technology in Computer Science Education},
 series = {ITiCSE '16},
 year = {2016},
 isbn = {978-1-4503-4231-5},
 location = {Arequipa, Peru},
 pages = {326--331},
 numpages = {6},
 url = {http://doi.acm.org/10.1145/2899415.2899429},
 doi = {10.1145/2899415.2899429},
 acmid = {2899429},
 publisher = {ACM},
 address = {New York, NY, USA},
 keywords = {cs101, introductory programming, massively open online course (mooc), online learning},
}

@article{Downes:2005:ELE:1104966.1104968,
 author = {Downes, Stephen},
 title = {E-learning 2.0},
 journal = {eLearn},
 issue_date = {October 2005},
 volume = {2005},
 number = {10},
 month = oct,
 year = {2005},
 issn = {1535-394X},
 pages = {1--},
 url = {http://doi.acm.org/10.1145/1104966.1104968},
 doi = {10.1145/1104966.1104968},
 acmid = {1104968},
 publisher = {ACM},
 address = {New York, NY, USA},
}

@inproceedings{Rodriguez-Conde:2016:ATI:3012430.3012521,
 author = {Rodr\'{\i}guez-Conde, M. Jos{\'e} and Herrera-Garc\'{\i}a, M. Esperanza and Olmos-Miguel\'{a}\~{n}ez, Susana and Mart\'{\i}nez-Abad, Fernando and Torrecilla, Eva M. and Hern\'{a}ndez-Ramos, Juan Pablo and Torrijos, Patricia and Seoane, Antonio M. and Gamazo, Adriana},
 title = {Assessment, Training and Innovation in Key Competences in Compulsory Education: Progress of a Research Team in Spain},
 booktitle = {Proceedings of the Fourth International Conference on Technological Ecosystems for Enhancing Multiculturality},
 series = {TEEM '16},
 year = {2016},
 isbn = {978-1-4503-4747-1},
 location = {Salamanca, Spain},
 pages = {223--228},
 numpages = {6},
 url = {http://doi.acm.org/10.1145/3012430.3012521},
 doi = {10.1145/3012430.3012521},
 acmid = {3012521},
 publisher = {ACM},
 address = {New York, NY, USA},
 keywords = {digital competences, digital literacy, educational evaluation},
}

@inproceedings{Akande:2016:USS:2971603.2971604,
 author = {Akande, Akinlolu Olumide and Van Belle, Jean-Paul},
 title = {The Use of Software As a Service by Students in Higher Education Institutions: A Systematic Literature Review},
 booktitle = {Proceedings of the 18th Annual International Conference on Electronic Commerce: E-Commerce in Smart Connected World},
 series = {ICEC '16},
 year = {2016},
 isbn = {978-1-4503-4222-3},
 location = {Suwon, Republic of Korea},
 pages = {1:1--1:6},
 articleno = {1},
 numpages = {6},
 url = {http://doi.acm.org/10.1145/2971603.2971604},
 doi = {10.1145/2971603.2971604},
 acmid = {2971604},
 publisher = {ACM},
 address = {New York, NY, USA},
 keywords = {SaaS, academic environment, higher education, higher education institutions, improve, software as a service, students},
}

@inproceedings{Joksimovic:2015:YCA:2723576.2723604,
 author = {Joksimovi\'{c}, Sre\'{c}ko and Dowell, Nia and Skrypnyk, Oleksandra and Kovanovi\'{c}, Vitomir and Ga\v{s}evi\'{c}, Dragan and Dawson, Shane and Graesser, Arthur C.},
 title = {How Do You Connect?: Analysis of Social Capital Accumulation in Connectivist MOOCs},
 booktitle = {Proceedings of the Fifth International Conference on Learning Analytics And Knowledge},
 series = {LAK '15},
 year = {2015},
 isbn = {978-1-4503-3417-4},
 location = {Poughkeepsie, New York},
 pages = {64--68},
 numpages = {5},
 url = {http://doi.acm.org/10.1145/2723576.2723604},
 doi = {10.1145/2723576.2723604},
 acmid = {2723604},
 publisher = {ACM},
 address = {New York, NY, USA},
 keywords = {Coh-Metrix, MOOCs, automated text analysis, language, learning, social capital, social network analysis, social processes},
}

@inproceedings{Filva:2016:LAT:3012430.3012536,
 author = {Filv\`{a}, Daniel Amo and Alier, Marc and Casany, Mar\'{\i}a Jos{\'e} and Mayol, Enric},
 title = {A Learning Analytics Tool with Hybrid Graphical and Textual Interpretation Generation},
 booktitle = {Proceedings of the Fourth International Conference on Technological Ecosystems for Enhancing Multiculturality},
 series = {TEEM '16},
 year = {2016},
 isbn = {978-1-4503-4747-1},
 location = {Salamanca, Spain},
 pages = {327--333},
 numpages = {7},
 url = {http://doi.acm.org/10.1145/3012430.3012536},
 doi = {10.1145/3012430.3012536},
 acmid = {3012536},
 publisher = {ACM},
 address = {New York, NY, USA},
 keywords = {learning analytics, learning management systems, moodle, student interactions, virtual learning environments},
}

@inproceedings{Vickers:2016:CPL:2994310.2994316,
 author = {Vickers, Richard and Field, James and Thayne, Martyn},
 title = {Collaborative and Participatory Learning: The Co_LAB Model},
 booktitle = {Proceedings of the 20th International Academic Mindtrek Conference},
 series = {AcademicMindtrek '16},
 year = {2016},
 isbn = {978-1-4503-4367-1},
 location = {Tampere, Finland},
 pages = {137--143},
 numpages = {7},
 url = {http://doi.acm.org/10.1145/2994310.2994316},
 doi = {10.1145/2994310.2994316},
 acmid = {2994316},
 publisher = {ACM},
 address = {New York, NY, USA},
 keywords = {blended learning, collaborative learning, interdisciplinary, networked, transmedia},
}

@inproceedings{Joksimovic:2016:TNP:2883851.2883928,
 author = {Joksimovi\'{c}, Sre\'{c}ko and Manataki, Areti and Ga\v{s}evi\'{c}, Dragan and Dawson, Shane and Kovanovi\'{c}, Vitomir and de Kereki, In{\'e}s Friss},
 title = {Translating Network Position into Performance: Importance of Centrality in Different Network Configurations},
 booktitle = {Proceedings of the Sixth International Conference on Learning Analytics \& Knowledge},
 series = {LAK '16},
 year = {2016},
 isbn = {978-1-4503-4190-5},
 location = {Edinburgh, United Kingdom},
 pages = {314--323},
 numpages = {10},
 url = {http://doi.acm.org/10.1145/2883851.2883928},
 doi = {10.1145/2883851.2883928},
 acmid = {2883928},
 publisher = {ACM},
 address = {New York, NY, USA},
 keywords = {ERGM, MOOC, academic achievement, learning, social network analysis, social processes},
}

@inproceedings{Cortinez:2015:PLE:2808580.2808679,
 author = {Cort\'{\i}nez, Cecilia Aranda and Garc\'{\i}a-Valc\'{a}rcel, Ana},
 title = {Personal Learning Environments (PLE) in the Teaching Ecosystem: A Proposal in Development},
 booktitle = {Proceedings of the 3rd International Conference on Technological Ecosystems for Enhancing Multiculturality},
 series = {TEEM '15},
 year = {2015},
 isbn = {978-1-4503-3442-6},
 location = {Porto, Portugal},
 pages = {645--649},
 numpages = {5},
 url = {http://doi.acm.org/10.1145/2808580.2808679},
 doi = {10.1145/2808580.2808679},
 acmid = {2808679},
 publisher = {ACM},
 address = {New York, NY, USA},
 keywords = {informal learning, lifelong learning, personal learning environment (PLE), self regulated learning, teaching ecosystem},
}

@inproceedings{Kennedy:2015:PSL:2723576.2723593,
 author = {Kennedy, Gregor and Coffrin, Carleton and de Barba, Paula and Corrin, Linda},
 title = {Predicting Success: How Learners' Prior Knowledge, Skills and Activities Predict MOOC Performance},
 booktitle = {Proceedings of the Fifth International Conference on Learning Analytics And Knowledge},
 series = {LAK '15},
 year = {2015},
 isbn = {978-1-4503-3417-4},
 location = {Poughkeepsie, New York},
 pages = {136--140},
 numpages = {5},
 url = {http://doi.acm.org/10.1145/2723576.2723593},
 doi = {10.1145/2723576.2723593},
 acmid = {2723593},
 publisher = {ACM},
 address = {New York, NY, USA},
 keywords = {MOOCs, engagement, learning analytics, prior knowledge},
}

@inproceedings{Coetzee:2014:YMF:2531602.2531657,
 author = {Coetzee, Derrick and Fox, Armando and Hearst, Marti A. and Hartmann, Bj\"{o}rn},
 title = {Should Your MOOC Forum Use a Reputation System?},
 booktitle = {Proceedings of the 17th ACM Conference on Computer Supported Cooperative Work \&\#38; Social Computing},
 series = {CSCW '14},
 year = {2014},
 isbn = {978-1-4503-2540-0},
 location = {Baltimore, Maryland, USA},
 pages = {1176--1187},
 numpages = {12},
 url = {http://doi.acm.org/10.1145/2531602.2531657},
 doi = {10.1145/2531602.2531657},
 acmid = {2531657},
 publisher = {ACM},
 address = {New York, NY, USA},
 keywords = {forum, massive open online course, mooc, reputation system},
}

@article{Gualtieri:2010:IJB:1920830.1920834,
 author = {Gualtieri, Lisa},
 title = {An Interview with Jane Bozarth},
 journal = {eLearn},
 issue_date = {December 2010},
 volume = {2010},
 number = {12},
 month = dec,
 year = {2010},
 issn = {1535-394X},
 articleno = {4},
 url = {http://doi.acm.org/10.1145/1920830.1920834},
 doi = {10.1145/1920830.1920834},
 acmid = {1920834},
 publisher = {ACM},
 address = {New York, NY, USA},
}

@inproceedings{Amo:2013:MEA:2536536.2536570,
 author = {Amo, Daniel},
 title = {MOOCs: Experimental Approaches for Quality in Pedagogical and Design Fundamentals},
 booktitle = {Proceedings of the First International Conference on Technological Ecosystem for Enhancing Multiculturality},
 series = {TEEM '13},
 year = {2013},
 isbn = {978-1-4503-2345-1},
 location = {Salamanca, Spain},
 pages = {219--223},
 numpages = {5},
 url = {http://doi.acm.org/10.1145/2536536.2536570},
 doi = {10.1145/2536536.2536570},
 acmid = {2536570},
 publisher = {ACM},
 address = {New York, NY, USA},
 keywords = {MOOC, learning design, online learning, open educational resources, pedagogy},
}

@article{Wu:2010:BVS:1869746.1869760,
 author = {Wu, Yu "Andy"},
 title = {Benefits of Virtualization in Security Lab Design},
 journal = {ACM Inroads},
 issue_date = {December 2010},
 volume = {1},
 number = {4},
 month = dec,
 year = {2010},
 issn = {2153-2184},
 pages = {38--42},
 numpages = {5},
 url = {http://doi.acm.org/10.1145/1869746.1869760},
 doi = {10.1145/1869746.1869760},
 acmid = {1869760},
 publisher = {ACM},
 address = {New York, NY, USA},
 keywords = {VMware workstation, education, information security, lab assignment, virtualization},
}

@inproceedings{Hickey:2014:SBB:2567574.2567626,
 author = {Hickey, Daniel T. and Kelley, Tara Alana and Shen, Xinyi},
 title = {Small to Big Before Massive: Scaling Up Participatory Learning Analytics},
 booktitle = {Proceedings of the Fourth International Conference on Learning Analytics And Knowledge},
 series = {LAK '14},
 year = {2014},
 isbn = {978-1-4503-2664-3},
 location = {Indianapolis, Indiana, USA},
 pages = {93--97},
 numpages = {5},
 url = {http://doi.acm.org/10.1145/2567574.2567626},
 doi = {10.1145/2567574.2567626},
 acmid = {2567626},
 publisher = {ACM},
 address = {New York, NY, USA},
 keywords = {analytic approaches, assessment, learning analytics, personalized learning, social learning analysis},
}

@inproceedings{Cerezo:2017:AAM:3144826.3145447,
 author = {Cerezo, Marta and Frutos, Francisco Javier},
 title = {Adopt Applications for Mobile Devices, Interpretation of Cultural Heritage and Educational Innovation: Effects of Usability in the Process of Edutainment},
 booktitle = {Proceedings of the 5th International Conference on Technological Ecosystems for Enhancing Multiculturality},
 series = {TEEM 2017},
 year = {2017},
 isbn = {978-1-4503-5386-1},
 location = {C\&aacute;diz, Spain},
 pages = {100:1--100:5},
 articleno = {100},
 numpages = {5},
 url = {http://doi.acm.org/10.1145/3144826.3145447},
 doi = {10.1145/3144826.3145447},
 acmid = {3145447},
 publisher = {ACM},
 address = {New York, NY, USA},
 keywords = {Neurocommunication, app design, education, heritage education, information and communication technology, mobile app, usability test},
}

@article{Grant:1993:WCC:155049.155062,
 author = {Grant, Wayne C.},
 title = {Wireless Coyote: A Computer-supported Field Trip},
 journal = {Commun. ACM},
 issue_date = {May 1993},
 volume = {36},
 number = {5},
 month = may,
 year = {1993},
 issn = {0001-0782},
 pages = {57--59},
 numpages = {3},
 url = {http://doi.acm.org/10.1145/155049.155062},
 doi = {10.1145/155049.155062},
 acmid = {155062},
 publisher = {ACM},
 address = {New York, NY, USA},
}

@article{Chen:2013:EFD:2491533.2491555,
 author = {Chen, Li},
 title = {Education Forum: Digital Geometry and Its Algorithms: An Introduction},
 journal = {SIGACT News},
 issue_date = {June 2013},
 volume = {44},
 number = {2},
 month = jun,
 year = {2013},
 issn = {0163-5700},
 pages = {119--124},
 numpages = {6},
 url = {http://doi.acm.org/10.1145/2491533.2491555},
 doi = {10.1145/2491533.2491555},
 acmid = {2491555},
 publisher = {ACM},
 address = {New York, NY, USA},
}

@article{Feldstein:2014:MGM:2669393.2591681,
 author = {Feldstein, Michael},
 title = {The MOOC and the Genre Moment: MOOCs and Technology to Advance Learning and Learning Research (Ubiquity Symposium)},
 journal = {Ubiquity},
 issue_date = {September 2014},
 volume = {2014},
 number = {September},
 month = sep,
 year = {2014},
 issn = {1530-2180},
 pages = {2:1--2:9},
 articleno = {2},
 numpages = {9},
 url = {http://doi.acm.org/10.1145/2591681},
 doi = {10.1145/2591681},
 acmid = {2591681},
 publisher = {ACM},
 address = {New York, NY, USA},
 keywords = {MOOC, cMOOC, xMOOC},
}

@inproceedings{Goschlberger:2017:GLN:3151759.3151843,
 author = {G\"{o}schlberger, Bernhard and Steinbauer, Matthias},
 title = {Global Learning Network Analytics to Enhance PLN Understanding},
 booktitle = {Proceedings of the 19th International Conference on Information Integration and Web-based Applications \& Services},
 series = {iiWAS '17},
 year = {2017},
 isbn = {978-1-4503-5299-4},
 location = {Salzburg, Austria},
 pages = {193--197},
 numpages = {5},
 url = {http://doi.acm.org/10.1145/3151759.3151843},
 doi = {10.1145/3151759.3151843},
 acmid = {3151843},
 publisher = {ACM},
 address = {New York, NY, USA},
 keywords = {experience API (xAPI), large scale distributed temporal graphs, learning analytics, learning network graph, personal learning network (PLN), social network analysis},
}

@inproceedings{Cavanaugh:1996:WW:262051.262059,
 author = {Cavanaugh, Jeanne},
 title = {To Web or Not to Web},
 booktitle = {Proceedings of the 24th Annual ACM SIGUCCS Conference on User Services},
 series = {SIGUCCS '96},
 year = {1997},
 isbn = {0-89791-810-X},
 location = {Chicago, Illinois, USA},
 pages = {23--25},
 numpages = {3},
 url = {http://doi.acm.org/10.1145/262051.262059},
 doi = {10.1145/262051.262059},
 acmid = {262059},
 publisher = {ACM},
 address = {New York, NY, USA},
}

@inproceedings{Kappes:2015:UMB:2792745.2792759,
 author = {Kappes, Sandra and Betro, Vincent C.},
 title = {Using Mozilla Badges to Certify XSEDE Users and Promote Training},
 booktitle = {Proceedings of the 2015 XSEDE Conference: Scientific Advancements Enabled by Enhanced Cyberinfrastructure},
 series = {XSEDE '15},
 year = {2015},
 isbn = {978-1-4503-3720-5},
 location = {St. Louis, Missouri},
 pages = {14:1--14:4},
 articleno = {14},
 numpages = {4},
 url = {http://doi.acm.org/10.1145/2792745.2792759},
 doi = {10.1145/2792745.2792759},
 acmid = {2792759},
 publisher = {ACM},
 address = {New York, NY, USA},
 keywords = {Mozilla open badges, XSEDE, badges, education, moodle, training},
}

@inproceedings{Burd:2018:CCT:3174781.3174788,
 author = {Burd, Barry and Barker, Lecia and Divitini, Monica and Perez, Felix Armando Fermin and Russell, Ingrid and Siever, Bill and Tudor, Liviana},
 title = {Courses, Content, and Tools for Internet of Things in Computer Science Education},
 booktitle = {Proceedings of the 2017 ITiCSE Conference on Working Group Reports},
 series = {ITiCSE-WGR '17},
 year = {2017},
 isbn = {978-1-4503-5627-5},
 location = {Bologna, Italy},
 pages = {125--139},
 numpages = {15},
 url = {http://doi.acm.org/10.1145/3174781.3174788},
 doi = {10.1145/3174781.3174788},
 acmid = {3174788},
 publisher = {ACM},
 address = {New York, NY, USA},
 keywords = {computer science education, internet of ings, iot technologies},
}

@inproceedings{Reaney:1995:DSI:219894.223043,
 author = {Reaney, James E.},
 title = {Distributed Support Issues in an Academic Computing Environment},
 booktitle = {Proceedings of the 23rd Annual ACM SIGUCCS Conference on User Services: Winning the Networking Game},
 series = {SIGUCCS '95},
 year = {1995},
 isbn = {0-89791-704-9},
 location = {St. Louis, Missouri, USA},
 pages = {245--248},
 numpages = {4},
 url = {http://doi.acm.org/10.1145/219894.223043},
 doi = {10.1145/219894.223043},
 acmid = {223043},
 publisher = {ACM},
 address = {New York, NY, USA},
}

@article{Danowitz:1995:CAS:219663.219674,
 author = {Danowitz, A. K. and Nassef, Y. and Goodman, S. E.},
 title = {Cyberspace Across the Sahara: Computing in North Africa},
 journal = {Commun. ACM},
 issue_date = {Dec. 1995},
 volume = {38},
 number = {12},
 month = dec,
 year = {1995},
 issn = {0001-0782},
 pages = {23--28},
 numpages = {6},
 url = {http://doi.acm.org/10.1145/219663.219674},
 doi = {10.1145/219663.219674},
 acmid = {219674},
 publisher = {ACM},
 address = {New York, NY, USA},
}

@inproceedings{Aparicio:2014:MBM:2618168.2618175,
 author = {Aparicio, Manuela and Bacao, Fernando and Oliveira, Tiago},
 title = {MOOC's Business Models: Turning Black Swans into Gray Swans},
 booktitle = {Proceedings of the International Conference on Information Systems and Design of Communication},
 series = {ISDOC '14},
 year = {2014},
 isbn = {978-1-4503-2713-8},
 location = {Lisbon, Portugal},
 pages = {45--49},
 numpages = {5},
 url = {http://doi.acm.org/10.1145/2618168.2618175},
 doi = {10.1145/2618168.2618175},
 acmid = {2618175},
 publisher = {ACM},
 address = {New York, NY, USA},
 keywords = {MOOC, SPOC, business models, cMOOC, e-Learning, massive open online courses, xMOOC},
}

@inproceedings{Paredes:2012:MLP:2330601.2330617,
 author = {Paredes, Walter Christian and Chung, Kon Shing Kenneth},
 title = {Modelling Learning \&\#38; Performance: A Social Networks Perspective},
 booktitle = {Proceedings of the 2Nd International Conference on Learning Analytics and Knowledge},
 series = {LAK '12},
 year = {2012},
 isbn = {978-1-4503-1111-3},
 location = {Vancouver, British Columbia, Canada},
 pages = {34--42},
 numpages = {9},
 url = {http://doi.acm.org/10.1145/2330601.2330617},
 doi = {10.1145/2330601.2330617},
 acmid = {2330617},
 publisher = {ACM},
 address = {New York, NY, USA},
 keywords = {computer mediated communication, connectivism, learning, learning analytics, performance, situated learning, social learning, social networks},
}

@inproceedings{Cortinez:2014:PLE:2669711.2669972,
 author = {Cort\'{\i}nez, Cecilia Aranda and Garc\'{\i}a-Valc\'{a}rcel, Ana},
 title = {Personal Learning Environments (PLE) in the Teaching Ecosystem},
 booktitle = {Proceedings of the Second International Conference on Technological Ecosystems for Enhancing Multiculturality},
 series = {TEEM '14},
 year = {2014},
 isbn = {978-1-4503-2896-8},
 location = {Salamanca, Spain},
 pages = {671--675},
 numpages = {5},
 url = {http://doi.acm.org/10.1145/2669711.2669972},
 doi = {10.1145/2669711.2669972},
 acmid = {2669972},
 publisher = {ACM},
 address = {New York, NY, USA},
 keywords = {informal learning, lifelong learning, personal learning environment (PLE), self regulated learning, teaching ecosystem},
}

@inproceedings{Leal:2017:TDV:3144826.3145424,
 author = {Leal, Brenda Edith Guajardo and Gonz\'{a}lez, Jaime Ricardo Valenzuela},
 title = {Transdisciplinary Design of Virtual Learning Environments: The Case of a xMOOC on the Study of Electrical Energy},
 booktitle = {Proceedings of the 5th International Conference on Technological Ecosystems for Enhancing Multiculturality},
 series = {TEEM 2017},
 year = {2017},
 isbn = {978-1-4503-5386-1},
 location = {C\&aacute;diz, Spain},
 pages = {74:1--74:8},
 articleno = {74},
 numpages = {8},
 url = {http://doi.acm.org/10.1145/3144826.3145424},
 doi = {10.1145/3144826.3145424},
 acmid = {3145424},
 publisher = {ACM},
 address = {New York, NY, USA},
 keywords = {MOOC, Transdisciplinarity, collaboration, e-learning, educational practices},
}

@inproceedings{Clow:2013:MFP:2460296.2460332,
 author = {Clow, Doug},
 title = {MOOCs and the Funnel of Participation},
 booktitle = {Proceedings of the Third International Conference on Learning Analytics and Knowledge},
 series = {LAK '13},
 year = {2013},
 isbn = {978-1-4503-1785-6},
 location = {Leuven, Belgium},
 pages = {185--189},
 numpages = {5},
 url = {http://doi.acm.org/10.1145/2460296.2460332},
 doi = {10.1145/2460296.2460332},
 acmid = {2460332},
 publisher = {ACM},
 address = {New York, NY, USA},
 keywords = {MOOCs, learning analytics, participation},
}

@inproceedings{Fidalgo-Blanco:2014:IML:2669711.2669963,
 author = {Fidalgo-Blanco, \'{A}ngel and Sein-Echaluce, Mar\'{\i}a Luisa and Garc\'{\i}a-Pe\~{n}alvo, Francisco J. and Esca\~{n}o, Javier Esteban},
 title = {Improving the MOOC Learning Outcomes Throughout Informal Learning Activities},
 booktitle = {Proceedings of the Second International Conference on Technological Ecosystems for Enhancing Multiculturality},
 series = {TEEM '14},
 year = {2014},
 isbn = {978-1-4503-2896-8},
 location = {Salamanca, Spain},
 pages = {611--617},
 numpages = {7},
 url = {http://doi.acm.org/10.1145/2669711.2669963},
 doi = {10.1145/2669711.2669963},
 acmid = {2669963},
 publisher = {ACM},
 address = {New York, NY, USA},
 keywords = {MOOC, informal learning, knowledge management, social networks},
}

@article{Metaxas:1995:FIP:210376.210404,
 author = {Metaxas, P. Takis},
 title = {Fundamental Ideas for a Parallel Computing Course},
 journal = {ACM Comput. Surv.},
 issue_date = {June 1995},
 volume = {27},
 number = {2},
 month = jun,
 year = {1995},
 issn = {0360-0300},
 pages = {284--286},
 numpages = {3},
 url = {http://doi.acm.org/10.1145/210376.210404},
 doi = {10.1145/210376.210404},
 acmid = {210404},
 publisher = {ACM},
 address = {New York, NY, USA},
}

@inproceedings{Shi:2014:CRP:2656450.2656458,
 author = {Shi, Lei and Cristea, Alexandra I. and Hadzidedic, Suncica},
 title = {The Critical Role of Profiles in Social e-Learning Design},
 booktitle = {Proceedings of the 15th Annual Conference on Information Technology Education},
 series = {SIGITE '14},
 year = {2014},
 isbn = {978-1-4503-2686-5},
 location = {Atlanta, Georgia, USA},
 pages = {71--76},
 numpages = {6},
 url = {http://doi.acm.org/10.1145/2656450.2656458},
 doi = {10.1145/2656450.2656458},
 acmid = {2656458},
 publisher = {ACM},
 address = {New York, NY, USA},
 keywords = {curriculum, evaluation, social e-learning, web-based learning},
}

@inproceedings{Rahman:2012:COL:2330601.2330619,
 author = {Rahman, Nazim and Dron, Jon},
 title = {Challenges and Opportunities for Learning Analytics when Formal Teaching Meets Social Spaces},
 booktitle = {Proceedings of the 2Nd International Conference on Learning Analytics and Knowledge},
 series = {LAK '12},
 year = {2012},
 isbn = {978-1-4503-1111-3},
 location = {Vancouver, British Columbia, Canada},
 pages = {54--58},
 numpages = {5},
 url = {http://doi.acm.org/10.1145/2330601.2330619},
 doi = {10.1145/2330601.2330619},
 acmid = {2330619},
 publisher = {ACM},
 address = {New York, NY, USA},
 keywords = {analytics, formal learning, informal learning, social systems},
}

@inproceedings{Kevan:2016:DMS:2883851.2883941,
 author = {Kevan, Jonathan M. and Menchaca, Michael P. and Hoffman, Ellen S.},
 title = {Designing MOOCs for Success: A Student Motivation-oriented Framework},
 booktitle = {Proceedings of the Sixth International Conference on Learning Analytics \& Knowledge},
 series = {LAK '16},
 year = {2016},
 isbn = {978-1-4503-4190-5},
 location = {Edinburgh, United Kingdom},
 pages = {274--278},
 numpages = {5},
 url = {http://doi.acm.org/10.1145/2883851.2883941},
 doi = {10.1145/2883851.2883941},
 acmid = {2883941},
 publisher = {ACM},
 address = {New York, NY, USA},
 keywords = {MOOC, confirmatory factor analysis, framework, learning analytics, motivation, structural equation modeling},
}

@article{Marshall:2016:EPS:2894200.2791396,
 author = {Marshall, Linda and Pieterse, Vreda and Thompson, Lisa and Venter, Dina M.},
 title = {Exploration of Participation in Student Software Engineering Teams},
 journal = {ACM Trans. Comput. Educ.},
 issue_date = {March 2016},
 volume = {16},
 number = {2},
 month = feb,
 year = {2016},
 issn = {1946-6226},
 pages = {5:1--5:38},
 articleno = {5},
 numpages = {38},
 url = {http://doi.acm.org/10.1145/2791396},
 doi = {10.1145/2791396},
 acmid = {2791396},
 publisher = {ACM},
 address = {New York, NY, USA},
 keywords = {Software engineering, soft skills, teaching teamwork, team formation, team management},
}

@inproceedings{Dixon:1990:VNS:99186.99215,
 author = {Dixon, Robert S.},
 title = {Value-added Network Services\&Hellip; \&Amp; Beyond},
 booktitle = {Proceedings of the 18th Annual ACM SIGUCCS Conference on User Services},
 series = {SIGUCCS '90},
 year = {1990},
 isbn = {0-89791-406-6},
 location = {Cincinnati, Ohio, USA},
 pages = {99--102},
 numpages = {4},
 url = {http://doi.acm.org/10.1145/99186.99215},
 doi = {10.1145/99186.99215},
 acmid = {99215},
 publisher = {ACM},
 address = {New York, NY, USA},
}

@inproceedings{Kilamo:2014:KTC:2591062.2591156,
 author = {Kilamo, Terhi and Nieminen, Antti and Lautam\"{a}ki, Janne and Aho, Timo and Koskinen, Johannes and Palviainen, Jarmo and Mikkonen, Tommi},
 title = {Knowledge Transfer in Collaborative Teams: Experiences from a Two-week Code Camp},
 booktitle = {Companion Proceedings of the 36th International Conference on Software Engineering},
 series = {ICSE Companion 2014},
 year = {2014},
 isbn = {978-1-4503-2768-8},
 location = {Hyderabad, India},
 pages = {264--271},
 numpages = {8},
 url = {http://doi.acm.org/10.1145/2591062.2591156},
 doi = {10.1145/2591062.2591156},
 acmid = {2591156},
 publisher = {ACM},
 address = {New York, NY, USA},
 keywords = {Case study, Collaboration, Software engineerin education},
}

@inproceedings{Kitto:2015:LAB:2723576.2723627,
 author = {Kitto, Kirsty and Cross, Sebastian and Waters, Zak and Lupton, Mandy},
 title = {Learning Analytics Beyond the LMS: The Connected Learning Analytics Toolkit},
 booktitle = {Proceedings of the Fifth International Conference on Learning Analytics And Knowledge},
 series = {LAK '15},
 year = {2015},
 isbn = {978-1-4503-3417-4},
 location = {Poughkeepsie, New York},
 pages = {11--15},
 numpages = {5},
 url = {http://doi.acm.org/10.1145/2723576.2723627},
 doi = {10.1145/2723576.2723627},
 acmid = {2723627},
 publisher = {ACM},
 address = {New York, NY, USA},
 keywords = {connected learning, data ownership, integration, xAPI},
}

@article{Flores:2009:UDO:1551986.1551997,
 author = {Flores, Pablo and Hourcade, Juan Pablo},
 title = {UNDER DEVELOPMENT: One Year of Experiences with XO Laptops in Uruguay},
 journal = {Interactions},
 issue_date = {July + August 2009},
 volume = {16},
 number = {4},
 month = jul,
 year = {2009},
 issn = {1072-5520},
 pages = {52--55},
 numpages = {4},
 url = {http://doi.acm.org/10.1145/1551986.1551997},
 doi = {10.1145/1551986.1551997},
 acmid = {1551997},
 publisher = {ACM},
 address = {New York, NY, USA},
}

@inproceedings{Rohloff:2017:SME:3136907.3136931,
 author = {Rohloff, Tobias and Renz, Jan and Bothe, Max and Meinel, Christoph},
 title = {Supporting Multi-Device E-Learning Patterns with Second Screen Mobile Applications},
 booktitle = {Proceedings of the 16th World Conference on Mobile and Contextual Learning},
 series = {mLearn 2017},
 year = {2017},
 isbn = {978-1-4503-5255-0},
 location = {Larnaca, Cyprus},
 pages = {25:1--25:8},
 articleno = {25},
 numpages = {8},
 url = {http://doi.acm.org/10.1145/3136907.3136931},
 doi = {10.1145/3136907.3136931},
 acmid = {3136931},
 publisher = {ACM},
 address = {New York, NY, USA},
 keywords = {E-Learning, MOOC, Mobile Learning, Multi-Device, Second Screen},
}

@inproceedings{Schreurs:2013:VSL:2460296.2460305,
 author = {Schreurs, Bieke and Teplovs, Chris and Ferguson, Rebecca and de Laat, Maarten and Buckingham Shum, Simon},
 title = {Visualizing Social Learning Ties by Type and Topic: Rationale and Concept Demonstrator},
 booktitle = {Proceedings of the Third International Conference on Learning Analytics and Knowledge},
 series = {LAK '13},
 year = {2013},
 isbn = {978-1-4503-1785-6},
 location = {Leuven, Belgium},
 pages = {33--37},
 numpages = {5},
 url = {http://doi.acm.org/10.1145/2460296.2460305},
 doi = {10.1145/2460296.2460305},
 acmid = {2460305},
 publisher = {ACM},
 address = {New York, NY, USA},
 keywords = {networked learning, social learning analytics, social network analysis, visualization},
}

@inproceedings{Blanco:2013:MPD:2536536.2536621,
 author = {Blanco, \'{A}ngel Fidalgo and Garc\'{\i}a-Pe\~{n}alvo, Francisco J. and Sein-Echaluce, Marisa},
 title = {A Methodology Proposal for Developing Adaptive cMOOC},
 booktitle = {Proceedings of the First International Conference on Technological Ecosystem for Enhancing Multiculturality},
 series = {TEEM '13},
 year = {2013},
 isbn = {978-1-4503-2345-1},
 location = {Salamanca, Spain},
 pages = {553--558},
 numpages = {6},
 url = {http://doi.acm.org/10.1145/2536536.2536621},
 doi = {10.1145/2536536.2536621},
 acmid = {2536621},
 publisher = {ACM},
 address = {New York, NY, USA},
 keywords = {MOOC, adaptive systems, human-computer interaction, moodle},
}

@inproceedings{Pirttinen:2018:CPA:3197091.3197117,
 author = {Pirttinen, Nea and Kangas, Vilma and Nikkarinen, Irene and Nygren, Henrik and Leinonen, Juho and Hellas, Arto},
 title = {Crowdsourcing Programming Assignments with CrowdSorcerer},
 booktitle = {Proceedings of the 23rd Annual ACM Conference on Innovation and Technology in Computer Science Education},
 series = {ITiCSE 2018},
 year = {2018},
 isbn = {978-1-4503-5707-4},
 location = {Larnaca, Cyprus},
 pages = {326--331},
 numpages = {6},
 url = {http://doi.acm.org/10.1145/3197091.3197117},
 doi = {10.1145/3197091.3197117},
 acmid = {3197117},
 publisher = {ACM},
 address = {New York, NY, USA},
 keywords = {assignment creation, automated assessment, crowdsourcing, peer review, programming},
}

@inproceedings{Nunez:2014:SCM:2669711.2669893,
 author = {N\'{u}\~{n}ez, Margarita Mart\'{\i}nez and Gen{\'e}, Oriol Borr\'{a}s and Blanco, \'{A}ngel Fidalgo},
 title = {Social Community in MOOCs: Practical Implications and Outcomes},
 booktitle = {Proceedings of the Second International Conference on Technological Ecosystems for Enhancing Multiculturality},
 series = {TEEM '14},
 year = {2014},
 isbn = {978-1-4503-2896-8},
 location = {Salamanca, Spain},
 pages = {147--154},
 numpages = {8},
 url = {http://doi.acm.org/10.1145/2669711.2669893},
 doi = {10.1145/2669711.2669893},
 acmid = {2669893},
 publisher = {ACM},
 address = {New York, NY, USA},
 keywords = {MOOC, cMOOC, collaborative learning, open knowledge, social networks, social platform, virtual community, xMOOC},
}

@inproceedings{Chen:2016:BMP:2908131.2908145,
 author = {Chen, Guanliang and Davis, Dan and Lin, Jun and Hauff, Claudia and Houben, Geert-Jan},
 title = {Beyond the MOOC Platform: Gaining Insights About Learners from the Social Web},
 booktitle = {Proceedings of the 8th ACM Conference on Web Science},
 series = {WebSci '16},
 year = {2016},
 isbn = {978-1-4503-4208-7},
 location = {Hannover, Germany},
 pages = {15--24},
 numpages = {10},
 url = {http://doi.acm.org/10.1145/2908131.2908145},
 doi = {10.1145/2908131.2908145},
 acmid = {2908145},
 publisher = {ACM},
 address = {New York, NY, USA},
}

@inproceedings{Ossiannilsson:2017:TFL:3136907.3136929,
 author = {Ossiannilsson, Ebba and Ioannides, Nicolas},
 title = {Towards a Framework and Learning Methodology for Innovative Mobile Learning: A Theoretical Approach},
 booktitle = {Proceedings of the 16th World Conference on Mobile and Contextual Learning},
 series = {mLearn 2017},
 year = {2017},
 isbn = {978-1-4503-5255-0},
 location = {Larnaca, Cyprus},
 pages = {7:1--7:8},
 articleno = {7},
 numpages = {8},
 url = {http://doi.acm.org/10.1145/3136907.3136929},
 doi = {10.1145/3136907.3136929},
 acmid = {3136929},
 publisher = {ACM},
 address = {New York, NY, USA},
 keywords = {Challenge-based learning, Framework, Innovative learning, Learning methodology, Mobile learning, Personal learning, Theoretical approach},
}

@inproceedings{Notari:2013:EFA:2491055.2491096,
 author = {Notari, Michele and Sch\"{a}r, Sonja and Chu, Samuel Kai Wah and Schellenberg, Martin},
 title = {Empowering Formative Assessment Using Embedded Web Widgets in Wikis},
 booktitle = {Proceedings of the 9th International Symposium on Open Collaboration},
 series = {WikiSym '13},
 year = {2013},
 isbn = {978-1-4503-1852-5},
 location = {Hong Kong, China},
 pages = {41:1--41:7},
 articleno = {41},
 numpages = {7},
 url = {http://doi.acm.org/10.1145/2491055.2491096},
 doi = {10.1145/2491055.2491096},
 acmid = {2491096},
 publisher = {ACM},
 address = {New York, NY, USA},
 keywords = {collaboration, formative evaluation, inter-group collaboration, large scale collaboration, long term projects, project-based learning, web widget},
}

@inproceedings{Fidalgo-Blanco:2014:EI:2669711.2669880,
 author = {Fidalgo-Blanco, \'{A}ngel and Sein-Echaluce, Mar\'{\i}a Luisa},
 title = {Educational Innovation},
 booktitle = {Proceedings of the Second International Conference on Technological Ecosystems for Enhancing Multiculturality},
 series = {TEEM '14},
 year = {2014},
 isbn = {978-1-4503-2896-8},
 location = {Salamanca, Spain},
 pages = {65--67},
 numpages = {3},
 url = {http://doi.acm.org/10.1145/2669711.2669880},
 doi = {10.1145/2669711.2669880},
 acmid = {2669880},
 publisher = {ACM},
 address = {New York, NY, USA},
 keywords = {LMS, MOOC, adaptive learning, educational innovation, learning communities, learning personalization, new learning models, training and assessment of the teamwork},
}

@inproceedings{Gamage:2017:IAM:3051457.3054013,
 author = {Gamage, Dilrukshi and Whiting, Mark E. and Rajapakshe, Thejan and Thilakarathne, Haritha and Perera, Indika and Fernando, Shantha},
 title = {Improving Assessment on MOOCs Through Peer Identification and Aligned Incentives},
 booktitle = {Proceedings of the Fourth (2017) ACM Conference on Learning @ Scale},
 series = {L@S '17},
 year = {2017},
 isbn = {978-1-4503-4450-0},
 location = {Cambridge, Massachusetts, USA},
 pages = {315--318},
 numpages = {4},
 url = {http://doi.acm.org/10.1145/3051457.3054013},
 doi = {10.1145/3051457.3054013},
 acmid = {3054013},
 publisher = {ACM},
 address = {New York, NY, USA},
 keywords = {massive open online courses, mooc, peer assessment, peer review},
}

@inproceedings{Zhou:2016:MCT:2935651.2935654,
 author = {Zhou, Mengyu and Sui, Kaixin and Ma, Minghua and Zhao, Youjian and Pei, Dan and Moscibroda, Thomas},
 title = {MobiCamp: A Campus-wide Testbed for Studying Mobile Physical Activities},
 booktitle = {Proceedings of the 3rd International on Workshop on Physical Analytics},
 series = {WPA '16},
 year = {2016},
 isbn = {978-1-4503-4328-2},
 location = {Singapore, Singapore},
 pages = {1--6},
 numpages = {6},
 url = {http://doi.acm.org/10.1145/2935651.2935654},
 doi = {10.1145/2935651.2935654},
 acmid = {2935654},
 publisher = {ACM},
 address = {New York, NY, USA},
 keywords = {enterprise wlan, mac address, mobile application, mobility, physical activity, snmp, testbed, tracking, wifi},
}

