@inproceedings{Worsley:2014:MLA:2666633.2666634,
 author = {Worsley, Marcelo},
 title = {Multimodal Learning Analytics As a Tool for Bridging Learning Theory and Complex Learning Behaviors},
 booktitle = {Proceedings of the 2014 ACM Workshop on Multimodal Learning Analytics Workshop and Grand Challenge},
 series = {MLA '14},
 year = {2014},
 isbn = {978-1-4503-0488-7},
 location = {Istanbul, Turkey},
 pages = {1--4},
 numpages = {4},
 url = {http://doi.acm.org/10.1145/2666633.2666634},
 doi = {10.1145/2666633.2666634},
 acmid = {2666634},
 publisher = {ACM},
 address = {New York, NY, USA},
 keywords = {cognition, constructionism, learning sciences},
}

@inproceedings{Alexandron:2013:TPN:2532748.2532762,
 author = {Alexandron, Giora and Armoni, Michal and Gordon, Michal and Harel, David},
 title = {On Teaching Programming with Nondeterminism},
 booktitle = {Proceedings of the 8th Workshop in Primary and Secondary Computing Education},
 series = {WiPSE '13},
 year = {2013},
 isbn = {978-1-4503-2455-7},
 location = {Aarhus, Denmark},
 pages = {71--74},
 numpages = {4},
 url = {http://doi.acm.org/10.1145/2532748.2532762},
 doi = {10.1145/2532748.2532762},
 acmid = {2532762},
 publisher = {ACM},
 address = {New York, NY, USA},
 keywords = {constructionism, non-determinism},
}

@inproceedings{Lamberty:2015:UCM:2771839.2771874,
 author = {Lamberty, K. K. and Smolund, Isaac},
 title = {Using Computational Manipulatives to Support Story Construction by Early and Emergent Readers},
 booktitle = {Proceedings of the 14th International Conference on Interaction Design and Children},
 series = {IDC '15},
 year = {2015},
 isbn = {978-1-4503-3590-4},
 location = {Boston, Massachusetts},
 pages = {442--444},
 numpages = {3},
 url = {http://doi.acm.org/10.1145/2771839.2771874},
 doi = {10.1145/2771839.2771874},
 acmid = {2771874},
 publisher = {ACM},
 address = {New York, NY, USA},
 keywords = {children, constructionism, literacy, manipulatives},
}

@inproceedings{Schmalfeldt:2018:IMC:3213818.3213840,
 author = {Schmalfeldt, Thomas},
 title = {The IDEA Model: A Conceptual Knowledge-Based Implementation of Making},
 booktitle = {Proceedings of the Conference on Creativity and Making in Education},
 series = {FabLearn Europe'18},
 year = {2018},
 isbn = {978-1-4503-5371-7},
 location = {Trondheim, Norway},
 pages = {110--111},
 numpages = {2},
 url = {http://doi.acm.org/10.1145/3213818.3213840},
 doi = {10.1145/3213818.3213840},
 acmid = {3213840},
 publisher = {ACM},
 address = {New York, NY, USA},
 keywords = {Constructionism, conceptual knowledge, operational method},
}

@inproceedings{Matos:2017:SLC:3078072.3079726,
 author = {Matos, S\'{o}nia},
 title = {The Sound Labyrinth: Computers, Constructionism and Language Learning},
 booktitle = {Proceedings of the 2017 Conference on Interaction Design and Children},
 series = {IDC '17},
 year = {2017},
 isbn = {978-1-4503-4921-5},
 location = {Stanford, California, USA},
 pages = {258--267},
 numpages = {10},
 url = {http://doi.acm.org/10.1145/3078072.3079726},
 doi = {10.1145/3078072.3079726},
 acmid = {3079726},
 publisher = {ACM},
 address = {New York, NY, USA},
 keywords = {endangered languages, intangible cultural heritage, interface design, learning environments, virtual acoustics, whistled language},
}

@inproceedings{Blikstein:2013:GOC:2485760.2485786,
 author = {Blikstein, Paulo},
 title = {Gears of Our Childhood: Constructionist Toolkits, Robotics, and Physical Computing, Past and Future},
 booktitle = {Proceedings of the 12th International Conference on Interaction Design and Children},
 series = {IDC '13},
 year = {2013},
 isbn = {978-1-4503-1918-8},
 location = {New York, New York, USA},
 pages = {173--182},
 numpages = {10},
 url = {http://doi.acm.org/10.1145/2485760.2485786},
 doi = {10.1145/2485760.2485786},
 acmid = {2485786},
 publisher = {ACM},
 address = {New York, NY, USA},
 keywords = {constructionism, education, interaction design, physical computing, robotics},
}

@inproceedings{Tseng:2010:MID:1935701.1935757,
 author = {Tseng, Tiffany and Bryant, Coram and Blikstein, Paulo},
 title = {Mechanix: An Interactive Display for Exploring Engineering Design Through a Tangible Interface},
 booktitle = {Proceedings of the Fifth International Conference on Tangible, Embedded, and Embodied Interaction},
 series = {TEI '11},
 year = {2011},
 isbn = {978-1-4503-0478-8},
 location = {Funchal, Portugal},
 pages = {265--266},
 numpages = {2},
 url = {http://doi.acm.org/10.1145/1935701.1935757},
 doi = {10.1145/1935701.1935757},
 acmid = {1935757},
 publisher = {ACM},
 address = {New York, NY, USA},
 keywords = {constructionism, simple machines, tangible interfaces},
}

@inproceedings{Griffin:2016:LTA:2978192.2978231,
 author = {Griffin, Jean M.},
 title = {Learning by Taking Apart: Deconstructing Code by Reading, Tracing, and Debugging},
 booktitle = {Proceedings of the 17th Annual Conference on Information Technology Education},
 series = {SIGITE '16},
 year = {2016},
 isbn = {978-1-4503-4452-4},
 location = {Boston, Massachusetts, USA},
 pages = {148--153},
 numpages = {6},
 url = {http://doi.acm.org/10.1145/2978192.2978231},
 doi = {10.1145/2978192.2978231},
 acmid = {2978231},
 publisher = {ACM},
 address = {New York, NY, USA},
 keywords = {constructionism, cs0, cs1, debugging, deconstructionism, worked examples},
}

@article{Roussos:1997:NCC:262171.262264,
 author = {Roussos, Maria and Johnson, Andrew E. and Leigh, Jason and Vasilakis, Christina A. and Barnes, Craig R. and Moher, Thomas G.},
 title = {NICE: Combining Constructionism, Narrative and Collaboration in a Virtual Learning Environment},
 journal = {SIGGRAPH Comput. Graph.},
 issue_date = {August 1997},
 volume = {31},
 number = {3},
 month = aug,
 year = {1997},
 issn = {0097-8930},
 pages = {62--63},
 numpages = {2},
 url = {http://doi.acm.org/10.1145/262171.262264},
 doi = {10.1145/262171.262264},
 acmid = {262264},
 publisher = {ACM},
 address = {New York, NY, USA},
}

@inproceedings{Chan:2013:LAL:2485760.2485812,
 author = {Chan, Joshua and Pondicherry, Tarun and Blikstein, Paulo},
 title = {LightUp: An Augmented, Learning Platform for Electronics},
 booktitle = {Proceedings of the 12th International Conference on Interaction Design and Children},
 series = {IDC '13},
 year = {2013},
 isbn = {978-1-4503-1918-8},
 location = {New York, New York, USA},
 pages = {491--494},
 numpages = {4},
 url = {http://doi.acm.org/10.1145/2485760.2485812},
 doi = {10.1145/2485760.2485812},
 acmid = {2485812},
 publisher = {ACM},
 address = {New York, NY, USA},
 keywords = {constructionism, education, electronics, tangible interfaces},
}

@inproceedings{Sysoev:2017:SCE:3078072.3079720,
 author = {Sysoev, Ivan and Hershman, Anneli and Fine, Susan and Traweek, Claire and Roy, Deb},
 title = {SpeechBlocks: A Constructionist Early Literacy App},
 booktitle = {Proceedings of the 2017 Conference on Interaction Design and Children},
 series = {IDC '17},
 year = {2017},
 isbn = {978-1-4503-4921-5},
 location = {Stanford, California, USA},
 pages = {248--257},
 numpages = {10},
 url = {http://doi.acm.org/10.1145/3078072.3079720},
 doi = {10.1145/3078072.3079720},
 acmid = {3079720},
 publisher = {ACM},
 address = {New York, NY, USA},
 keywords = {constructionism, early literacy, phonics, phonological awareness},
}

@inproceedings{Chailangka:2017:DPC:3078072.3084339,
 author = {Chailangka, Marutpong and Sipitakiat, Arnan and Blikstein, Paulo},
 title = {Designing a Physical Computing Toolkit to Utilize Miniature Computers: A Case Study of Selective Exposure},
 booktitle = {Proceedings of the 2017 Conference on Interaction Design and Children},
 series = {IDC '17},
 year = {2017},
 isbn = {978-1-4503-4921-5},
 location = {Stanford, California, USA},
 pages = {659--665},
 numpages = {7},
 url = {http://doi.acm.org/10.1145/3078072.3084339},
 doi = {10.1145/3078072.3084339},
 acmid = {3084339},
 publisher = {ACM},
 address = {New York, NY, USA},
 keywords = {constructionism, interaction design, miniature computers, physical computing, programmable bricks},
}

@inproceedings{Schweikardt:2007:MRT:1254960.1255034,
 author = {Schweikardt, Eric},
 title = {Modular Robotics As Tools for Design},
 booktitle = {Proceedings of the 6th ACM SIGCHI Conference on Creativity \&Amp; Cognition},
 series = {C\&amp;C '07},
 year = {2007},
 isbn = {978-1-59593-712-4},
 location = {Washington, DC, USA},
 pages = {298--298},
 numpages = {1},
 url = {http://doi.acm.org/10.1145/1254960.1255034},
 doi = {10.1145/1254960.1255034},
 acmid = {1255034},
 publisher = {ACM},
 address = {New York, NY, USA},
 keywords = {constructionism, design, education, modular robotics, toys},
}

@inproceedings{Stager:2002:CCA:820060.820080,
 author = {Stager, Gary S.},
 title = {Computationally-rich Constructionism and At-risk Learners},
 booktitle = {Proceedings of the Seventh World Conference on Computers in Education Conference on Computers in Education: Australian Topics - Volume 8},
 series = {CRPIT '02},
 year = {2002},
 isbn = {0-909925-86-0},
 location = {Copenhagen, Denmark},
 pages = {105--111},
 numpages = {7},
 url = {http://dl.acm.org/citation.cfm?id=820060.820080},
 acmid = {820080},
 publisher = {Australian Computer Society, Inc.},
 address = {Darlinghurst, Australia, Australia},
}

@inproceedings{Blikstein:2013:MMF:2485760.2485884,
 author = {Blikstein, Paulo and Krannich, Dennis},
 title = {The Makers' Movement and FabLabs in Education: Experiences, Technologies, and Research},
 booktitle = {Proceedings of the 12th International Conference on Interaction Design and Children},
 series = {IDC '13},
 year = {2013},
 isbn = {978-1-4503-1918-8},
 location = {New York, New York, USA},
 pages = {613--616},
 numpages = {4},
 url = {http://doi.acm.org/10.1145/2485760.2485884},
 doi = {10.1145/2485760.2485884},
 acmid = {2485884},
 publisher = {ACM},
 address = {New York, NY, USA},
 keywords = {FabLabs, constructionism, digital fabrication, education, making},
}

@inproceedings{Apiola:2010:CIM:1822090.1822147,
 author = {Apiola, Mikko and Lattu, Matti and Pasanen, Tomi A.},
 title = {Creativity and Intrinsic Motivation in Computer Science Education: Experimenting with Robots},
 booktitle = {Proceedings of the Fifteenth Annual Conference on Innovation and Technology in Computer Science Education},
 series = {ITiCSE '10},
 year = {2010},
 isbn = {978-1-60558-820-9},
 location = {Bilkent, Ankara, Turkey},
 pages = {199--203},
 numpages = {5},
 url = {http://doi.acm.org/10.1145/1822090.1822147},
 doi = {10.1145/1822090.1822147},
 acmid = {1822147},
 publisher = {ACM},
 address = {New York, NY, USA},
 keywords = {constructionism, creativity, motivation, open learning environment, robotics},
}

@inproceedings{Seehra:2014:CMM:2593968.2610454,
 author = {Seehra, Jasjeet Singh and Verma, Ansh and Ramani, Karthik},
 title = {ChiroBot: Modularrobotic Manipulation via Spatial Hand Gestures},
 booktitle = {Proceedings of the 2014 Conference on Interaction Design and Children},
 series = {IDC '14},
 year = {2014},
 isbn = {978-1-4503-2272-0},
 location = {Aarhus, Denmark},
 pages = {209--212},
 numpages = {4},
 url = {http://doi.acm.org/10.1145/2593968.2610454},
 doi = {10.1145/2593968.2610454},
 acmid = {2610454},
 publisher = {ACM},
 address = {New York, NY, USA},
 keywords = {constructionism, gestural interface, modular robot, mplayvalue},
}

@inproceedings{Fernandez:2017:BTP:3078072.3099582,
 author = {Fernandez, Cassia and Rabinovitch, Nathan and Lopes, Roseli de Deus},
 title = {BetaKit: Tinkering with Physical Programming},
 booktitle = {Proceedings of the 2017 Conference on Interaction Design and Children},
 series = {IDC '17},
 year = {2017},
 isbn = {978-1-4503-4921-5},
 location = {Stanford, California, USA},
 pages = {737--741},
 numpages = {5},
 url = {http://doi.acm.org/10.1145/3078072.3099582},
 doi = {10.1145/3078072.3099582},
 acmid = {3099582},
 publisher = {ACM},
 address = {New York, NY, USA},
 keywords = {constructionism, electronics kits, physical programming, robotics, tinkering},
}

@inproceedings{Forte:2007:CTW:1296951.1296955,
 author = {Forte, Andrea and Bruckman, Amy},
 title = {Constructing Text:: Wiki As a Toolkit for (Collaborative?) Learning},
 booktitle = {Proceedings of the 2007 International Symposium on Wikis},
 series = {WikiSym '07},
 year = {2007},
 isbn = {978-1-59593-861-9},
 location = {Montreal, Quebec, Canada},
 pages = {31--42},
 numpages = {12},
 url = {http://doi.acm.org/10.1145/1296951.1296955},
 doi = {10.1145/1296951.1296955},
 acmid = {1296955},
 publisher = {ACM},
 address = {New York, NY, USA},
 keywords = {collaboration, constructionism, education, knowledge building, open content, wiki},
}

@inproceedings{Kim:2016:CTL:2876034.2893411,
 author = {Kim, Meen Chul and Park, Thomas H. and Lee, Brian and Chhabra, Sukrit and Forte, Andrea},
 title = {A Constructionist Toolkit for Learning Elementary Web Development at Scale},
 booktitle = {Proceedings of the Third (2016) ACM Conference on Learning @ Scale},
 series = {L@S '16},
 year = {2016},
 isbn = {978-1-4503-3726-7},
 location = {Edinburgh, Scotland, UK},
 pages = {189--192},
 numpages = {4},
 url = {http://doi.acm.org/10.1145/2876034.2893411},
 doi = {10.1145/2876034.2893411},
 acmid = {2893411},
 publisher = {ACM},
 address = {New York, NY, USA},
 keywords = {computing education at scale, constructionism, informal learning, web development},
}

@inproceedings{Seehra:2015:HCA:2677199.2680570,
 author = {Seehra, Jasjeet Singh and Verma, Ansh and Peppler, Kylie and Ramani, Karthik},
 title = {HandiMate: Create and Animate Using Everyday Objects As Material},
 booktitle = {Proceedings of the Ninth International Conference on Tangible, Embedded, and Embodied Interaction},
 series = {TEI '15},
 year = {2015},
 isbn = {978-1-4503-3305-4},
 location = {Stanford, California, USA},
 pages = {117--124},
 numpages = {8},
 url = {http://doi.acm.org/10.1145/2677199.2680570},
 doi = {10.1145/2677199.2680570},
 acmid = {2680570},
 publisher = {ACM},
 address = {New York, NY, USA},
 keywords = {constructionism, creativity, gestural interface, handicraft, play-value},
}

@inproceedings{Fields:2016:CBD:2839509.2844631,
 author = {Fields, Deborah A. and Quirke, Lisa and Amely, Janell and Maughan, Jason},
 title = {Combining Big Data and Thick Data Analyses for Understanding Youth Learning Trajectories in a Summer Coding Camp},
 booktitle = {Proceedings of the 47th ACM Technical Symposium on Computing Science Education},
 series = {SIGCSE '16},
 year = {2016},
 isbn = {978-1-4503-3685-7},
 location = {Memphis, Tennessee, USA},
 pages = {150--155},
 numpages = {6},
 url = {http://doi.acm.org/10.1145/2839509.2844631},
 doi = {10.1145/2839509.2844631},
 acmid = {2844631},
 publisher = {ACM},
 address = {New York, NY, USA},
 keywords = {assessment, big data, computer science education, constructionism, novice programmers, scratch},
}

@inproceedings{Blikstein:2014:RPI:2593968.2597649,
 author = {Blikstein, Paulo},
 title = {Reempowering Powerful Ideas: Designers' Mission in the Age of Ubiquitous Technology},
 booktitle = {Proceedings of the 2014 Conference on Interaction Design and Children},
 series = {IDC '14},
 year = {2014},
 isbn = {978-1-4503-2272-0},
 location = {Aarhus, Denmark},
 pages = {1--4},
 numpages = {4},
 url = {http://doi.acm.org/10.1145/2593968.2597649},
 doi = {10.1145/2593968.2597649},
 acmid = {2597649},
 publisher = {ACM},
 address = {New York, NY, USA},
 keywords = {constructionism, constructivism, education, interaction design, makers' movement, physical computing, robotics},
}

@inproceedings{Asgar:2011:LLM:1999030.1999067,
 author = {Asgar, Zain and Chan, Joshua and Liu, Chang and Blikstein, Paulo},
 title = {LightUp: A Low-cost, Multi-age Toolkit for Learning and Prototyping Electronics},
 booktitle = {Proceedings of the 10th International Conference on Interaction Design and Children},
 series = {IDC '11},
 year = {2011},
 isbn = {978-1-4503-0751-2},
 location = {Ann Arbor, Michigan},
 pages = {225--226},
 numpages = {2},
 url = {http://doi.acm.org/10.1145/1999030.1999067},
 doi = {10.1145/1999030.1999067},
 acmid = {1999067},
 publisher = {ACM},
 address = {New York, NY, USA},
 keywords = {constructionism, education, electronics, engineering education, tangible interfaces},
}

@inproceedings{Dittert:2010:TUS:1810543.1810567,
 author = {Dittert, Nadine and Schelhowe, Heidi},
 title = {TechSportiv: Using a Smart Textile Toolkit to Approach Young People's Physical Education},
 booktitle = {Proceedings of the 9th International Conference on Interaction Design and Children},
 series = {IDC '10},
 year = {2010},
 isbn = {978-1-60558-951-0},
 location = {Barcelona, Spain},
 pages = {186--189},
 numpages = {4},
 url = {http://doi.acm.org/10.1145/1810543.1810567},
 doi = {10.1145/1810543.1810567},
 acmid = {1810567},
 publisher = {ACM},
 address = {New York, NY, USA},
 keywords = {children, construction kits, constructionism, education, physical education},
}

@inproceedings{Blikstein:2011:ULA:2090116.2090132,
 author = {Blikstein, Paulo},
 title = {Using Learning Analytics to Assess Students' Behavior in Open-ended Programming Tasks},
 booktitle = {Proceedings of the 1st International Conference on Learning Analytics and Knowledge},
 series = {LAK '11},
 year = {2011},
 isbn = {978-1-4503-0944-8},
 location = {Banff, Alberta, Canada},
 pages = {110--116},
 numpages = {7},
 url = {http://doi.acm.org/10.1145/2090116.2090132},
 doi = {10.1145/2090116.2090132},
 acmid = {2090132},
 publisher = {ACM},
 address = {New York, NY, USA},
 keywords = {automated assessment, constructionism, educational data mining, learning analytics, logging},
}

@inproceedings{Parmaxi:2014:AST:2559206.2581267,
 author = {Parmaxi, Antigoni and Zaphiris, Panayiotis},
 title = {Affordances of Social Technologies As Social Microworlds},
 booktitle = {CHI '14 Extended Abstracts on Human Factors in Computing Systems},
 series = {CHI EA '14},
 year = {2014},
 isbn = {978-1-4503-2474-8},
 location = {Toronto, Ontario, Canada},
 pages = {2113--2118},
 numpages = {6},
 url = {http://doi.acm.org/10.1145/2559206.2581267},
 doi = {10.1145/2559206.2581267},
 acmid = {2581267},
 publisher = {ACM},
 address = {New York, NY, USA},
 keywords = {affordances, call, computer assisted language learning, constructionism, limitations, social constructionism, social media, web 2.0},
}

@inproceedings{Boone:2018:PEE:3202185.3210770,
 author = {Boone, Amanda and Rivera, Eileen and Wolf, Jacob},
 title = {Patchwork: An Expressive e-Textile Construction Kit},
 booktitle = {Proceedings of the 17th ACM Conference on Interaction Design and Children},
 series = {IDC '18},
 year = {2018},
 isbn = {978-1-4503-5152-2},
 location = {Trondheim, Norway},
 pages = {529--532},
 numpages = {4},
 url = {http://doi.acm.org/10.1145/3202185.3210770},
 doi = {10.1145/3202185.3210770},
 acmid = {3210770},
 publisher = {ACM},
 address = {New York, NY, USA},
 keywords = {construction kit, constructionism, e-textiles, identity development},
}

@inproceedings{Stager:2003:FWI:857097.857131,
 author = {Stager, Gary S.},
 title = {The Feeling of Wonderful Ideas: Implications for the Future of Teaching and Learning},
 booktitle = {Proceedings of the 3.1 and 3.3 Working Groups Conference on International Federation for Information Processing: ICT and the Teacher of the Future - Volume 23},
 series = {CRPIT '03},
 year = {2003},
 isbn = {1-920682-02-3},
 location = {Melbourne, Australia},
 pages = {111--113},
 numpages = {3},
 url = {http://dl.acm.org/citation.cfm?id=857097.857131},
 acmid = {857131},
 publisher = {Australian Computer Society, Inc.},
 address = {Darlinghurst, Australia, Australia},
 keywords = {constructionism, robotics and programming, teacher development},
}

@inproceedings{Worsley:2012:MLA:2388676.2388755,
 author = {Worsley, Marcelo},
 title = {Multimodal Learning Analytics: Enabling the Future of Learning Through Multimodal Data Analysis and Interfaces},
 booktitle = {Proceedings of the 14th ACM International Conference on Multimodal Interaction},
 series = {ICMI '12},
 year = {2012},
 isbn = {978-1-4503-1467-1},
 location = {Santa Monica, California, USA},
 pages = {353--356},
 numpages = {4},
 url = {http://doi.acm.org/10.1145/2388676.2388755},
 doi = {10.1145/2388676.2388755},
 acmid = {2388755},
 publisher = {ACM},
 address = {New York, NY, USA},
 keywords = {constructionism, data mining, learning, probabilistic modeling},
}

@inproceedings{DuMont:2012:ETD:2307096.2307163,
 author = {DuMont, Maneksha},
 title = {Empowerment Through Design: Engaging Alternative High School Students Through the Design, Development and Crafting of Digitally-enhanced Pets},
 booktitle = {Proceedings of the 11th International Conference on Interaction Design and Children},
 series = {IDC '12},
 year = {2012},
 isbn = {978-1-4503-1007-9},
 location = {Bremen, Germany},
 pages = {343--346},
 numpages = {4},
 url = {http://doi.acm.org/10.1145/2307096.2307163},
 doi = {10.1145/2307096.2307163},
 acmid = {2307163},
 publisher = {ACM},
 address = {New York, NY, USA},
 keywords = {PicoBoard, children's programming, constructionism, debugging, scratch, tangible technologies},
}

@inproceedings{Spangsberg:2017:TPN:3141880.3143781,
 author = {Spangsberg, Thomas Hvid},
 title = {Teaching Programming to non-STEM Novices: A Didactical Study of Computational Thinking and non-STEM Computing Education},
 booktitle = {Proceedings of the 17th Koli Calling International Conference on Computing Education Research},
 series = {Koli Calling '17},
 year = {2017},
 isbn = {978-1-4503-5301-4},
 location = {Koli, Finland},
 pages = {201--202},
 numpages = {2},
 url = {http://doi.acm.org/10.1145/3141880.3143781},
 doi = {10.1145/3141880.3143781},
 acmid = {3143781},
 publisher = {ACM},
 address = {New York, NY, USA},
 keywords = {computational making, computational thinking, constructionism, non-STEM computing education},
}

@inproceedings{Atherton:2017:SBB:3078072.3091992,
 author = {Atherton, Jack and Blikstein, Paulo},
 title = {Sonification Blocks: A Block-Based Programming Environment For Embodied Data Sonification},
 booktitle = {Proceedings of the 2017 Conference on Interaction Design and Children},
 series = {IDC '17},
 year = {2017},
 isbn = {978-1-4503-4921-5},
 location = {Stanford, California, USA},
 pages = {733--736},
 numpages = {4},
 url = {http://doi.acm.org/10.1145/3078072.3091992},
 doi = {10.1145/3078072.3091992},
 acmid = {3091992},
 publisher = {ACM},
 address = {New York, NY, USA},
 keywords = {computer science education, constructionism, embodied cognition, music, sonification},
}

@inproceedings{Cannings:2003:OCF:857097.857101,
 author = {Cannings, Terence and Stager, Gary S.},
 title = {Online Constructionism and the Future of Teacher Education},
 booktitle = {Proceedings of the 3.1 and 3.3 Working Groups Conference on International Federation for Information Processing: ICT and the Teacher of the Future - Volume 23},
 series = {CRPIT '03},
 year = {2003},
 isbn = {1-920682-02-3},
 location = {Melbourne, Australia},
 pages = {13--15},
 numpages = {3},
 url = {http://dl.acm.org/citation.cfm?id=857097.857101},
 acmid = {857101},
 publisher = {Australian Computer Society, Inc.},
 address = {Darlinghurst, Australia, Australia},
 keywords = {E-learning, distance education, distributed learning, online learning},
}

@inproceedings{Dittert:2014:TCO:2639189.2639202,
 author = {Dittert, Nadine},
 title = {TechSportiv: Constructing Objects-to-think-with for Physical Education},
 booktitle = {Proceedings of the 8th Nordic Conference on Human-Computer Interaction: Fun, Fast, Foundational},
 series = {NordiCHI '14},
 year = {2014},
 isbn = {978-1-4503-2542-4},
 location = {Helsinki, Finland},
 pages = {569--577},
 numpages = {9},
 url = {http://doi.acm.org/10.1145/2639189.2639202},
 doi = {10.1145/2639189.2639202},
 acmid = {2639202},
 publisher = {ACM},
 address = {New York, NY, USA},
 keywords = {children, construction kits, constructionism, constructivism, education, physical education, sports},
}

@inproceedings{Helps:2007:DQG:1324302.1324304,
 author = {Helps, Richard},
 title = {Dancing on Quicksand Gracefully: Instructional Design for Rapidly Evolving Technology Courses},
 booktitle = {Proceedings of the 8th ACM SIGITE Conference on Information Technology Education},
 series = {SIGITE '07},
 year = {2007},
 isbn = {978-1-59593-920-3},
 location = {Destin, Florida, USA},
 pages = {1--8},
 numpages = {8},
 url = {http://doi.acm.org/10.1145/1324302.1324304},
 doi = {10.1145/1324302.1324304},
 acmid = {1324304},
 publisher = {ACM},
 address = {New York, NY, USA},
 keywords = {constructionism, design layers, evolution, instructional design, rapid-change},
}

@inproceedings{Hickmott:2017:DTC:3105726.3105728,
 author = {Hickmott, Daniel},
 title = {Developing Teachers As Computational Participants},
 booktitle = {Proceedings of the 2017 ACM Conference on International Computing Education Research},
 series = {ICER '17},
 year = {2017},
 isbn = {978-1-4503-4968-0},
 location = {Tacoma, Washington, USA},
 pages = {265--266},
 numpages = {2},
 url = {http://doi.acm.org/10.1145/3105726.3105728},
 doi = {10.1145/3105726.3105728},
 acmid = {3105728},
 publisher = {ACM},
 address = {New York, NY, USA},
 keywords = {computational participation, constructionism, primary school, teacher professional development},
}

@inproceedings{Soloway:1996:ILE:257089.257386,
 author = {Soloway, Elliot},
 title = {Interactive Learning Environments: Where They'Ve Come from \&Amp; Where They'Re Going},
 booktitle = {Conference Companion on Human Factors in Computing Systems},
 series = {CHI '96},
 year = {1996},
 isbn = {0-89791-832-0},
 location = {Vancouver, British Columbia, Canada},
 pages = {384--385},
 numpages = {2},
 url = {http://doi.acm.org/10.1145/257089.257386},
 doi = {10.1145/257089.257386},
 acmid = {257386},
 publisher = {ACM},
 address = {New York, NY, USA},
 keywords = {constructionism, education \&amp; computers, intelligent tutoring systems, interactive learning environments},
}

@inproceedings{Przybylla:2014:PCC:2632320.2632336,
 author = {Przybylla, Mareen},
 title = {Physical Computing in Computer Science Education},
 booktitle = {Proceedings of the Tenth Annual Conference on International Computing Education Research},
 series = {ICER '14},
 year = {2014},
 isbn = {978-1-4503-2755-8},
 location = {Glasgow, Scotland, United Kingdom},
 pages = {169--170},
 numpages = {2},
 url = {http://doi.acm.org/10.1145/2632320.2632336},
 doi = {10.1145/2632320.2632336},
 acmid = {2632336},
 publisher = {ACM},
 address = {New York, NY, USA},
 keywords = {constructionism, creativity, curriculum, interactive objects, motivation, physical computing},
}

@inproceedings{Przybylla:2014:PCC:2670757.2670782,
 author = {Przybylla, Mareen and Romeike, Ralf},
 title = {Physical Computing in Computer Science Education},
 booktitle = {Proceedings of the 9th Workshop in Primary and Secondary Computing Education},
 series = {WiPSCE '14},
 year = {2014},
 isbn = {978-1-4503-3250-7},
 location = {Berlin, Germany},
 pages = {136--137},
 numpages = {2},
 url = {http://doi.acm.org/10.1145/2670757.2670782},
 doi = {10.1145/2670757.2670782},
 acmid = {2670782},
 publisher = {ACM},
 address = {New York, NY, USA},
 keywords = {constructionism, creativity, curriculum, interactive objects, motivation, physical computing},
}

@inproceedings{Tseng:2011:CTD:1999030.1999044,
 author = {Tseng, Tiffany and Bryant, Coram and Blikstein, Paulo},
 title = {Collaboration Through Documentation: Automated Capturing of Tangible Constructions to Support Engineering Design},
 booktitle = {Proceedings of the 10th International Conference on Interaction Design and Children},
 series = {IDC '11},
 year = {2011},
 isbn = {978-1-4503-0751-2},
 location = {Ann Arbor, Michigan},
 pages = {118--126},
 numpages = {9},
 url = {http://doi.acm.org/10.1145/1999030.1999044},
 doi = {10.1145/1999030.1999044},
 acmid = {1999044},
 publisher = {ACM},
 address = {New York, NY, USA},
 keywords = {constructionism, engineering design, example-based learning, tangible interfaces},
}

@inproceedings{Przybylla:2016:SPC:2960310.2960351,
 author = {Przybylla, Mareen},
 title = {Situating Physical Computing in Secondary CS Education},
 booktitle = {Proceedings of the 2016 ACM Conference on International Computing Education Research},
 series = {ICER '16},
 year = {2016},
 isbn = {978-1-4503-4449-4},
 location = {Melbourne, VIC, Australia},
 pages = {287--288},
 numpages = {2},
 url = {http://doi.acm.org/10.1145/2960310.2960351},
 doi = {10.1145/2960310.2960351},
 acmid = {2960351},
 publisher = {ACM},
 address = {New York, NY, USA},
 keywords = {constructionism, educational reconstruction, embedded systems, physical computing, secondary cs education},
}

@inproceedings{vanEs:2017:DCT:3141880.3141883,
 author = {van Es, Nienke and Jeuring, Johan},
 title = {Designing and Comparing Two Scratch-based Teaching Approaches for Students Aged 10--12 Years},
 booktitle = {Proceedings of the 17th Koli Calling International Conference on Computing Education Research},
 series = {Koli Calling '17},
 year = {2017},
 isbn = {978-1-4503-5301-4},
 location = {Koli, Finland},
 pages = {178--182},
 numpages = {5},
 url = {http://doi.acm.org/10.1145/3141880.3141883},
 doi = {10.1145/3141880.3141883},
 acmid = {3141883},
 publisher = {ACM},
 address = {New York, NY, USA},
 keywords = {4C/ID, comparing teaching approaches, constructionism, primary school, teaching scratch programming},
}

@article{Korte:2007:LGN:1269900.1268802,
 author = {Korte, Laura and Anderson, Stuart and Pain, Helen and Good, Judith},
 title = {Learning by Game-building: A Novel Approach to Theoretical Computer Science Education},
 journal = {SIGCSE Bull.},
 issue_date = {September 2007},
 volume = {39},
 number = {3},
 month = jun,
 year = {2007},
 issn = {0097-8418},
 pages = {53--57},
 numpages = {5},
 url = {http://doi.acm.org/10.1145/1269900.1268802},
 doi = {10.1145/1269900.1268802},
 acmid = {1268802},
 publisher = {ACM},
 address = {New York, NY, USA},
 keywords = {automata theory, constructionism, game-based learning, game-building, regular languages, theoretical computer science, turing machines},
}

@inproceedings{Korte:2007:LGN:1268784.1268802,
 author = {Korte, Laura and Anderson, Stuart and Pain, Helen and Good, Judith},
 title = {Learning by Game-building: A Novel Approach to Theoretical Computer Science Education},
 booktitle = {Proceedings of the 12th Annual SIGCSE Conference on Innovation and Technology in Computer Science Education},
 series = {ITiCSE '07},
 year = {2007},
 isbn = {978-1-59593-610-3},
 location = {Dundee, Scotland},
 pages = {53--57},
 numpages = {5},
 url = {http://doi.acm.org/10.1145/1268784.1268802},
 doi = {10.1145/1268784.1268802},
 acmid = {1268802},
 publisher = {ACM},
 address = {New York, NY, USA},
 keywords = {automata theory, constructionism, game-based learning, game-building, regular languages, theoretical computer science, turing machines},
}

@inproceedings{Elliott:2002:DIM:778712.778725,
 author = {Elliott, Jason and Bruckman, Amy},
 title = {Design of a 3D Interactive Math Learning Environment},
 booktitle = {Proceedings of the 4th Conference on Designing Interactive Systems: Processes, Practices, Methods, and Techniques},
 series = {DIS '02},
 year = {2002},
 isbn = {1-58113-515-7},
 location = {London, England},
 pages = {64--74},
 numpages = {11},
 url = {http://doi.acm.org/10.1145/778712.778725},
 doi = {10.1145/778712.778725},
 acmid = {778725},
 publisher = {ACM},
 address = {New York, NY, USA},
 keywords = {3D, CSCL, constructionism, education applications, math learning, online communities, usability},
}

@article{Meerbaum--Salant:2010:ACM:1656255.1656259,
 author = {Meerbaum--Salant, Orni and Hazzan, Orit},
 title = {An Agile Constructionist Mentoring Methodology for Software Projects in the High School},
 journal = {ACM Trans. Comput. Educ.},
 issue_date = {January 2010},
 volume = {9},
 number = {4},
 month = jan,
 year = {2010},
 issn = {1946-6226},
 pages = {21:1--21:29},
 articleno = {21},
 numpages = {29},
 url = {http://doi.acm.org/10.1145/1656255.1656259},
 doi = {10.1145/1656255.1656259},
 acmid = {1656259},
 publisher = {ACM},
 address = {New York, NY, USA},
 keywords = {Computer science education, Shulman's teacher knowledge base model, agile software development, constructionism},
}

@inproceedings{Baker:2014:SSS:2688471.2688477,
 author = {Baker, Simon and Dekov, Stoyan and Fakih, Fadi and Medvesek, Jan and Shum, Venus and Mohamedally, Dean},
 title = {Supporting Situated STEM Learning: TouchDevelop Integration of the UCL Engduino over Bluetooth},
 booktitle = {Proceedings of the 2Nd Workshop on Programming for Mobile \&\#38; Touch},
 series = {PROMOTO '14},
 year = {2014},
 isbn = {978-1-4503-2295-9},
 location = {Portland, Oregon, USA},
 pages = {17--20},
 numpages = {4},
 url = {http://doi.acm.org/10.1145/2688471.2688477},
 doi = {10.1145/2688471.2688477},
 acmid = {2688477},
 publisher = {ACM},
 address = {New York, NY, USA},
 keywords = {arduino, constructionism, engduino, learning by doing, phone programming with bluetooth, stem, touchdevelop},
}

@inproceedings{Petri:2015:PGJ:2786567.2801610,
 author = {Petri, Anja and Schindler, Christian and Slany, Wolfgang and Spieler, Bernadette and Smith, Jonathan},
 title = {Pocket Game Jams: A Constructionist Approach at Schools},
 booktitle = {Proceedings of the 17th International Conference on Human-Computer Interaction with Mobile Devices and Services Adjunct},
 series = {MobileHCI '15},
 year = {2015},
 isbn = {978-1-4503-3653-6},
 location = {Copenhagen, Denmark},
 pages = {1207--1211},
 numpages = {5},
 url = {http://doi.acm.org/10.1145/2786567.2801610},
 doi = {10.1145/2786567.2801610},
 acmid = {2801610},
 publisher = {ACM},
 address = {New York, NY, USA},
 keywords = {Game Jam, Pocket Code, Pocket Game Jam, constructionism, constructivism, educational application, learning by doing},
}

@inproceedings{Campos:2019:SIT:3311890.3311903,
 author = {Campos, Fabio and Soster, Tatiana and Blikstein, Paulo},
 title = {Sorry, I Was in Teacher Mode Today: Pivotal Tensions and Contradictory Discourses in Real-World Implementations of School Makerspaces},
 booktitle = {Proceedings of FabLearn 2019},
 series = {FL2019},
 year = {2019},
 isbn = {978-1-4503-6244-3},
 location = {New York, NY, USA},
 pages = {96--103},
 numpages = {8},
 url = {http://doi.acm.org/10.1145/3311890.3311903},
 doi = {10.1145/3311890.3311903},
 acmid = {3311903},
 publisher = {ACM},
 address = {New York, NY, USA},
 keywords = {Constructionism, Critical Pedagogy, Culturally-Relevant Pedagogies, Makerspaces, STEM Education, School Reform},
}

@inproceedings{Fernandez:2019:VPI:3311927.3325338,
 author = {Fernandez, Kenneth and Go, Caitlin and He, Jiayu},
 title = {VisualNote: Physical Image Tagging for Building a Personal Visual Library},
 booktitle = {Proceedings of the 18th ACM International Conference on Interaction Design and Children},
 series = {IDC '19},
 year = {2019},
 isbn = {978-1-4503-6690-8},
 location = {Boise, ID, USA},
 pages = {652--655},
 numpages = {4},
 url = {http://doi.acm.org/10.1145/3311927.3325338},
 doi = {10.1145/3311927.3325338},
 acmid = {3325338},
 publisher = {ACM},
 address = {New York, NY, USA},
 keywords = {constructionism, manipulatives, sketchnotes, tangibles, universal design for learning, visual note-taking},
}

@inproceedings{Fadjo:2013:CSE:2445196.2445428,
 author = {Fadjo, Cameron L.},
 title = {A Comprehensive Software Engineering Education Program for Grades 6 to 12 in NYC Public Schools (Abstract Only)},
 booktitle = {Proceeding of the 44th ACM Technical Symposium on Computer Science Education},
 series = {SIGCSE '13},
 year = {2013},
 isbn = {978-1-4503-1868-6},
 location = {Denver, Colorado, USA},
 pages = {735--735},
 numpages = {1},
 url = {http://doi.acm.org/10.1145/2445196.2445428},
 doi = {10.1145/2445196.2445428},
 acmid = {2445428},
 publisher = {ACM},
 address = {New York, NY, USA},
 keywords = {college and career readiness, computing education, constructionism, curriculum design, gender, grounded embodied pedagogy, instructional embodiment, software engineering education},
}

@inproceedings{Behnke:2016:CSP:2960310.2960336,
 author = {Behnke, Kara Alexandra and Kos, Brittany Ann and Bennett, John K.},
 title = {Computer Science Principles: Impacting Student Motivation \&\#38; Learning Within and Beyond the Classroom},
 booktitle = {Proceedings of the 2016 ACM Conference on International Computing Education Research},
 series = {ICER '16},
 year = {2016},
 isbn = {978-1-4503-4449-4},
 location = {Melbourne, VIC, Australia},
 pages = {171--180},
 numpages = {10},
 url = {http://doi.acm.org/10.1145/2960310.2960336},
 doi = {10.1145/2960310.2960336},
 acmid = {2960336},
 publisher = {ACM},
 address = {New York, NY, USA},
 keywords = {computational thinking, computer science principles, connectivism, constructionism, learning outcomes., motivation, self-determination theory, self-directed learning},
}

@inproceedings{Stager:2013:PPF:2485760.2485811,
 author = {Stager, Gary S.},
 title = {Papert's Prison Fab Lab: Implications for the Maker Movement and Education Design},
 booktitle = {Proceedings of the 12th International Conference on Interaction Design and Children},
 series = {IDC '13},
 year = {2013},
 isbn = {978-1-4503-1918-8},
 location = {New York, New York, USA},
 pages = {487--490},
 numpages = {4},
 url = {http://doi.acm.org/10.1145/2485760.2485811},
 doi = {10.1145/2485760.2485811},
 acmid = {2485811},
 publisher = {ACM},
 address = {New York, NY, USA},
 keywords = {Reggio Emilia approach, arduino, at-risk learners, constructionism, design, fab lab, maker movement, physical computing, school reform, seymour papert},
}

@inproceedings{Panjwani:2017:CMD:3078072.3079723,
 author = {Panjwani, Alisha},
 title = {Constructing Meaning: Designing Powerful Story-Making Explorations for Children to Express with Tangible Computational Media},
 booktitle = {Proceedings of the 2017 Conference on Interaction Design and Children},
 series = {IDC '17},
 year = {2017},
 isbn = {978-1-4503-4921-5},
 location = {Stanford, California, USA},
 pages = {358--364},
 numpages = {7},
 url = {http://doi.acm.org/10.1145/3078072.3079723},
 doi = {10.1145/3078072.3079723},
 acmid = {3079723},
 publisher = {ACM},
 address = {New York, NY, USA},
 keywords = {children, constructionism, creativity, education, learning, self-expression, storytelling, tangible computational media},
}

@inproceedings{Dasgupta:2018:WIE:3173574.3173935,
 author = {Dasgupta, Sayamindu and Hill, Benjamin Mako},
 title = {How ``Wide Walls'' Can Increase Engagement: Evidence From a Natural Experiment in Scratch},
 booktitle = {Proceedings of the 2018 CHI Conference on Human Factors in Computing Systems},
 series = {CHI '18},
 year = {2018},
 isbn = {978-1-4503-5620-6},
 location = {Montreal QC, Canada},
 pages = {361:1--361:11},
 articleno = {361},
 numpages = {11},
 url = {http://doi.acm.org/10.1145/3173574.3173935},
 doi = {10.1145/3173574.3173935},
 acmid = {3173935},
 publisher = {ACM},
 address = {New York, NY, USA},
 keywords = {computers and children, constructionism, creativity support tools, design, evaluation, learning, scratch},
}

@inproceedings{Joyner:2015:IIM:2678025.2701398,
 author = {Joyner, David A. and Goel, Ashok K.},
 title = {Improving Inquiry-Driven Modeling in Science Education Through Interaction with Intelligent Tutoring Agents},
 booktitle = {Proceedings of the 20th International Conference on Intelligent User Interfaces},
 series = {IUI '15},
 year = {2015},
 isbn = {978-1-4503-3306-1},
 location = {Atlanta, Georgia, USA},
 pages = {5--16},
 numpages = {12},
 url = {http://doi.acm.org/10.1145/2678025.2701398},
 doi = {10.1145/2678025.2701398},
 acmid = {2701398},
 publisher = {ACM},
 address = {New York, NY, USA},
 keywords = {constructionism, discovery-based learning, guided instruction, inquiry-based learning, metacognitive tutoring, scientific discovery, scientific inquiry},
}

@inproceedings{Fordham:2015:DCT:2676723.2691940,
 author = {Fordham, Eileen and Freger, Halley and Hinchman-Dominguez, Amanda and Mitchell, Alexander and Rebelsky, Daniel and Tsou, Victoria and Wheeler, Earnest and Wolter, Zoe and Rebelsky, Samuel A.},
 title = {Developing Computational Thinking Through Image Making and Constructionist Learning (Abstract Only)},
 booktitle = {Proceedings of the 46th ACM Technical Symposium on Computer Science Education},
 series = {SIGCSE '15},
 year = {2015},
 isbn = {978-1-4503-2966-8},
 location = {Kansas City, Missouri, USA},
 pages = {690--690},
 numpages = {1},
 url = {http://doi.acm.org/10.1145/2676723.2691940},
 doi = {10.1145/2676723.2691940},
 acmid = {2691940},
 publisher = {ACM},
 address = {New York, NY, USA},
 keywords = {animation, computational thinking, constructionism, functional programming, open source, social media, web software},
}

@inproceedings{Starbird:2011:MUS:1940761.1940844,
 author = {Starbird, Kate and Palen, Leysia},
 title = {More Than the Usual Suspects: The Physical Self and Other Resources for Learning to Program Using a 3D Avatar Environment},
 booktitle = {Proceedings of the 2011 iConference},
 series = {iConference '11},
 year = {2011},
 isbn = {978-1-4503-0121-3},
 location = {Seattle, Washington, USA},
 pages = {614--621},
 numpages = {8},
 url = {http://doi.acm.org/10.1145/1940761.1940844},
 doi = {10.1145/1940761.1940844},
 acmid = {1940844},
 publisher = {ACM},
 address = {New York, NY, USA},
 keywords = {avatars, broadening participation, computer science education, constructionism, distributed cognition, end-user programming, interaction analysis, online-identity, social networks},
}

@inproceedings{Miller:2012:MTC:2148131.2148185,
 author = {Miller, Andrea and Rosenbaum, Claire and Blikstein, Paulo},
 title = {MagneTracks: A Tangible Constructionist Toolkit for Newtonian Physics},
 booktitle = {Proceedings of the Sixth International Conference on Tangible, Embedded and Embodied Interaction},
 series = {TEI '12},
 year = {2012},
 isbn = {978-1-4503-1174-8},
 location = {Kingston, Ontario, Canada},
 pages = {253--256},
 numpages = {4},
 url = {http://doi.acm.org/10.1145/2148131.2148185},
 doi = {10.1145/2148131.2148185},
 acmid = {2148185},
 publisher = {ACM},
 address = {New York, NY, USA},
 keywords = {cognitive load, constructionism, constructivism, design, dynamic tangible interaction, scaffolding, vertical interfaces},
}

@inproceedings{Halan:2018:ESA:3237383.3237948,
 author = {Halan, Shivashankar and Sia, Isaac and Miles, Anna and Crary, Michael and Lok, Benjamin},
 title = {Engineering Social Agent Creation into an Opportunity for Interviewing and Interpersonal Skills Training: Socially Interactive Agents Track},
 booktitle = {Proceedings of the 17th International Conference on Autonomous Agents and MultiAgent Systems},
 series = {AAMAS '18},
 year = {2018},
 location = {Stockholm, Sweden},
 pages = {1675--1683},
 numpages = {9},
 url = {http://dl.acm.org/citation.cfm?id=3237383.3237948},
 acmid = {3237948},
 publisher = {International Foundation for Autonomous Agents and Multiagent Systems},
 address = {Richland, SC},
 keywords = {constructionism, embodied conversational agents, healthcare education, interpersonal skills training, virtual patients, virtual social agents},
}

@inproceedings{Alekh:2018:ASF:3213818.3213830,
 author = {Alekh, Velayudhan and Vennila, Vilvanathan and Nair, Rahul and Susmitha, Vattigunta and Muraleedharan, Anirudh and Alkoyak-Yildiz, Meltem and Akshay, Nagarajan and Bhavani, Rao R.},
 title = {Aim for the Sky: Fostering a Constructionist Learning Environment for Teaching Maker Skills to Children in India},
 booktitle = {Proceedings of the Conference on Creativity and Making in Education},
 series = {FabLearn Europe'18},
 year = {2018},
 isbn = {978-1-4503-5371-7},
 location = {Trondheim, Norway},
 pages = {87--94},
 numpages = {8},
 url = {http://doi.acm.org/10.1145/3213818.3213830},
 doi = {10.1145/3213818.3213830},
 acmid = {3213830},
 publisher = {ACM},
 address = {New York, NY, USA},
 keywords = {21st century skills, Experiential learning, Higher order thinking skills, Product design, STEM, co-creation, constraint based design, constructionism, middle school education, participatory design},
}

@article{Ames:2018:HCC:3290265.3274287,
 author = {Ames, Morgan G.},
 title = {Hackers, Computers, and Cooperation: A Critical History of Logo and Constructionist Learning},
 journal = {Proc. ACM Hum.-Comput. Interact.},
 issue_date = {November 2018},
 volume = {2},
 number = {CSCW},
 month = nov,
 year = {2018},
 issn = {2573-0142},
 pages = {18:1--18:19},
 articleno = {18},
 numpages = {19},
 url = {http://doi.acm.org/10.1145/3274287},
 doi = {10.1145/3274287},
 acmid = {3274287},
 publisher = {ACM},
 address = {New York, NY, USA},
 keywords = {ai, constructionism, education, fablabs, hackers, ideology, learning, logo, maker movement, media lab, mindstorms, mit, olpc, piaget, robotics, scaffolding, school, scratch, seymour papert, teachers},
}

@inproceedings{Pena-Rios:2012:RMR:2457523.2457567,
 author = {Pena-Rios, Anasol and Callaghan, Vic and Gardner, Michael and Alhaddad, Mohammed J.},
 title = {Remote Mixed Reality Collaborative Laboratory Activities: Learning Activities Within the InterReality Portal},
 booktitle = {Proceedings of the The 2012 IEEE/WIC/ACM International Joint Conferences on Web Intelligence and Intelligent Agent Technology - Volume 03},
 series = {WI-IAT '12},
 year = {2012},
 isbn = {978-0-7695-4880-7},
 pages = {362--366},
 numpages = {5},
 url = {https://doi.org/10.1109/WI-IAT.2012.43},
 doi = {10.1109/WI-IAT.2012.43},
 acmid = {2457567},
 publisher = {IEEE Computer Society},
 address = {Washington, DC, USA},
 keywords = {Mixed reality, dual reality, xReality objects, blended reality, virtual laboratory, learning design, co-creative learning, constructionism, problem-based learning (PBL), immersive learning, interreality portal},
}

@inproceedings{Trappe:2012:CAT:2307096.2307122,
 author = {Trappe, Christoph},
 title = {Creative Access to Technology: Building Sounding Artifacts with Children},
 booktitle = {Proceedings of the 11th International Conference on Interaction Design and Children},
 series = {IDC '12},
 year = {2012},
 isbn = {978-1-4503-1007-9},
 location = {Bremen, Germany},
 pages = {188--191},
 numpages = {4},
 url = {http://doi.acm.org/10.1145/2307096.2307122},
 doi = {10.1145/2307096.2307122},
 acmid = {2307122},
 publisher = {ACM},
 address = {New York, NY, USA},
 keywords = {auditory interaction, child computer interaction, constructionism, expressiveness, human-computer interface design, interactive audio systems, music composition and generation, sound and music computing, technology design activities},
}

