@inproceedings{Bares:2019:AGB:3287324.3287435,
 author = {Bares, William H. and Manaris, Bill and McCauley, Ren{\'e}e and Moore, Christine},
 title = {Achieving Gender Balance Through Creative Expression},
 booktitle = {Proceedings of the 50th ACM Technical Symposium on Computer Science Education},
 series = {SIGCSE '19},
 year = {2019},
 isbn = {978-1-4503-5890-3},
 location = {Minneapolis, MN, USA},
 pages = {293--299},
 numpages = {7},
 url = {http://doi.acm.org/10.1145/3287324.3287435},
 doi = {10.1145/3287324.3287435},
 acmid = {3287435},
 publisher = {ACM},
 address = {New York, NY, USA},
 keywords = {art, broadening participation, contextualized computing, creativity, curriculum},
}

@inproceedings{LaMarche:2013:UIC:2493394.2493423,
 author = {La Marche, Jeffrey Steven},
 title = {User Interface Computation As a Contextualized Approach for Introductory Computing Instruction},
 booktitle = {Proceedings of the Ninth Annual International ACM Conference on International Computing Education Research},
 series = {ICER '13},
 year = {2013},
 isbn = {978-1-4503-2243-0},
 location = {San Diego, San California, USA},
 pages = {179--180},
 numpages = {2},
 url = {http://doi.acm.org/10.1145/2493394.2493423},
 doi = {10.1145/2493394.2493423},
 acmid = {2493423},
 publisher = {ACM},
 address = {New York, NY, USA},
 keywords = {active learning, contextualized computing, cs1, pair programming, peer instruction, programming, user interface computation},
}

@inproceedings{Porter:2013:RNO:2445196.2445248,
 author = {Porter, Leo and Simon, Beth},
 title = {Retaining Nearly One-third More Majors with a Trio of Instructional Best Practices in CS1},
 booktitle = {Proceeding of the 44th ACM Technical Symposium on Computer Science Education},
 series = {SIGCSE '13},
 year = {2013},
 isbn = {978-1-4503-1868-6},
 location = {Denver, Colorado, USA},
 pages = {165--170},
 numpages = {6},
 url = {http://doi.acm.org/10.1145/2445196.2445248},
 doi = {10.1145/2445196.2445248},
 acmid = {2445248},
 publisher = {ACM},
 address = {New York, NY, USA},
 keywords = {active learning, contextualized computing, pair programming, peer instruction, student-centric learning},
}

@article{Guzdial:2010:CCE:1869746.1869747,
 author = {Guzdial, Mark},
 title = {Does Contextualized Computing Education Help?},
 journal = {ACM Inroads},
 issue_date = {December 2010},
 volume = {1},
 number = {4},
 month = dec,
 year = {2010},
 issn = {2153-2184},
 pages = {4--6},
 numpages = {3},
 url = {http://doi.acm.org/10.1145/1869746.1869747},
 doi = {10.1145/1869746.1869747},
 acmid = {1869747},
 publisher = {ACM},
 address = {New York, NY, USA},
 keywords = {assessment, context, psychology},
}

@inproceedings{Guzdial:2009:CCE:1862712.1862714,
 author = {Guzdial, Mark},
 title = {Contextualized Computing Education of Programming},
 booktitle = {Proceedings of the Eleventh Australasian Conference on Computing Education - Volume 95},
 series = {ACE '09},
 year = {2009},
 isbn = {978-1-920682-76-7},
 location = {Wellington, New Zealand},
 pages = {3--3},
 numpages = {1},
 url = {http://dl.acm.org/citation.cfm?id=1862712.1862714},
 acmid = {1862714},
 publisher = {Australian Computer Society, Inc.},
 address = {Darlinghurst, Australia, Australia},
}

@inproceedings{Xu:2016:CCH:2839509.2844611,
 author = {Xu, Dianna and Cadle, Aaron and Thompson, Darby and Wolz, Ursula and Greenberg, Ira and Kumar, Deepak},
 title = {Creative Computation in High School},
 booktitle = {Proceedings of the 47th ACM Technical Symposium on Computing Science Education},
 series = {SIGCSE '16},
 year = {2016},
 isbn = {978-1-4503-3685-7},
 location = {Memphis, Tennessee, USA},
 pages = {273--278},
 numpages = {6},
 url = {http://doi.acm.org/10.1145/2839509.2844611},
 doi = {10.1145/2839509.2844611},
 acmid = {2844611},
 publisher = {ACM},
 address = {New York, NY, USA},
 keywords = {creative computation, cs0, cs1, education, k-12, pedagogy, processing.},
}

@inproceedings{Uludag:2011:IIS:2047594.2047645,
 author = {Uludag, Suleyman and Karakus, Murat and Turner, Stephen W.},
 title = {Implementing IT0/CS0 with Scratch, App Inventor Forandroid, and Lego Mindstorms},
 booktitle = {Proceedings of the 2011 Conference on Information Technology Education},
 series = {SIGITE '11},
 year = {2011},
 isbn = {978-1-4503-1017-8},
 location = {West Point, New York, USA},
 pages = {183--190},
 numpages = {8},
 url = {http://doi.acm.org/10.1145/2047594.2047645},
 doi = {10.1145/2047594.2047645},
 acmid = {2047645},
 publisher = {ACM},
 address = {New York, NY, USA},
 keywords = {CS education, CS0, IT education, IT0, computer science for non-majors, information literacy, introductory programming, novice programming environments},
}

@article{Guzdial:2010:MEN:1858449.1858450,
 author = {Guzdial, Mark},
 title = {Meeting Everyone's Need for Computing},
 journal = {J. Comput. Sci. Coll.},
 issue_date = {October 2010},
 volume = {26},
 number = {1},
 month = oct,
 year = {2010},
 issn = {1937-4771},
 pages = {5--5},
 numpages = {1},
 url = {http://dl.acm.org/citation.cfm?id=1858449.1858450},
 acmid = {1858450},
 publisher = {Consortium for Computing Sciences in Colleges},
 address = {USA},
}

@inproceedings{Wang:2008:STT:1414558.1414609,
 author = {Wang, Andy Ju An},
 title = {A Security Thread in a Thread-based Curriculum},
 booktitle = {Proceedings of the 9th ACM SIGITE Conference on Information Technology Education},
 series = {SIGITE '08},
 year = {2008},
 isbn = {978-1-60558-329-7},
 location = {Cincinnati, OH, USA},
 pages = {193--200},
 numpages = {8},
 url = {http://doi.acm.org/10.1145/1414558.1414609},
 doi = {10.1145/1414558.1414609},
 acmid = {1414609},
 publisher = {ACM},
 address = {New York, NY, USA},
 keywords = {information assurance education, information security, it curriculum, threads model},
}

@inproceedings{Saad:2009:ATC:1631728.1631786,
 author = {Saad, Ashraf and Wang, Andy},
 title = {Adopting Threads for Computing Education: Lessons Learned to Date from an Nsf Cpath Project},
 booktitle = {Proceedings of the 10th ACM Conference on SIG-information Technology Education},
 series = {SIGITE '09},
 year = {2009},
 isbn = {978-1-60558-765-3},
 location = {Fairfax, Virginia, USA},
 pages = {203--204},
 numpages = {2},
 url = {http://doi.acm.org/10.1145/1631728.1631786},
 doi = {10.1145/1631728.1631786},
 acmid = {1631786},
 publisher = {ACM},
 address = {New York, NY, USA},
 keywords = {computing education, nsf cpath project},
}

