@inproceedings{Ferguson:2015:EEA:2723576.2723606,
 author = {Ferguson, Rebecca and Clow, Doug},
 title = {Examining Engagement: Analysing Learner Subpopulations in Massive Open Online Courses (MOOCs)},
 booktitle = {Proceedings of the Fifth International Conference on Learning Analytics And Knowledge},
 series = {LAK '15},
 year = {2015},
 isbn = {978-1-4503-3417-4},
 location = {Poughkeepsie, New York},
 pages = {51--58},
 numpages = {8},
 url = {http://doi.acm.org/10.1145/2723576.2723606},
 doi = {10.1145/2723576.2723606},
 acmid = {2723606},
 publisher = {ACM},
 address = {New York, NY, USA},
 keywords = {MOOCs, learner engagement patterns, learning analytics},
}

@inproceedings{Mallen:2005:RGP:1056224.1056238,
 author = {Mallen, George},
 title = {Reflections on Gordon Pask's Adaptive Teaching Concepts and Their Relevance to Modern Knowledge Systems},
 booktitle = {Proceedings of the 5th Conference on Creativity \&Amp; Cognition},
 series = {C\&amp;C '05},
 year = {2005},
 isbn = {1-59593-025-6},
 location = {London, United Kingdom},
 pages = {86--91},
 numpages = {6},
 url = {http://doi.acm.org/10.1145/1056224.1056238},
 doi = {10.1145/1056224.1056238},
 acmid = {1056238},
 publisher = {ACM},
 address = {New York, NY, USA},
 keywords = {adaptive, cognitive, cybernetics, knowledge, learning, systems},
}

@inproceedings{Sharples:2016:EPS:2876034.2896321,
 author = {Sharples, Mike},
 title = {Effective Pedagogy at Scale: Social Learning and Citizen Inquiry},
 booktitle = {Proceedings of the Third (2016) ACM Conference on Learning @ Scale},
 series = {L@S '16},
 year = {2016},
 isbn = {978-1-4503-3726-7},
 location = {Edinburgh, Scotland, UK},
 pages = {339--340},
 numpages = {2},
 url = {http://doi.acm.org/10.1145/2876034.2896321},
 doi = {10.1145/2876034.2896321},
 acmid = {2896321},
 publisher = {ACM},
 address = {New York, NY, USA},
}

@inproceedings{Henry:2009:ERM:1836029.1836048,
 author = {Henry, Mark and Abala, Adam},
 title = {e-Learning Research Methods and Approaches},
 booktitle = {Proceedings of the First Kuwait Conference on e-Services and e-Systems},
 series = {eConf '09},
 year = {2009},
 isbn = {978-1-60558-797-4},
 location = {Kuwait},
 pages = {19:1--19:4},
 articleno = {19},
 numpages = {4},
 url = {http://doi.acm.org/10.1145/1836029.1836048},
 doi = {10.1145/1836029.1836048},
 acmid = {1836048},
 publisher = {ACM},
 address = {New York, NY, USA},
 keywords = {assessment, attitude, design research, e-learning, feedback, learning, problem, research},
}

@article{Talabis:2006:HLD:1138403.1138445,
 author = {Talabis, Ryan},
 title = {Honeynet Learning: Discovering IT Security},
 journal = {SIGCSE Bull.},
 issue_date = {June 2006},
 volume = {38},
 number = {2},
 month = jun,
 year = {2006},
 issn = {0097-8418},
 pages = {110--114},
 numpages = {5},
 url = {http://doi.acm.org/10.1145/1138403.1138445},
 doi = {10.1145/1138403.1138445},
 acmid = {1138445},
 publisher = {ACM},
 address = {New York, NY, USA},
 keywords = {Honeynets, IT education, IT security, problem-based learning},
}

@article{Sharples:2002:DIM:594351.594358,
 author = {Sharples, Mike and Corlett, Dan and Westmancott, Oliver},
 title = {The Design and Implementation of a Mobile Learning Resource},
 journal = {Personal Ubiquitous Comput.},
 issue_date = {May 2002},
 volume = {6},
 number = {3},
 month = jan,
 year = {2002},
 issn = {1617-4909},
 pages = {220--234},
 numpages = {15},
 url = {https://doi.org/10.1007/s007790200021},
 doi = {10.1007/s007790200021},
 acmid = {594358},
 publisher = {Springer-Verlag},
 address = {London, UK, UK},
}

@inproceedings{Clow:2012:LAC:2330601.2330636,
 author = {Clow, Doug},
 title = {The Learning Analytics Cycle: Closing the Loop Effectively},
 booktitle = {Proceedings of the 2Nd International Conference on Learning Analytics and Knowledge},
 series = {LAK '12},
 year = {2012},
 isbn = {978-1-4503-1111-3},
 location = {Vancouver, British Columbia, Canada},
 pages = {134--138},
 numpages = {5},
 url = {http://doi.acm.org/10.1145/2330601.2330636},
 doi = {10.1145/2330601.2330636},
 acmid = {2330636},
 publisher = {ACM},
 address = {New York, NY, USA},
 keywords = {academic analytics, analytics, feedback, learning analytics, policy},
}

@inproceedings{Nandi:2011:ASO:2459936.2459952,
 author = {Nandi, Dip and Hamilton, Margaret and Harland, James and Warburton, Geoff},
 title = {How Active Are Students in Online Discussion Forums?},
 booktitle = {Proceedings of the Thirteenth Australasian Computing Education Conference - Volume 114},
 series = {ACE '11},
 year = {2011},
 isbn = {978-1-920682-94-1},
 location = {Perth, Australia},
 pages = {125--134},
 numpages = {10},
 url = {http://dl.acm.org/citation.cfm?id=2459936.2459952},
 acmid = {2459952},
 publisher = {Australian Computer Society, Inc.},
 address = {Darlinghurst, Australia, Australia},
 keywords = {assessment, asynchronous discussion forums, diversity, online activity, online learning system},
}

@inproceedings{Ahmad:2007:TAC:1255175.1255268,
 author = {Ahmad, Faisal and de la Chica, Sebastian and Butcher, Kirsten and Sumner, Tamara and Martin, James H.},
 title = {Towards Automatic Conceptual Personalization Tools},
 booktitle = {Proceedings of the 7th ACM/IEEE-CS Joint Conference on Digital Libraries},
 series = {JCDL '07},
 year = {2007},
 isbn = {978-1-59593-644-8},
 location = {Vancouver, BC, Canada},
 pages = {452--461},
 numpages = {10},
 url = {http://doi.acm.org/10.1145/1255175.1255268},
 doi = {10.1145/1255175.1255268},
 acmid = {1255268},
 publisher = {ACM},
 address = {New York, NY, USA},
 keywords = {competency models, digital libraries, instructional plans, knowledge maps, personalization, student misconceptions},
}

