@article{Zur:2005:CWE:1047124.1047379,
 author = {Zur, Ela and Irani, Lilly and Barker, Lecia and Guzdial, Mark},
 title = {Contrasting Women's Experiences in Computer Science at Different Institutions},
 journal = {SIGCSE Bull.},
 issue_date = {2005},
 volume = {37},
 number = {1},
 month = feb,
 year = {2005},
 issn = {0097-8418},
 pages = {63--64},
 numpages = {2},
 url = {http://doi.acm.org/10.1145/1047124.1047379},
 doi = {10.1145/1047124.1047379},
 acmid = {1047379},
 publisher = {ACM},
 address = {New York, NY, USA},
 keywords = {CS1, gender issues, success rates},
}

@inproceedings{Zur:2005:CWE:1047344.1047379,
 author = {Zur, Ela and Irani, Lilly and Barker, Lecia and Guzdial, Mark},
 title = {Contrasting Women's Experiences in Computer Science at Different Institutions},
 booktitle = {Proceedings of the 36th SIGCSE Technical Symposium on Computer Science Education},
 series = {SIGCSE '05},
 year = {2005},
 isbn = {1-58113-997-7},
 location = {St. Louis, Missouri, USA},
 pages = {63--64},
 numpages = {2},
 url = {http://doi.acm.org/10.1145/1047344.1047379},
 doi = {10.1145/1047344.1047379},
 acmid = {1047379},
 publisher = {ACM},
 address = {New York, NY, USA},
 keywords = {CS1, gender issues, success rates},
}

@inproceedings{Lewis:2012:UCO:2361276.2361292,
 author = {Lewis, Colleen M. and Titterton, Nathaniel and Clancy, Michael},
 title = {Using Collaboration to Overcome Disparities in Java Experience},
 booktitle = {Proceedings of the Ninth Annual International Conference on International Computing Education Research},
 series = {ICER '12},
 year = {2012},
 isbn = {978-1-4503-1604-0},
 location = {Auckland, New Zealand},
 pages = {79--86},
 numpages = {8},
 url = {http://doi.acm.org/10.1145/2361276.2361292},
 doi = {10.1145/2361276.2361292},
 acmid = {2361292},
 publisher = {ACM},
 address = {New York, NY, USA},
 keywords = {attrition, collaboration, competition, cs 2, gender, group work, lab-centric instruction, pair programming, programming experience, satisfaction},
}

@article{Lister:2005:MMP:1113847.1113857,
 author = {Lister, Raymond},
 title = {Mixed Methods: Positivists Are from Mars, Constructivists Are from Venus},
 journal = {SIGCSE Bull.},
 issue_date = {December 2005},
 volume = {37},
 number = {4},
 month = dec,
 year = {2005},
 issn = {0097-8418},
 pages = {18--19},
 numpages = {2},
 url = {http://doi.acm.org/10.1145/1113847.1113857},
 doi = {10.1145/1113847.1113857},
 acmid = {1113857},
 publisher = {ACM},
 address = {New York, NY, USA},
}

@inproceedings{Davis:2014:MCS:2538862.2538960,
 author = {Davis, Don and Yuen, Timothy and Berland, Matthew},
 title = {Multiple Case Study of Nerd Identity in a CS1 Class},
 booktitle = {Proceedings of the 45th ACM Technical Symposium on Computer Science Education},
 series = {SIGCSE '14},
 year = {2014},
 isbn = {978-1-4503-2605-6},
 location = {Atlanta, Georgia, USA},
 pages = {325--330},
 numpages = {6},
 url = {http://doi.acm.org/10.1145/2538862.2538960},
 doi = {10.1145/2538862.2538960},
 acmid = {2538960},
 publisher = {ACM},
 address = {New York, NY, USA},
 keywords = {CS identity, case study, nerd, qualitative},
}

@article{Walker:2005:SYL:1113847.1113859,
 author = {Walker, Henry M.},
 title = {What Should Be in a Syllabus?},
 journal = {SIGCSE Bull.},
 issue_date = {December 2005},
 volume = {37},
 number = {4},
 month = dec,
 year = {2005},
 issn = {0097-8418},
 pages = {19--21},
 numpages = {3},
 url = {http://doi.acm.org/10.1145/1113847.1113859},
 doi = {10.1145/1113847.1113859},
 acmid = {1113859},
 publisher = {ACM},
 address = {New York, NY, USA},
}

@inproceedings{Parker:2015:PCS:2787622.2787747,
 author = {Parker, Miranda C.},
 title = {Privilege and Computer Science Education: How Can We Level the Playing Field?},
 booktitle = {Proceedings of the Eleventh Annual International Conference on International Computing Education Research},
 series = {ICER '15},
 year = {2015},
 isbn = {978-1-4503-3630-7},
 location = {Omaha, Nebraska, USA},
 pages = {273--274},
 numpages = {2},
 url = {http://doi.acm.org/10.1145/2787622.2787747},
 doi = {10.1145/2787622.2787747},
 acmid = {2787747},
 publisher = {ACM},
 address = {New York, NY, USA},
 keywords = {broadening participation, diversity, privilege},
}

@article{Bagley:2007:CIN:1269900.1268846,
 author = {Bagley, Carole A. and Chou, C. Candace},
 title = {Collaboration and the Importance for Novices in Learning Java Computer Programming},
 journal = {SIGCSE Bull.},
 issue_date = {September 2007},
 volume = {39},
 number = {3},
 month = jun,
 year = {2007},
 issn = {0097-8418},
 pages = {211--215},
 numpages = {5},
 url = {http://doi.acm.org/10.1145/1269900.1268846},
 doi = {10.1145/1269900.1268846},
 acmid = {1268846},
 publisher = {ACM},
 address = {New York, NY, USA},
 keywords = {CS ed research, affective strategies, cognitive strategies, collaboration, gender, pedagogy, problem solving},
}

@inproceedings{Bagley:2007:CIN:1268784.1268846,
 author = {Bagley, Carole A. and Chou, C. Candace},
 title = {Collaboration and the Importance for Novices in Learning Java Computer Programming},
 booktitle = {Proceedings of the 12th Annual SIGCSE Conference on Innovation and Technology in Computer Science Education},
 series = {ITiCSE '07},
 year = {2007},
 isbn = {978-1-59593-610-3},
 location = {Dundee, Scotland},
 pages = {211--215},
 numpages = {5},
 url = {http://doi.acm.org/10.1145/1268784.1268846},
 doi = {10.1145/1268784.1268846},
 acmid = {1268846},
 publisher = {ACM},
 address = {New York, NY, USA},
 keywords = {CS ed research, affective strategies, cognitive strategies, collaboration, gender, pedagogy, problem solving},
}

@inproceedings{Howard:2006:FCT:1168812.1168837,
 author = {Howard, Elizabeth V.},
 title = {Facing the Challenges of Teaching IT Ethics},
 booktitle = {Proceedings of the 7th Conference on Information Technology Education},
 series = {SIGITE '06},
 year = {2006},
 isbn = {1-59593-521-5},
 location = {Minneapolis, Minnesota, USA},
 pages = {95--98},
 numpages = {4},
 url = {http://doi.acm.org/10.1145/1168812.1168837},
 doi = {10.1145/1168812.1168837},
 acmid = {1168837},
 publisher = {ACM},
 address = {New York, NY, USA},
 keywords = {collaboration, communication skills, ethics, inclusiveness, interactive exercises, soft skills},
}

@article{McKinney:2004:HWP:1028174.971386,
 author = {McKinney, Dawn and Denton, Leo F.},
 title = {Houston, We Have a Problem: There's a Leak in the CS1 Affective Oxygen Tank},
 journal = {SIGCSE Bull.},
 issue_date = {March 2004},
 volume = {36},
 number = {1},
 month = mar,
 year = {2004},
 issn = {0097-8418},
 pages = {236--239},
 numpages = {4},
 url = {http://doi.acm.org/10.1145/1028174.971386},
 doi = {10.1145/1028174.971386},
 acmid = {971386},
 publisher = {ACM},
 address = {New York, NY, USA},
 keywords = {CS education research, CS1, affective assessment, affective objectives, belonging, competence, effort, institutional integration scale, interest, intrinsic motivation inventory, motivation, pressure, retention, student achievement, value},
}

@inproceedings{McKinney:2004:HWP:971300.971386,
 author = {McKinney, Dawn and Denton, Leo F.},
 title = {Houston, We Have a Problem: There's a Leak in the CS1 Affective Oxygen Tank},
 booktitle = {Proceedings of the 35th SIGCSE Technical Symposium on Computer Science Education},
 series = {SIGCSE '04},
 year = {2004},
 isbn = {1-58113-798-2},
 location = {Norfolk, Virginia, USA},
 pages = {236--239},
 numpages = {4},
 url = {http://doi.acm.org/10.1145/971300.971386},
 doi = {10.1145/971300.971386},
 acmid = {971386},
 publisher = {ACM},
 address = {New York, NY, USA},
 keywords = {CS education research, CS1, affective assessment, affective objectives, belonging, competence, effort, institutional integration scale, interest, intrinsic motivation inventory, motivation, pressure, retention, student achievement, value},
}

@article{Phillips:2003:ICB:792548.611978,
 author = {Phillips, Andrew T. and Stevenson, Daniel E. and Wick, Michael R.},
 title = {Implementing CC2001: A Breadth-first Introductory Course for a Just-in-time Curriculum Design},
 journal = {SIGCSE Bull.},
 issue_date = {January 2003},
 volume = {35},
 number = {1},
 month = jan,
 year = {2003},
 issn = {0097-8418},
 pages = {238--242},
 numpages = {5},
 url = {http://doi.acm.org/10.1145/792548.611978},
 doi = {10.1145/792548.611978},
 acmid = {611978},
 publisher = {ACM},
 address = {New York, NY, USA},
 keywords = {CS1, breadth-first, pedagogy},
}

@inproceedings{Phillips:2003:ICB:611892.611978,
 author = {Phillips, Andrew T. and Stevenson, Daniel E. and Wick, Michael R.},
 title = {Implementing CC2001: A Breadth-first Introductory Course for a Just-in-time Curriculum Design},
 booktitle = {Proceedings of the 34th SIGCSE Technical Symposium on Computer Science Education},
 series = {SIGCSE '03},
 year = {2003},
 isbn = {1-58113-648-X},
 location = {Reno, Navada, USA},
 pages = {238--242},
 numpages = {5},
 url = {http://doi.acm.org/10.1145/611892.611978},
 doi = {10.1145/611892.611978},
 acmid = {611978},
 publisher = {ACM},
 address = {New York, NY, USA},
 keywords = {CS1, breadth-first, pedagogy},
}

@article{Bower:2005:IVC:1047124.1047447,
 author = {Bower, Matt and Richards, Debbie},
 title = {The Impact of Virtual Classroom Laboratories in CSE},
 journal = {SIGCSE Bull.},
 issue_date = {2005},
 volume = {37},
 number = {1},
 month = feb,
 year = {2005},
 issn = {0097-8418},
 pages = {292--296},
 numpages = {5},
 url = {http://doi.acm.org/10.1145/1047124.1047447},
 doi = {10.1145/1047124.1047447},
 acmid = {1047447},
 publisher = {ACM},
 address = {New York, NY, USA},
 keywords = {online learning, pedagogy, survey, virtual classroom},
}

@inproceedings{Bower:2005:IVC:1047344.1047447,
 author = {Bower, Matt and Richards, Debbie},
 title = {The Impact of Virtual Classroom Laboratories in CSE},
 booktitle = {Proceedings of the 36th SIGCSE Technical Symposium on Computer Science Education},
 series = {SIGCSE '05},
 year = {2005},
 isbn = {1-58113-997-7},
 location = {St. Louis, Missouri, USA},
 pages = {292--296},
 numpages = {5},
 url = {http://doi.acm.org/10.1145/1047344.1047447},
 doi = {10.1145/1047344.1047447},
 acmid = {1047447},
 publisher = {ACM},
 address = {New York, NY, USA},
 keywords = {online learning, pedagogy, survey, virtual classroom},
}

@inproceedings{Patitsas:2015:SUW:2787622.2787725,
 author = {Patitsas, Elizabeth and Craig, Michelle and Easterbrook, Steve},
 title = {Scaling Up Women in Computing Initiatives: What Can We Learn from a Public Policy Perspective?},
 booktitle = {Proceedings of the Eleventh Annual International Conference on International Computing Education Research},
 series = {ICER '15},
 year = {2015},
 isbn = {978-1-4503-3630-7},
 location = {Omaha, Nebraska, USA},
 pages = {61--69},
 numpages = {9},
 url = {http://doi.acm.org/10.1145/2787622.2787725},
 doi = {10.1145/2787622.2787725},
 acmid = {2787725},
 publisher = {ACM},
 address = {New York, NY, USA},
 keywords = {diversity initiatives, policy analysis, women in computer science},
}

@inproceedings{Solomon:2019:MCL:3304221.3319791,
 author = {Solomon, Amber and Oguamanam, Vanessa and Guzdial, Mark and DiSalvo, Betsy},
 title = {Making CS Learning Visible: Case Studies on How Visibility of Student Work Supports a Community of Learners in CS Classrooms},
 booktitle = {Proceedings of the 2019 ACM Conference on Innovation and Technology in Computer Science Education},
 series = {ITiCSE '19},
 year = {2019},
 isbn = {978-1-4503-6301-3},
 location = {Aberdeen, Scotland Uk},
 pages = {161--167},
 numpages = {7},
 url = {http://doi.acm.org/10.1145/3304221.3319791},
 doi = {10.1145/3304221.3319791},
 acmid = {3319791},
 publisher = {ACM},
 address = {New York, NY, USA},
 keywords = {community of learners, defensive climates, design studio, learning environments, visibility},
}

@article{Cohoon:2007:GEC:1227504.1227494,
 author = {Cohoon, J. McGrath},
 title = {Gendered Experiences of Computing Graduate Programs},
 journal = {SIGCSE Bull.},
 issue_date = {March 2007},
 volume = {39},
 number = {1},
 month = mar,
 year = {2007},
 issn = {0097-8418},
 pages = {546--550},
 numpages = {5},
 url = {http://doi.acm.org/10.1145/1227504.1227494},
 doi = {10.1145/1227504.1227494},
 acmid = {1227494},
 publisher = {ACM},
 address = {New York, NY, USA},
 keywords = {gender diversity, graduate education, retention, women},
}

@inproceedings{Cohoon:2007:GEC:1227310.1227494,
 author = {Cohoon, J. McGrath},
 title = {Gendered Experiences of Computing Graduate Programs},
 booktitle = {Proceedings of the 38th SIGCSE Technical Symposium on Computer Science Education},
 series = {SIGCSE '07},
 year = {2007},
 isbn = {1-59593-361-1},
 location = {Covington, Kentucky, USA},
 pages = {546--550},
 numpages = {5},
 url = {http://doi.acm.org/10.1145/1227310.1227494},
 doi = {10.1145/1227310.1227494},
 acmid = {1227494},
 publisher = {ACM},
 address = {New York, NY, USA},
 keywords = {gender diversity, graduate education, retention, women},
}

@inproceedings{Lewis:2011:DMC:2016911.2016915,
 author = {Lewis, Colleen M. and Yasuhara, Ken and Anderson, Ruth E.},
 title = {Deciding to Major in Computer Science: A Grounded Theory of Students' Self-assessment of Ability},
 booktitle = {Proceedings of the Seventh International Workshop on Computing Education Research},
 series = {ICER '11},
 year = {2011},
 isbn = {978-1-4503-0829-8},
 location = {Providence, Rhode Island, USA},
 pages = {3--10},
 numpages = {8},
 url = {http://doi.acm.org/10.1145/2016911.2016915},
 doi = {10.1145/2016911.2016915},
 acmid = {2016915},
 publisher = {ACM},
 address = {New York, NY, USA},
 keywords = {ability, grounded theory, major choice},
}

@inproceedings{Howard:2005:PCI:1095714.1095786,
 author = {Howard, Elizabeth V.},
 title = {Promoting Communication and Inclusiveness in the IT Classroom},
 booktitle = {Proceedings of the 6th Conference on Information Technology Education},
 series = {SIGITE '05},
 year = {2005},
 isbn = {1-59593-252-6},
 location = {Newark, NJ, USA},
 pages = {311--317},
 numpages = {7},
 url = {http://doi.acm.org/10.1145/1095714.1095786},
 doi = {10.1145/1095714.1095786},
 acmid = {1095786},
 publisher = {ACM},
 address = {New York, NY, USA},
 keywords = {collaboration, communication skills, inclusiveness, interactive exercises, interactive games, soft skills},
}

@inproceedings{Simon:2008:SIN:1404520.1404537,
 author = {Simon, Beth and Hanks, Brian and Murphy, Laurie and Fitzgerald, Sue and McCauley, Ren{\'e}e and Thomas, Lynda and Zander, Carol},
 title = {Saying Isn'T Necessarily Believing: Influencing Self-theories in Computing},
 booktitle = {Proceedings of the Fourth International Workshop on Computing Education Research},
 series = {ICER '08},
 year = {2008},
 isbn = {978-1-60558-216-0},
 location = {Sydney, Australia},
 pages = {173--184},
 numpages = {12},
 url = {http://doi.acm.org/10.1145/1404520.1404537},
 doi = {10.1145/1404520.1404537},
 acmid = {1404537},
 publisher = {ACM},
 address = {New York, NY, USA},
 keywords = {attitudinal, cs0, cs1, debugging, dweck, growth mindset, likert, novice programmers, programming, self-theories},
}

@inproceedings{Howard:2007:SRE:1324302.1324349,
 author = {Howard, Elizabeth V.},
 title = {Students Respond to IT Ethics},
 booktitle = {Proceedings of the 8th ACM SIGITE Conference on Information Technology Education},
 series = {SIGITE '07},
 year = {2007},
 isbn = {978-1-59593-920-3},
 location = {Destin, Florida, USA},
 pages = {219--224},
 numpages = {6},
 url = {http://doi.acm.org/10.1145/1324302.1324349},
 doi = {10.1145/1324302.1324349},
 acmid = {1324349},
 publisher = {ACM},
 address = {New York, NY, USA},
 keywords = {collaboration, communication skills, ethics, inclusiveness, interactive exercises, soft skills},
}

@inproceedings{Fincher:2011:RDN:2016911.2016919,
 author = {Fincher, Sally and Tenenberg, Josh and Robins, Anthony},
 title = {Research Design: Necessary Bricolage},
 booktitle = {Proceedings of the Seventh International Workshop on Computing Education Research},
 series = {ICER '11},
 year = {2011},
 isbn = {978-1-4503-0829-8},
 location = {Providence, Rhode Island, USA},
 pages = {27--32},
 numpages = {6},
 url = {http://doi.acm.org/10.1145/2016911.2016919},
 doi = {10.1145/2016911.2016919},
 acmid = {2016919},
 publisher = {ACM},
 address = {New York, NY, USA},
 keywords = {bricolage, research design, research methods},
}

@inproceedings{Baxter:2014:CTL:2616498.2616574,
 author = {Baxter,Ph.D., Diane and Simon,Ph.D., Beth},
 title = {Clash of the Timelines: Lessons Learned from the Front Lines of CS Education},
 booktitle = {Proceedings of the 2014 Annual Conference on Extreme Science and Engineering Discovery Environment},
 series = {XSEDE '14},
 year = {2014},
 isbn = {978-1-4503-2893-7},
 location = {Atlanta, GA, USA},
 pages = {69:1--69:5},
 articleno = {69},
 numpages = {5},
 url = {http://doi.acm.org/10.1145/2616498.2616574},
 doi = {10.1145/2616498.2616574},
 acmid = {2616574},
 publisher = {ACM},
 address = {New York, NY, USA},
 keywords = {Advanced Placement Tests, Computing Principles, Curriculum, Education, K-12},
}

@inproceedings{Ehlert:2010:COF:1822090.1822122,
 author = {Ehlert, Albrecht and Schulte, Carsten},
 title = {Comparison of OOP First and OOP Later: First Results Regarding the Role of Comfort Level},
 booktitle = {Proceedings of the Fifteenth Annual Conference on Innovation and Technology in Computer Science Education},
 series = {ITiCSE '10},
 year = {2010},
 isbn = {978-1-60558-820-9},
 location = {Bilkent, Ankara, Turkey},
 pages = {108--112},
 numpages = {5},
 url = {http://doi.acm.org/10.1145/1822090.1822122},
 doi = {10.1145/1822090.1822122},
 acmid = {1822122},
 publisher = {ACM},
 address = {New York, NY, USA},
 keywords = {CS ED research, comfort level, emotional climate, empirical study, objects first, objects later, pedagogy},
}

@article{Garvin-Doxas:2004:CCS:1060071.1060073,
 author = {Garvin-Doxas, Kathy and Barker, Lecia J.},
 title = {Communication in Computer Science Classrooms: Understanding Defensive Climates As a Means of Creating Supportive Behaviors},
 journal = {J. Educ. Resour. Comput.},
 issue_date = {March 2004},
 volume = {4},
 number = {1},
 month = mar,
 year = {2004},
 issn = {1531-4278},
 articleno = {2},
 url = {http://doi.acm.org/10.1145/1060071.1060073},
 doi = {10.1145/1060071.1060073},
 acmid = {1060073},
 publisher = {ACM},
 address = {New York, NY, USA},
 keywords = {Defensive climate, classroom communication behaviors, ethnographic research in computer science classrooms, gender and computer science education},
}

@inproceedings{Zingaro:2018:AGC:3159450.3159452,
 author = {Zingaro, Daniel and Craig, Michelle and Porter, Leo and Becker, Brett A. and Cao, Yingjun and Conrad, Phill and Cukierman, Diana and Hellas, Arto and Loksa, Dastyni and Thota, Neena},
 title = {Achievement Goals in CS1: Replication and Extension},
 booktitle = {Proceedings of the 49th ACM Technical Symposium on Computer Science Education},
 series = {SIGCSE '18},
 year = {2018},
 isbn = {978-1-4503-5103-4},
 location = {Baltimore, Maryland, USA},
 pages = {687--692},
 numpages = {6},
 url = {http://doi.acm.org/10.1145/3159450.3159452},
 doi = {10.1145/3159450.3159452},
 acmid = {3159452},
 publisher = {ACM},
 address = {New York, NY, USA},
 keywords = {achievement goals, cs1, interest, motivation, novice programming},
}

@article{Zander:2009:LSN:1595496.1562948,
 author = {Zander, Carol and Thomas, Lynda and Simon, Beth and Murphy, Laurie and McCauley, Ren{\'e}e and Hanks, Brian and Fitzgerald, Sue},
 title = {Learning Styles: Novices Decide},
 journal = {SIGCSE Bull.},
 issue_date = {September 2009},
 volume = {41},
 number = {3},
 month = jul,
 year = {2009},
 issn = {0097-8418},
 pages = {223--227},
 numpages = {5},
 url = {http://doi.acm.org/10.1145/1595496.1562948},
 doi = {10.1145/1595496.1562948},
 acmid = {1562948},
 publisher = {ACM},
 address = {New York, NY, USA},
 keywords = {CS1, attitudinal, diagnostic testing, learning styles, mathematics education, programming, student profiling},
}

@inproceedings{Zander:2009:LSN:1562877.1562948,
 author = {Zander, Carol and Thomas, Lynda and Simon, Beth and Murphy, Laurie and McCauley, Ren{\'e}e and Hanks, Brian and Fitzgerald, Sue},
 title = {Learning Styles: Novices Decide},
 booktitle = {Proceedings of the 14th Annual ACM SIGCSE Conference on Innovation and Technology in Computer Science Education},
 series = {ITiCSE '09},
 year = {2009},
 isbn = {978-1-60558-381-5},
 location = {Paris, France},
 pages = {223--227},
 numpages = {5},
 url = {http://doi.acm.org/10.1145/1562877.1562948},
 doi = {10.1145/1562877.1562948},
 acmid = {1562948},
 publisher = {ACM},
 address = {New York, NY, USA},
 keywords = {CS1, attitudinal, diagnostic testing, learning styles, mathematics education, programming, student profiling},
}

@inproceedings{Hewner:2008:UCS:1595356.1595368,
 author = {Hewner, Michael and Knobelsdorf, Maria},
 title = {Understanding Computing Stereotypes with Self-categorization Theory},
 booktitle = {Proceedings of the 8th International Conference on Computing Education Research},
 series = {Koli '08},
 year = {2008},
 isbn = {978-1-60558-385-3},
 location = {Koli, Finland},
 pages = {72--75},
 numpages = {4},
 url = {http://doi.acm.org/10.1145/1595356.1595368},
 doi = {10.1145/1595356.1595368},
 acmid = {1595368},
 publisher = {ACM},
 address = {New York, NY, USA},
 keywords = {CS, CS education research, categorization, computer biographies, computers and society, group identity, pedagogy, stereotypes},
}

@inproceedings{McKinney:2006:DCS:1121341.1121387,
 author = {McKinney, Dawn and Denton, Leo F.},
 title = {Developing Collaborative Skills Early in the CS Curriculum in a Laboratory Environment},
 booktitle = {Proceedings of the 37th SIGCSE Technical Symposium on Computer Science Education},
 series = {SIGCSE '06},
 year = {2006},
 isbn = {1-59593-259-3},
 location = {Houston, Texas, USA},
 pages = {138--142},
 numpages = {5},
 url = {http://doi.acm.org/10.1145/1121341.1121387},
 doi = {10.1145/1121341.1121387},
 acmid = {1121387},
 publisher = {ACM},
 address = {New York, NY, USA},
 keywords = {active learning, agile software development, assessment, cognitive-affective objectives, collaborative learning, extreme programming, feedback, laboratory experiences, peer evaluation, retention, sense of belonging, team skills},
}

@article{McKinney:2006:DCS:1124706.1121387,
 author = {McKinney, Dawn and Denton, Leo F.},
 title = {Developing Collaborative Skills Early in the CS Curriculum in a Laboratory Environment},
 journal = {SIGCSE Bull.},
 issue_date = {March 2006},
 volume = {38},
 number = {1},
 month = mar,
 year = {2006},
 issn = {0097-8418},
 pages = {138--142},
 numpages = {5},
 url = {http://doi.acm.org/10.1145/1124706.1121387},
 doi = {10.1145/1124706.1121387},
 acmid = {1121387},
 publisher = {ACM},
 address = {New York, NY, USA},
 keywords = {active learning, agile software development, assessment, cognitive-affective objectives, collaborative learning, extreme programming, feedback, laboratory experiences, peer evaluation, retention, sense of belonging, team skills},
}

@article{Wagner:2016:GPC:2940362.2920173,
 author = {Wagner, Isabel},
 title = {Gender and Performance in Computer Science},
 journal = {Trans. Comput. Educ.},
 issue_date = {June 2016},
 volume = {16},
 number = {3},
 month = may,
 year = {2016},
 issn = {1946-6226},
 pages = {11:1--11:16},
 articleno = {11},
 numpages = {16},
 url = {http://doi.acm.org/10.1145/2920173},
 doi = {10.1145/2920173},
 acmid = {2920173},
 publisher = {ACM},
 address = {New York, NY, USA},
 keywords = {Gender gap, performance gap},
}

@inproceedings{Gray:2019:ICL:3287324.3287421,
 author = {Gray, Jeff and Haynie, Kathy and Trees, Fran and Astrachan, Owen and Uche, Chinma and Cooney, Siobhan and Kick, Richard},
 title = {Infusing Cooperative Learning into AP Computer Science Principles Courses to Promote Engagement and Diversity},
 booktitle = {Proceedings of the 50th ACM Technical Symposium on Computer Science Education},
 series = {SIGCSE '19},
 year = {2019},
 isbn = {978-1-4503-5890-3},
 location = {Minneapolis, MN, USA},
 pages = {1190--1196},
 numpages = {7},
 url = {http://doi.acm.org/10.1145/3287324.3287421},
 doi = {10.1145/3287324.3287421},
 acmid = {3287421},
 publisher = {ACM},
 address = {New York, NY, USA},
 keywords = {ap cs principles, cooperative learning, cs equity, k-12 computer science, pedagogy, professional development},
}

@inproceedings{Saulsberry:2012:DNF:2380552.2380616,
 author = {Saulsberry, Donna},
 title = {Dwindling Number of Female Students: What Are We Missing?},
 booktitle = {Proceedings of the 13th Annual Conference on Information Technology Education},
 series = {SIGITE '12},
 year = {2012},
 isbn = {978-1-4503-1464-0},
 location = {Calgary, Alberta, Canada},
 pages = {221--226},
 numpages = {6},
 url = {http://doi.acm.org/10.1145/2380552.2380616},
 doi = {10.1145/2380552.2380616},
 acmid = {2380616},
 publisher = {ACM},
 address = {New York, NY, USA},
 keywords = {community college, females, inductive reasoning, phenomenology},
}

@inproceedings{Knobelsdorf:2008:TCS:1595356.1595366,
 author = {Knobelsdorf, Maria},
 title = {A Typology of CS Students' Preconditions for Learning},
 booktitle = {Proceedings of the 8th International Conference on Computing Education Research},
 series = {Koli '08},
 year = {2008},
 isbn = {978-1-60558-385-3},
 location = {Koli, Finland},
 pages = {62--71},
 numpages = {10},
 url = {http://doi.acm.org/10.1145/1595356.1595366},
 doi = {10.1145/1595356.1595366},
 acmid = {1595366},
 publisher = {ACM},
 address = {New York, NY, USA},
 keywords = {CS, CS education research, computer biographies, computers and society, pedagogy, typology},
}

@article{Chinn:2005:PAA:1151954.1067468,
 author = {Chinn, Donald},
 title = {Peer Assessment in the Algorithms Course},
 journal = {SIGCSE Bull.},
 issue_date = {September 2005},
 volume = {37},
 number = {3},
 month = jun,
 year = {2005},
 issn = {0097-8418},
 pages = {69--73},
 numpages = {5},
 url = {http://doi.acm.org/10.1145/1151954.1067468},
 doi = {10.1145/1151954.1067468},
 acmid = {1067468},
 publisher = {ACM},
 address = {New York, NY, USA},
 keywords = {collaborative learning, design and analysis of algorithms, peer assessment},
}

@inproceedings{Chinn:2005:PAA:1067445.1067468,
 author = {Chinn, Donald},
 title = {Peer Assessment in the Algorithms Course},
 booktitle = {Proceedings of the 10th Annual SIGCSE Conference on Innovation and Technology in Computer Science Education},
 series = {ITiCSE '05},
 year = {2005},
 isbn = {1-59593-024-8},
 location = {Caparica, Portugal},
 pages = {69--73},
 numpages = {5},
 url = {http://doi.acm.org/10.1145/1067445.1067468},
 doi = {10.1145/1067445.1067468},
 acmid = {1067468},
 publisher = {ACM},
 address = {New York, NY, USA},
 keywords = {collaborative learning, design and analysis of algorithms, peer assessment},
}

@inproceedings{Edwards:2016:TPI:2999541.2999561,
 author = {Edwards, Stephen and Li, Zhiyi},
 title = {Towards Progress Indicators for Measuring Student Programming Effort During Solution Development},
 booktitle = {Proceedings of the 16th Koli Calling International Conference on Computing Education Research},
 series = {Koli Calling '16},
 year = {2016},
 isbn = {978-1-4503-4770-9},
 location = {Koli, Finland},
 pages = {31--40},
 numpages = {10},
 url = {http://doi.acm.org/10.1145/2999541.2999561},
 doi = {10.1145/2999541.2999561},
 acmid = {2999561},
 publisher = {ACM},
 address = {New York, NY, USA},
 keywords = {automated grading, effort, feedback, fixed mindset, growth mindset, indicators, metrics, persistence, progress},
}

@article{Richards:2009:DPC:1513593.1513595,
 author = {Richards, Debbie},
 title = {Designing Project-Based Courses with a Focus on Group Formation and Assessment},
 journal = {Trans. Comput. Educ.},
 issue_date = {March 2009},
 volume = {9},
 number = {1},
 month = mar,
 year = {2009},
 issn = {1946-6226},
 pages = {2:1--2:40},
 articleno = {2},
 numpages = {40},
 url = {http://doi.acm.org/10.1145/1513593.1513595},
 doi = {10.1145/1513593.1513595},
 acmid = {1513595},
 publisher = {ACM},
 address = {New York, NY, USA},
 keywords = {Group-based courses, assessment, group formation},
}

@article{Becker:2008:UUW:1409823.1409828,
 author = {Becker, K.},
 title = {The Use of Unfamiliar Words: Writing and CS Education},
 journal = {J. Comput. Sci. Coll.},
 issue_date = {December 2008},
 volume = {24},
 number = {2},
 month = dec,
 year = {2008},
 issn = {1937-4771},
 pages = {13--19},
 numpages = {7},
 url = {http://dl.acm.org/citation.cfm?id=1409823.1409828},
 acmid = {1409828},
 publisher = {Consortium for Computing Sciences in Colleges},
 address = {USA},
}

@inproceedings{DiSalvo:2010:RGP:1822348.1822356,
 author = {DiSalvo, Betsy and Bruckman, Amy},
 title = {Race and Gender in Play Practices: Young African American Males},
 booktitle = {Proceedings of the Fifth International Conference on the Foundations of Digital Games},
 series = {FDG '10},
 year = {2010},
 isbn = {978-1-60558-937-4},
 location = {Monterey, California},
 pages = {56--63},
 numpages = {8},
 url = {http://doi.acm.org/10.1145/1822348.1822356},
 doi = {10.1145/1822348.1822356},
 acmid = {1822356},
 publisher = {ACM},
 address = {New York, NY, USA},
 keywords = {African American, agency, gender, video games},
}

