@inproceedings{Ziegler:1999:DLI:299649.299797,
 author = {Ziegler, Uta},
 title = {Discovery Learning in Introductory Operating System Courses},
 booktitle = {The Proceedings of the Thirtieth SIGCSE Technical Symposium on Computer Science Education},
 series = {SIGCSE '99},
 year = {1999},
 isbn = {1-58113-085-6},
 location = {New Orleans, Louisiana, USA},
 pages = {321--325},
 numpages = {5},
 url = {http://doi.acm.org/10.1145/299649.299797},
 doi = {10.1145/299649.299797},
 acmid = {299797},
 publisher = {ACM},
 address = {New York, NY, USA},
 keywords = {discovery learning, operating systems, practical experience},
}

@article{Ziegler:1999:DLI:384266.299797,
 author = {Ziegler, Uta},
 title = {Discovery Learning in Introductory Operating System Courses},
 journal = {SIGCSE Bull.},
 issue_date = {March 1999},
 volume = {31},
 number = {1},
 month = mar,
 year = {1999},
 issn = {0097-8418},
 pages = {321--325},
 numpages = {5},
 url = {http://doi.acm.org/10.1145/384266.299797},
 doi = {10.1145/384266.299797},
 acmid = {299797},
 publisher = {ACM},
 address = {New York, NY, USA},
 keywords = {discovery learning, operating systems, practical experience},
}

@inproceedings{Hellmig:2015:UAC:2818314.2818337,
 author = {Hellmig, Lutz and Hempel, Tino},
 title = {Using -- Analysing -- Creating -- Embedding: A Framework for Scaffolded Problem-Based Discovery Learning in Informatics' Education},
 booktitle = {Proceedings of the Workshop in Primary and Secondary Computing Education},
 series = {WiPSCE '15},
 year = {2015},
 isbn = {978-1-4503-3753-3},
 location = {London, United Kingdom},
 pages = {17--20},
 numpages = {4},
 url = {http://doi.acm.org/10.1145/2818314.2818337},
 doi = {10.1145/2818314.2818337},
 acmid = {2818337},
 publisher = {ACM},
 address = {New York, NY, USA},
 keywords = {discovery learning, inductive learning, learner centered, scaffolding},
}

@inproceedings{Yuliati:2018:ITM:3206129.3239423,
 author = {Yuliati, Lia and Munfaridah, Nuril},
 title = {The Influence of Thinking Maps on Discovery Learning Toward Physics Problem Solving Skills},
 booktitle = {Proceedings of the 2Nd International Conference on Education and Multimedia Technology},
 series = {ICEMT 2018},
 year = {2018},
 isbn = {978-1-4503-6525-3},
 location = {Okinawa, Japan},
 pages = {59--63},
 numpages = {5},
 url = {http://doi.acm.org/10.1145/3206129.3239423},
 doi = {10.1145/3206129.3239423},
 acmid = {3239423},
 publisher = {ACM},
 address = {New York, NY, USA},
 keywords = {Discovery learning, physics, problem-solving skills, thinking maps},
}

@inproceedings{Seol:2012:UMA:2380552.2380591,
 author = {Seol, Sunmi and Sharp, Aaron and Kim, Paul},
 title = {Use of a Mobile Application to Promote Scientific Discovery Learning: Students' Perceptions Towards and Practical Adoption of a Mobile Application},
 booktitle = {Proceedings of the 13th Annual Conference on Information Technology Education},
 series = {SIGITE '12},
 year = {2012},
 isbn = {978-1-4503-1464-0},
 location = {Calgary, Alberta, Canada},
 pages = {121--126},
 numpages = {6},
 url = {http://doi.acm.org/10.1145/2380552.2380591},
 doi = {10.1145/2380552.2380591},
 acmid = {2380591},
 publisher = {ACM},
 address = {New York, NY, USA},
 keywords = {constructivism, mobile application, mobile document, scientific discovery learning},
}

@inproceedings{Sabitzer:2019:CCO:3304221.3325569,
 author = {Sabitzer, Barbara and Groher, Iris and Sametinger, Johannes},
 title = {COOL: Cooperative Open Learning for Beginning Programmers},
 booktitle = {Proceedings of the 2019 ACM Conference on Innovation and Technology in Computer Science Education},
 series = {ITiCSE '19},
 year = {2019},
 isbn = {978-1-4503-6301-3},
 location = {Aberdeen, Scotland Uk},
 pages = {321--321},
 numpages = {1},
 url = {http://doi.acm.org/10.1145/3304221.3325569},
 doi = {10.1145/3304221.3325569},
 acmid = {3325569},
 publisher = {ACM},
 address = {New York, NY, USA},
 keywords = {brain-based learning, cooperative learning, cs1, discovery learning},
}

@inproceedings{Philpott:2009:USP:1508865.1509012,
 author = {Philpott, Anne and Clear, Tony and Whalley, Jacqueline},
 title = {Understanding Student Performance on an Algorithm Simulation Task: Implications for Guided Learning},
 booktitle = {Proceedings of the 40th ACM Technical Symposium on Computer Science Education},
 series = {SIGCSE '09},
 year = {2009},
 isbn = {978-1-60558-183-5},
 location = {Chattanooga, TN, USA},
 pages = {408--412},
 numpages = {5},
 url = {http://doi.acm.org/10.1145/1508865.1509012},
 doi = {10.1145/1508865.1509012},
 acmid = {1509012},
 publisher = {ACM},
 address = {New York, NY, USA},
 keywords = {abstraction, algorithms, comprehension, cs3, discovery learning, novice programmers, problem based learning, solo},
}

@article{Philpott:2009:USP:1539024.1509012,
 author = {Philpott, Anne and Clear, Tony and Whalley, Jacqueline},
 title = {Understanding Student Performance on an Algorithm Simulation Task: Implications for Guided Learning},
 journal = {SIGCSE Bull.},
 issue_date = {March 2009},
 volume = {41},
 number = {1},
 month = mar,
 year = {2009},
 issn = {0097-8418},
 pages = {408--412},
 numpages = {5},
 url = {http://doi.acm.org/10.1145/1539024.1509012},
 doi = {10.1145/1539024.1509012},
 acmid = {1509012},
 publisher = {ACM},
 address = {New York, NY, USA},
 keywords = {abstraction, algorithms, comprehension, cs3, discovery learning, novice programmers, problem based learning, solo},
}

@article{Sigman:2007:ESF:1227504.1227463,
 author = {Sigman, Scott},
 title = {Engaging Students in Formal Language Theory and Theory of Computation},
 journal = {SIGCSE Bull.},
 issue_date = {March 2007},
 volume = {39},
 number = {1},
 month = mar,
 year = {2007},
 issn = {0097-8418},
 pages = {450--453},
 numpages = {4},
 url = {http://doi.acm.org/10.1145/1227504.1227463},
 doi = {10.1145/1227504.1227463},
 acmid = {1227463},
 publisher = {ACM},
 address = {New York, NY, USA},
 keywords = {Moore method, discovery learning, formal language theory, inquiry learning, problem based learning, theory of computation},
}

@inproceedings{Sigman:2007:ESF:1227310.1227463,
 author = {Sigman, Scott},
 title = {Engaging Students in Formal Language Theory and Theory of Computation},
 booktitle = {Proceedings of the 38th SIGCSE Technical Symposium on Computer Science Education},
 series = {SIGCSE '07},
 year = {2007},
 isbn = {1-59593-361-1},
 location = {Covington, Kentucky, USA},
 pages = {450--453},
 numpages = {4},
 url = {http://doi.acm.org/10.1145/1227310.1227463},
 doi = {10.1145/1227310.1227463},
 acmid = {1227463},
 publisher = {ACM},
 address = {New York, NY, USA},
 keywords = {Moore method, discovery learning, formal language theory, inquiry learning, problem based learning, theory of computation},
}

@inproceedings{Baldwin:1996:DLC:236452.236544,
 author = {Baldwin, Doug},
 title = {Discovery Learning in Computer Science},
 booktitle = {Proceedings of the Twenty-seventh SIGCSE Technical Symposium on Computer Science Education},
 series = {SIGCSE '96},
 year = {1996},
 isbn = {0-89791-757-X},
 location = {Philadelphia, Pennsylvania, USA},
 pages = {222--226},
 numpages = {5},
 url = {http://doi.acm.org/10.1145/236452.236544},
 doi = {10.1145/236452.236544},
 acmid = {236544},
 publisher = {ACM},
 address = {New York, NY, USA},
}

@article{Baldwin:1996:DLC:236462.236544,
 author = {Baldwin, Doug},
 title = {Discovery Learning in Computer Science},
 journal = {SIGCSE Bull.},
 issue_date = {March 1996},
 volume = {28},
 number = {1},
 month = mar,
 year = {1996},
 issn = {0097-8418},
 pages = {222--226},
 numpages = {5},
 url = {http://doi.acm.org/10.1145/236462.236544},
 doi = {10.1145/236462.236544},
 acmid = {236544},
 publisher = {ACM},
 address = {New York, NY, USA},
}

@article{McKinney:2005:MLD:1060405.1060410,
 author = {McKinney, Alfred L.},
 title = {A Modeling Lab for Discovery-learning in Computer Science},
 journal = {J. Comput. Sci. Coll.},
 issue_date = {June 2005},
 volume = {20},
 number = {6},
 month = jun,
 year = {2005},
 issn = {1937-4771},
 pages = {20--27},
 numpages = {8},
 url = {http://dl.acm.org/citation.cfm?id=1060405.1060410},
 acmid = {1060410},
 publisher = {Consortium for Computing Sciences in Colleges},
 address = {USA},
}

@article{Guzdial:2017:BTC:3098997.3077227,
 author = {Guzdial, Mark},
 title = {Balancing Teaching CS Efficiently with Motivating Students},
 journal = {Commun. ACM},
 issue_date = {June 2017},
 volume = {60},
 number = {6},
 month = may,
 year = {2017},
 issn = {0001-0782},
 pages = {10--11},
 numpages = {2},
 url = {http://doi.acm.org/10.1145/3077227},
 doi = {10.1145/3077227},
 acmid = {3077227},
 publisher = {ACM},
 address = {New York, NY, USA},
}

@article{Maries:2007:CMI:1181849.1181858,
 author = {Maries, Adrian and Kumar, Amruth},
 title = {Concept Maps in Intelligent Tutors for Programming},
 journal = {J. Comput. Sci. Coll.},
 issue_date = {January 2007},
 volume = {22},
 number = {3},
 month = jan,
 year = {2007},
 issn = {1937-4771},
 pages = {54--54},
 numpages = {1},
 url = {http://dl.acm.org/citation.cfm?id=1181849.1181858},
 acmid = {1181858},
 publisher = {Consortium for Computing Sciences in Colleges},
 address = {USA},
}

@article{Bravo:2000:DSC:355354.355377,
 author = {Bravo, C. and Redondo, M. A. and Ortega, M. and Bravo, J.},
 title = {DOMOSIMCOL: A Simulation Collaborative Environment for the Learning of Domotic Design},
 journal = {SIGCSE Bull.},
 issue_date = {June 2000},
 volume = {32},
 number = {2},
 month = jun,
 year = {2000},
 issn = {0097-8418},
 pages = {65--67},
 numpages = {3},
 url = {http://doi.acm.org/10.1145/355354.355377},
 doi = {10.1145/355354.355377},
 acmid = {355377},
 publisher = {ACM},
 address = {New York, NY, USA},
}

@inproceedings{Petri:2015:PGJ:2786567.2801610,
 author = {Petri, Anja and Schindler, Christian and Slany, Wolfgang and Spieler, Bernadette and Smith, Jonathan},
 title = {Pocket Game Jams: A Constructionist Approach at Schools},
 booktitle = {Proceedings of the 17th International Conference on Human-Computer Interaction with Mobile Devices and Services Adjunct},
 series = {MobileHCI '15},
 year = {2015},
 isbn = {978-1-4503-3653-6},
 location = {Copenhagen, Denmark},
 pages = {1207--1211},
 numpages = {5},
 url = {http://doi.acm.org/10.1145/2786567.2801610},
 doi = {10.1145/2786567.2801610},
 acmid = {2801610},
 publisher = {ACM},
 address = {New York, NY, USA},
 keywords = {Game Jam, Pocket Code, Pocket Game Jam, constructionism, constructivism, educational application, learning by doing},
}

@article{Mitrovic:1998:LSC:274790.274318,
 author = {Mitrovic, Antonija},
 title = {Learning SQL with a Computerized Tutor},
 journal = {SIGCSE Bull.},
 issue_date = {Mar. 1998},
 volume = {30},
 number = {1},
 month = mar,
 year = {1998},
 issn = {0097-8418},
 pages = {307--311},
 numpages = {5},
 url = {http://doi.acm.org/10.1145/274790.274318},
 doi = {10.1145/274790.274318},
 acmid = {274318},
 publisher = {ACM},
 address = {New York, NY, USA},
}

@inproceedings{Mitrovic:1998:LSC:273133.274318,
 author = {Mitrovic, Antonija},
 title = {Learning SQL with a Computerized Tutor},
 booktitle = {Proceedings of the Twenty-ninth SIGCSE Technical Symposium on Computer Science Education},
 series = {SIGCSE '98},
 year = {1998},
 isbn = {0-89791-994-7},
 location = {Atlanta, Georgia, USA},
 pages = {307--311},
 numpages = {5},
 url = {http://doi.acm.org/10.1145/273133.274318},
 doi = {10.1145/273133.274318},
 acmid = {274318},
 publisher = {ACM},
 address = {New York, NY, USA},
}

@inproceedings{Freischlad:2007:EMU:2449323.2449347,
 author = {Freischlad, Stefan},
 title = {Exploration Module for Understanding the Functionality of the Internet in Secondary Education},
 booktitle = {Proceedings of the Seventh Baltic Sea Conference on Computing Education Research - Volume 88},
 series = {Koli Calling '07},
 year = {2007},
 isbn = {978-1-920682-69-9},
 location = {Koli National Park, Finland},
 pages = {183--186},
 numpages = {4},
 url = {http://dl.acm.org/citation.cfm?id=2449323.2449347},
 acmid = {2449347},
 publisher = {Australian Computer Society, Inc.},
 address = {Darlinghurst, Australia, Australia},
 keywords = {educational software, exploration, internet applications},
}

@article{Brette:1995:TRC:201998.202002,
 author = {Brette, Jean-Fran\c{c}ois},
 title = {Transparent Running and Contextual Help to Learn and to Teach an Imperative Language},
 journal = {SIGCSE Bull.},
 issue_date = {June 1995},
 volume = {27},
 number = {2},
 month = jun,
 year = {1995},
 issn = {0097-8418},
 pages = {7--12},
 numpages = {6},
 url = {http://doi.acm.org/10.1145/201998.202002},
 doi = {10.1145/201998.202002},
 acmid = {202002},
 publisher = {ACM},
 address = {New York, NY, USA},
}

@article{Surma:2005:LAR:1088791.1088806,
 author = {Surma, David R.},
 title = {Lab Activities Requiring Minimal Resources for Courses in Computer Networking},
 journal = {J. Comput. Sci. Coll.},
 issue_date = {October 2005},
 volume = {21},
 number = {1},
 month = oct,
 year = {2005},
 issn = {1937-4771},
 pages = {88--94},
 numpages = {7},
 url = {http://dl.acm.org/citation.cfm?id=1088791.1088806},
 acmid = {1088806},
 publisher = {Consortium for Computing Sciences in Colleges},
 address = {USA},
}

@article{Medley:2007:ILC:1292428.1292464,
 author = {Medley, M. Dee},
 title = {Inquiry-based Learning in CS1},
 journal = {J. Comput. Sci. Coll.},
 issue_date = {December 2007},
 volume = {23},
 number = {2},
 month = dec,
 year = {2007},
 issn = {1937-4771},
 pages = {209--215},
 numpages = {7},
 url = {http://dl.acm.org/citation.cfm?id=1292428.1292464},
 acmid = {1292464},
 publisher = {Consortium for Computing Sciences in Colleges},
 address = {USA},
}

@article{Becker:2000:TTA:369279.369319,
 author = {Becker, Katrin and Beacham, Melissa},
 title = {A Tool for Teaching Advanced Data Structures to Computer Science Students: An Overview of the BDP System},
 journal = {J. Comput. Sci. Coll.},
 issue_date = {Jan. 2001},
 volume = {16},
 number = {2},
 month = oct,
 year = {2000},
 issn = {1937-4771},
 pages = {65--71},
 numpages = {7},
 url = {http://dl.acm.org/citation.cfm?id=369279.369319},
 acmid = {369319},
 publisher = {Consortium for Computing Sciences in Colleges},
 address = {USA},
}

@inproceedings{Becker:2000:TTA:369274.369319,
 author = {Becker, Katrin and Beacham, Melissa},
 title = {A Tool for Teaching Advanced Data Structures to Computer Science Students: An Overview of the BDP System},
 booktitle = {Proceedings of the Second Annual CCSC on Computing in Small Colleges Northwestern Conference},
 year = {2000},
 location = {Oregon Graduate Institute, Beaverton, Oregon, USA},
 pages = {65--71},
 numpages = {7},
 url = {http://dl.acm.org/citation.cfm?id=369274.369319},
 acmid = {369319},
 publisher = {Consortium for Computing Sciences in Colleges},
 address = {USA},
}

@inproceedings{Becker:2000:TTA:369340.369319,
 author = {Becker, Katrin and Beacham, Melissa},
 title = {A Tool for Teaching Advanced Data Structures to Computer Science Students: An Overview of the BDP System},
 booktitle = {Proceedings of the Fourteenth Annual Consortium on Small Colleges Southeastern Conference},
 series = {CCSC '00},
 year = {2000},
 location = {Roanoke College, Salem, Virginia, USA},
 pages = {65--71},
 numpages = {7},
 url = {http://dl.acm.org/citation.cfm?id=369340.369319},
 acmid = {369319},
 publisher = {Consortium for Computing Sciences in Colleges},
 address = {USA},
}

