@inproceedings{Greenberg:2014:EIT:2567574.2567597,
 author = {Greenberg, Anne K. and Gross, Melissa and Wright, Mary C.},
 title = {Effects of Image-based and Text-based Activities on Student Learning Outcomes},
 booktitle = {Proceedings of the Fourth International Conference on Learning Analytics And Knowledge},
 series = {LAK '14},
 year = {2014},
 isbn = {978-1-4503-2664-3},
 location = {Indianapolis, Indiana, USA},
 pages = {275--276},
 numpages = {2},
 url = {http://doi.acm.org/10.1145/2567574.2567597},
 doi = {10.1145/2567574.2567597},
 acmid = {2567597},
 publisher = {ACM},
 address = {New York, NY, USA},
 keywords = {LectureTools, active learning, assessment, dual coding, visualizer-verbalizer},
}

@article{Dostie:2006:DCT:1127442.1127475,
 author = {Dostie, Rachelle and Bergey, Carly},
 title = {Dual Coding Theory for Interactive Learning Systems},
 journal = {J. Comput. Sci. Coll.},
 issue_date = {June 2006},
 volume = {21},
 number = {6},
 month = jun,
 year = {2006},
 issn = {1937-4771},
 pages = {264--264},
 numpages = {1},
 url = {http://dl.acm.org/citation.cfm?id=1127442.1127475},
 acmid = {1127475},
 publisher = {Consortium for Computing Sciences in Colleges},
 address = {USA},
}

