@article{Dostie:2006:DCT:1127442.1127475,
 author = {Dostie, Rachelle and Bergey, Carly},
 title = {Dual Coding Theory for Interactive Learning Systems},
 journal = {J. Comput. Sci. Coll.},
 issue_date = {June 2006},
 volume = {21},
 number = {6},
 month = jun,
 year = {2006},
 issn = {1937-4771},
 pages = {264--264},
 numpages = {1},
 url = {http://dl.acm.org/citation.cfm?id=1127442.1127475},
 acmid = {1127475},
 publisher = {Consortium for Computing Sciences in Colleges},
 address = {USA},
}

