@inproceedings{Demetriadis:2003:PSS:961511.961562,
 author = {Demetriadis, Stavros and Triantfillou, Evangelos and Pombortsis, Andreas},
 title = {A Phenomenographic Study of Students' Attitudes Toward the Use of Multiple Media for Learning},
 booktitle = {Proceedings of the 8th Annual Conference on Innovation and Technology in Computer Science Education},
 series = {ITiCSE '03},
 year = {2003},
 isbn = {1-58113-672-2},
 location = {Thessaloniki, Greece},
 pages = {183--187},
 numpages = {5},
 url = {http://doi.acm.org/10.1145/961511.961562},
 doi = {10.1145/961511.961562},
 acmid = {961562},
 publisher = {ACM},
 address = {New York, NY, USA},
 keywords = {learning styles, multimedia learning, students' attitudes},
}

@article{Demetriadis:2003:PSS:961290.961562,
 author = {Demetriadis, Stavros and Triantfillou, Evangelos and Pombortsis, Andreas},
 title = {A Phenomenographic Study of Students' Attitudes Toward the Use of Multiple Media for Learning},
 journal = {SIGCSE Bull.},
 issue_date = {September 2003},
 volume = {35},
 number = {3},
 month = jun,
 year = {2003},
 issn = {0097-8418},
 pages = {183--187},
 numpages = {5},
 url = {http://doi.acm.org/10.1145/961290.961562},
 doi = {10.1145/961290.961562},
 acmid = {961562},
 publisher = {ACM},
 address = {New York, NY, USA},
 keywords = {learning styles, multimedia learning, students' attitudes},
}

@inproceedings{Lee:2010:ICA:1822090.1822172,
 author = {Lee, Ming-Han and R\"{o}\ssling, Guido},
 title = {Integrating Categories of Algorithm Learning Objective into Algorithm Visualization Design: A Proposal},
 booktitle = {Proceedings of the Fifteenth Annual Conference on Innovation and Technology in Computer Science Education},
 series = {ITiCSE '10},
 year = {2010},
 isbn = {978-1-60558-820-9},
 location = {Bilkent, Ankara, Turkey},
 pages = {289--293},
 numpages = {5},
 url = {http://doi.acm.org/10.1145/1822090.1822172},
 doi = {10.1145/1822090.1822172},
 acmid = {1822172},
 publisher = {ACM},
 address = {New York, NY, USA},
 keywords = {AV design, CALO, algorithm visualization, computer science education, learning objective},
}

@inproceedings{Liu:2017:NBL:3134847.3134849,
 author = {Liu, Tingting and Chen, Zengzhao and Lesgold, Alan M. and Feng, Xiaochao and Wang, Cong},
 title = {Novelty Blended Learning Pattern and Its Application in English Language Teaching},
 booktitle = {Proceedings of the International Conference on Digital Technology in Education},
 series = {ICDTE '17},
 year = {2017},
 isbn = {978-1-4503-5283-3},
 location = {Taipei, Taiwan},
 pages = {7--12},
 numpages = {6},
 url = {http://doi.acm.org/10.1145/3134847.3134849},
 doi = {10.1145/3134847.3134849},
 acmid = {3134849},
 publisher = {ACM},
 address = {New York, NY, USA},
 keywords = {Blended learning pattern, Computer-assisted teaching system, English language teaching},
}

@inproceedings{Surjono:2017:EVA:3175536.3175558,
 author = {Surjono, Herman D. and Muhtadi, Ali},
 title = {The Effects of Various Animation-Based Multimedia Learning in e-Learning Course},
 booktitle = {Proceedings of the 2017 9th International Conference on Education Technology and Computers},
 series = {ICETC 2017},
 year = {2017},
 isbn = {978-1-4503-5435-6},
 location = {Barcelona, Spain},
 pages = {117--121},
 numpages = {5},
 url = {http://doi.acm.org/10.1145/3175536.3175558},
 doi = {10.1145/3175536.3175558},
 acmid = {3175558},
 publisher = {ACM},
 address = {New York, NY, USA},
 keywords = {Animation, Modality, Multimedia learning, e-Learning},
}

@inproceedings{Widjaja:2017:MGW:3168390.3168444,
 author = {Widjaja, Ken and Sutopo, Hadi},
 title = {Multimedia-Based Global Warming Interactive Application for Elementary School Students},
 booktitle = {Proceedings of the 2017 International Conference on Computer Science and Artificial Intelligence},
 series = {CSAI 2017},
 year = {2017},
 isbn = {978-1-4503-5392-2},
 location = {Jakarta, Indonesia},
 pages = {158--163},
 numpages = {6},
 url = {http://doi.acm.org/10.1145/3168390.3168444},
 doi = {10.1145/3168390.3168444},
 acmid = {3168444},
 publisher = {ACM},
 address = {New York, NY, USA},
 keywords = {MDLC, application, global warming, interactive, multimedia},
}

@inproceedings{Kumar:2015:EVL:2676723.2677301,
 author = {Kumar, Amruth N.},
 title = {The Effectiveness of Visualization for Learning Expression Evaluation},
 booktitle = {Proceedings of the 46th ACM Technical Symposium on Computer Science Education},
 series = {SIGCSE '15},
 year = {2015},
 isbn = {978-1-4503-2966-8},
 location = {Kansas City, Missouri, USA},
 pages = {362--367},
 numpages = {6},
 url = {http://doi.acm.org/10.1145/2676723.2677301},
 doi = {10.1145/2676723.2677301},
 acmid = {2677301},
 publisher = {ACM},
 address = {New York, NY, USA},
 keywords = {evaluation, visualization},
}

@inproceedings{Sabitzer:2013:ICC:2532748.2532766,
 author = {Sabitzer, Barbara and Pasterk, Stefan and Elsenbaumer, Sabrina},
 title = {Informatics is COOL: Cooperative and Computer-assisted Open Learning},
 booktitle = {Proceedings of the 8th Workshop in Primary and Secondary Computing Education},
 series = {WiPSE '13},
 year = {2013},
 isbn = {978-1-4503-2455-7},
 location = {Aarhus, Denmark},
 pages = {91--94},
 numpages = {4},
 url = {http://doi.acm.org/10.1145/2532748.2532766},
 doi = {10.1145/2532748.2532766},
 acmid = {2532766},
 publisher = {ACM},
 address = {New York, NY, USA},
 keywords = {computer-supported learning, cooperative open learning},
}

@inproceedings{Wang:2011:TWD:2047594.2047620,
 author = {Wang, Ye Diana},
 title = {Teaching Web Development at a Distance},
 booktitle = {Proceedings of the 2011 Conference on Information Technology Education},
 series = {SIGITE '11},
 year = {2011},
 isbn = {978-1-4503-1017-8},
 location = {West Point, New York, USA},
 pages = {91--96},
 numpages = {6},
 url = {http://doi.acm.org/10.1145/2047594.2047620},
 doi = {10.1145/2047594.2047620},
 acmid = {2047620},
 publisher = {ACM},
 address = {New York, NY, USA},
 keywords = {distance education, eLearning, pedagogy, problem-based learning, web development},
}

@inproceedings{Chen:2017:CTS:3134847.3134848,
 author = {Chen, Zengzhao and Feng, Xiaochao and Liu, Tingting and Wang, Cong and Zhang, Chao},
 title = {A Computer-assisted Teaching System with Gesture Recognition Technology and Its Applications},
 booktitle = {Proceedings of the International Conference on Digital Technology in Education},
 series = {ICDTE '17},
 year = {2017},
 isbn = {978-1-4503-5283-3},
 location = {Taipei, Taiwan},
 pages = {1--6},
 numpages = {6},
 url = {http://doi.acm.org/10.1145/3134847.3134848},
 doi = {10.1145/3134847.3134848},
 acmid = {3134848},
 publisher = {ACM},
 address = {New York, NY, USA},
 keywords = {Classroom teaching, Computer-assisted teaching system, Gesture recognition technology},
}

@article{Peckham:2007:ISR:1227504.1227354,
 author = {Peckham, Joan and Stephenson, Peter and Herv{\'e}, Jean-Yves and Hutt, Ron and Encarna\c{c}\~{a}o, Miguel},
 title = {Increasing Student Retention in Computer Science Through Research Programs for Undergraduates},
 journal = {SIGCSE Bull.},
 issue_date = {March 2007},
 volume = {39},
 number = {1},
 month = mar,
 year = {2007},
 issn = {0097-8418},
 pages = {124--128},
 numpages = {5},
 url = {http://doi.acm.org/10.1145/1227504.1227354},
 doi = {10.1145/1227504.1227354},
 acmid = {1227354},
 publisher = {ACM},
 address = {New York, NY, USA},
 keywords = {computer graphics, education, undergraduate research},
}

@inproceedings{Peckham:2007:ISR:1227310.1227354,
 author = {Peckham, Joan and Stephenson, Peter and Herv{\'e}, Jean-Yves and Hutt, Ron and Encarna\c{c}\~{a}o, Miguel},
 title = {Increasing Student Retention in Computer Science Through Research Programs for Undergraduates},
 booktitle = {Proceedings of the 38th SIGCSE Technical Symposium on Computer Science Education},
 series = {SIGCSE '07},
 year = {2007},
 isbn = {1-59593-361-1},
 location = {Covington, Kentucky, USA},
 pages = {124--128},
 numpages = {5},
 url = {http://doi.acm.org/10.1145/1227310.1227354},
 doi = {10.1145/1227310.1227354},
 acmid = {1227354},
 publisher = {ACM},
 address = {New York, NY, USA},
 keywords = {computer graphics, education, undergraduate research},
}

@inproceedings{Whitney:2019:COC:3287324.3287347,
 author = {Whitney, Michael and Dallas, Bryan},
 title = {Captioning Online Course Videos: An Investigation into Knowledge Retention and Student Perception},
 booktitle = {Proceedings of the 50th ACM Technical Symposium on Computer Science Education},
 series = {SIGCSE '19},
 year = {2019},
 isbn = {978-1-4503-5890-3},
 location = {Minneapolis, MN, USA},
 pages = {511--517},
 numpages = {7},
 url = {http://doi.acm.org/10.1145/3287324.3287347},
 doi = {10.1145/3287324.3287347},
 acmid = {3287347},
 publisher = {ACM},
 address = {New York, NY, USA},
 keywords = {captions, computing education, online instruction, subtitles},
}

@inproceedings{Kumar:2016:EVL:2899415.2899427,
 author = {Kumar, Amruth N.},
 title = {The Effectiveness of Visualization for Learning Expression Evaluation: A Reproducibility Study},
 booktitle = {Proceedings of the 2016 ACM Conference on Innovation and Technology in Computer Science Education},
 series = {ITiCSE '16},
 year = {2016},
 isbn = {978-1-4503-4231-5},
 location = {Arequipa, Peru},
 pages = {192--197},
 numpages = {6},
 url = {http://doi.acm.org/10.1145/2899415.2899427},
 doi = {10.1145/2899415.2899427},
 acmid = {2899427},
 publisher = {ACM},
 address = {New York, NY, USA},
 keywords = {evaluation, reproducibility, visualization},
}

@article{Stephenson:2007:UUI:1181849.1181874,
 author = {Stephenson, Peter and Miguel, L. and Peckham, Joan and Herv{\'e}, Jean-Yves and Hutt, Ron},
 title = {Using Undergraduate Interdisciplinary Research to Promote Computer Science},
 journal = {J. Comput. Sci. Coll.},
 issue_date = {January 2007},
 volume = {22},
 number = {3},
 month = jan,
 year = {2007},
 issn = {1937-4771},
 pages = {98--104},
 numpages = {7},
 url = {http://dl.acm.org/citation.cfm?id=1181849.1181874},
 acmid = {1181874},
 publisher = {Consortium for Computing Sciences in Colleges},
 address = {USA},
}

@article{Bower:2006:VCP:1124706.1121390,
 author = {Bower, Matt},
 title = {Virtual Classroom Pedagogy},
 journal = {SIGCSE Bull.},
 issue_date = {March 2006},
 volume = {38},
 number = {1},
 month = mar,
 year = {2006},
 issn = {0097-8418},
 pages = {148--152},
 numpages = {5},
 url = {http://doi.acm.org/10.1145/1124706.1121390},
 doi = {10.1145/1124706.1121390},
 acmid = {1121390},
 publisher = {ACM},
 address = {New York, NY, USA},
 keywords = {online learning, pedagogy, virtual classroom},
}

@inproceedings{Bower:2006:VCP:1121341.1121390,
 author = {Bower, Matt},
 title = {Virtual Classroom Pedagogy},
 booktitle = {Proceedings of the 37th SIGCSE Technical Symposium on Computer Science Education},
 series = {SIGCSE '06},
 year = {2006},
 isbn = {1-59593-259-3},
 location = {Houston, Texas, USA},
 pages = {148--152},
 numpages = {5},
 url = {http://doi.acm.org/10.1145/1121341.1121390},
 doi = {10.1145/1121341.1121390},
 acmid = {1121390},
 publisher = {ACM},
 address = {New York, NY, USA},
 keywords = {online learning, pedagogy, virtual classroom},
}

@inproceedings{Fan:2016:DRO:2930674.2930690,
 author = {Fan, Min and Antle, Alissa N. and Cramer, Emily S.},
 title = {Design Rationale: Opportunities and Recommendations for Tangible Reading Systems for Children},
 booktitle = {Proceedings of the The 15th International Conference on Interaction Design and Children},
 series = {IDC '16},
 year = {2016},
 isbn = {978-1-4503-4313-8},
 location = {Manchester, United Kingdom},
 pages = {101--112},
 numpages = {12},
 url = {http://doi.acm.org/10.1145/2930674.2930690},
 doi = {10.1145/2930674.2930690},
 acmid = {2930690},
 publisher = {ACM},
 address = {New York, NY, USA},
 keywords = {Tangible user interfaces, children, design rationale, dyslexia, literacy, reading, spelling},
}

@inproceedings{Gaither:2018:RCC:3219104.3219160,
 author = {Gaither, Kelly and Gomez, Rosalia and Turner, Helen and DeStefano, Lizanne and Rivera, Lorna and Bland, Marques},
 title = {The Role Cultural Competency Plays in Teaching Data Science},
 booktitle = {Proceedings of the Practice and Experience on Advanced Research Computing},
 series = {PEARC '18},
 year = {2018},
 isbn = {978-1-4503-6446-1},
 location = {Pittsburgh, PA, USA},
 pages = {73:1--73:7},
 articleno = {73},
 numpages = {7},
 url = {http://doi.acm.org/10.1145/3219104.3219160},
 doi = {10.1145/3219104.3219160},
 acmid = {3219160},
 publisher = {ACM},
 address = {New York, NY, USA},
 keywords = {L.0 Assessment/Evaluation/Measurement, L.0 Science and Technology of Learning, L.2 Learning, L1.2 Learning Objects},
}

@inproceedings{Wang:2012:DAP:2401796.2401808,
 author = {Wang, Peng and Bednarik, Roman and Moreno, Andr{\'e}s},
 title = {During Automatic Program Animation, Explanations After Animations Have Greater Impact Than Before Animations},
 booktitle = {Proceedings of the 12th Koli Calling International Conference on Computing Education Research},
 series = {Koli Calling '12},
 year = {2012},
 isbn = {978-1-4503-1795-5},
 location = {Koli, Finland},
 pages = {100--109},
 numpages = {10},
 url = {http://doi.acm.org/10.1145/2401796.2401808},
 doi = {10.1145/2401796.2401808},
 acmid = {2401808},
 publisher = {ACM},
 address = {New York, NY, USA},
 keywords = {Jeliot 3, educational technologies, learning programming, program animation},
}

@inproceedings{Song:2010:TTR:1753846.1754087,
 author = {Song, Minyoung and Quintana, Chris},
 title = {TAVR: Temporal-aural-visual Representation to Convey Imperceptible Spatial Information},
 booktitle = {CHI '10 Extended Abstracts on Human Factors in Computing Systems},
 series = {CHI EA '10},
 year = {2010},
 isbn = {978-1-60558-930-5},
 location = {Atlanta, Georgia, USA},
 pages = {3967--3972},
 numpages = {6},
 url = {http://doi.acm.org/10.1145/1753846.1754087},
 doi = {10.1145/1753846.1754087},
 acmid = {1754087},
 publisher = {ACM},
 address = {New York, NY, USA},
 keywords = {learning technologies, multimedia tools, multimodal simulations, temporal representations},
}

@article{Heller:2001:UTM:376697.376701,
 author = {Heller, Rachelle S. and Martin, C. Dianne and Haneef, Nuzi and Gievska-Krliu, Sonja},
 title = {Using a Theoretical Multimedia Taxonomy Framework},
 journal = {J. Educ. Resour. Comput.},
 issue_date = {March 2001},
 volume = {1},
 number = {1es},
 month = mar,
 year = {2001},
 issn = {1531-4278},
 articleno = {6},
 url = {http://doi.acm.org/10.1145/376697.376701},
 doi = {10.1145/376697.376701},
 acmid = {376701},
 publisher = {ACM},
 address = {New York, NY, USA},
 keywords = {computer uses in education, evaluation, multimedia},
}

@inproceedings{Song:2009:WMS:1520340.1520723,
 author = {Song, Minyoung and Quintana, Chris},
 title = {WIIS: Multimodal Simulation for Exploring the World Beyond Visual Sense},
 booktitle = {CHI '09 Extended Abstracts on Human Factors in Computing Systems},
 series = {CHI EA '09},
 year = {2009},
 isbn = {978-1-60558-247-4},
 location = {Boston, MA, USA},
 pages = {4699--4704},
 numpages = {6},
 url = {http://doi.acm.org/10.1145/1520340.1520723},
 doi = {10.1145/1520340.1520723},
 acmid = {1520723},
 publisher = {ACM},
 address = {New York, NY, USA},
 keywords = {learning technologies, multimodal representations, simulations},
}

@inproceedings{Matsuura:2017:PLS:3022227.3022293,
 author = {Matsuura, Kenji and Karungaru, Stephen and Gotoda, Naka},
 title = {Physical Learning Support Using a Smartphone with Image Processing Technologies},
 booktitle = {Proceedings of the 11th International Conference on Ubiquitous Information Management and Communication},
 series = {IMCOM '17},
 year = {2017},
 isbn = {978-1-4503-4888-1},
 location = {Beppu, Japan},
 pages = {67:1--67:5},
 articleno = {67},
 numpages = {5},
 url = {http://doi.acm.org/10.1145/3022227.3022293},
 doi = {10.1145/3022227.3022293},
 acmid = {3022293},
 publisher = {ACM},
 address = {New York, NY, USA},
 keywords = {image processing, learning support, motor skill, smartphone},
}

@inproceedings{Song:2012:RTS:2207676.2208605,
 author = {Song, Minyoung and Quintana, Chris},
 title = {Representing "Too Small to See" As "Too Small to See" with Temporal Representation},
 booktitle = {Proceedings of the SIGCHI Conference on Human Factors in Computing Systems},
 series = {CHI '12},
 year = {2012},
 isbn = {978-1-4503-1015-4},
 location = {Austin, Texas, USA},
 pages = {1441--1450},
 numpages = {10},
 url = {http://doi.acm.org/10.1145/2207676.2208605},
 doi = {10.1145/2207676.2208605},
 acmid = {2208605},
 publisher = {ACM},
 address = {New York, NY, USA},
 keywords = {educational technology, learning technology, multimedia, multimodal representation, temporal representation},
}

@inproceedings{Melo:2014:AMD:2643604.2643605,
 author = {Melo, M\'{a}rio and Miranda, Guilhermina Lobato},
 title = {Applying the 4C-ID Model to the Design of a Digital Educational Resource for Teaching Electric Circuits: Effects on Student Achievement},
 booktitle = {Proceedings of the 2014 Workshop on Interaction Design in Educational Environments},
 series = {IDEE '14},
 year = {2014},
 isbn = {978-1-4503-3034-3},
 location = {Albacete, Spain},
 pages = {8:8--8:14},
 articleno = {8},
 numpages = {7},
 url = {http://doi.acm.org/10.1145/2643604.2643605},
 doi = {10.1145/2643604.2643605},
 acmid = {2643605},
 publisher = {ACM},
 address = {New York, NY, USA},
 keywords = {4C-ID model, Digital educational resources, Electric circuits, Instructional design \& technology, Learning environments, Multimedia educational messages},
}

@article{Dostie:2006:DCT:1127442.1127475,
 author = {Dostie, Rachelle and Bergey, Carly},
 title = {Dual Coding Theory for Interactive Learning Systems},
 journal = {J. Comput. Sci. Coll.},
 issue_date = {June 2006},
 volume = {21},
 number = {6},
 month = jun,
 year = {2006},
 issn = {1937-4771},
 pages = {264--264},
 numpages = {1},
 url = {http://dl.acm.org/citation.cfm?id=1127442.1127475},
 acmid = {1127475},
 publisher = {Consortium for Computing Sciences in Colleges},
 address = {USA},
}

@article{Parker:2006:EML:1181901.1181931,
 author = {Parker, Brenda and Mitchell, Ian},
 title = {Effective Methods for Learning: A Study in Visualization},
 journal = {J. Comput. Sci. Coll.},
 issue_date = {December 2006},
 volume = {22},
 number = {2},
 month = dec,
 year = {2006},
 issn = {1937-4771},
 pages = {176--182},
 numpages = {7},
 url = {http://dl.acm.org/citation.cfm?id=1181901.1181931},
 acmid = {1181931},
 publisher = {Consortium for Computing Sciences in Colleges},
 address = {USA},
}

@article{Williams:2008:IEC:1352322.1352303,
 author = {Williams, Andrew B. and Touretzky, David S. and Tira-Thompson, Ethan J. and Manning, LaVonne and Boonthum, Chutima and Allen, Clement S.},
 title = {Introducing an Experimental Cognitive Robotics Curriculum at Historically Black Colleges and Universities},
 journal = {SIGCSE Bull.},
 issue_date = {March 2008},
 volume = {40},
 number = {1},
 month = mar,
 year = {2008},
 issn = {0097-8418},
 pages = {498--502},
 numpages = {5},
 url = {http://doi.acm.org/10.1145/1352322.1352303},
 doi = {10.1145/1352322.1352303},
 acmid = {1352303},
 publisher = {ACM},
 address = {New York, NY, USA},
 keywords = {cognitive robotics, mobile robots, tekkotsu},
}

@inproceedings{Williams:2008:IEC:1352135.1352303,
 author = {Williams, Andrew B. and Touretzky, David S. and Tira-Thompson, Ethan J. and Manning, LaVonne and Boonthum, Chutima and Allen, Clement S.},
 title = {Introducing an Experimental Cognitive Robotics Curriculum at Historically Black Colleges and Universities},
 booktitle = {Proceedings of the 39th SIGCSE Technical Symposium on Computer Science Education},
 series = {SIGCSE '08},
 year = {2008},
 isbn = {978-1-59593-799-5},
 location = {Portland, OR, USA},
 pages = {498--502},
 numpages = {5},
 url = {http://doi.acm.org/10.1145/1352135.1352303},
 doi = {10.1145/1352135.1352303},
 acmid = {1352303},
 publisher = {ACM},
 address = {New York, NY, USA},
 keywords = {cognitive robotics, mobile robots, tekkotsu},
}

@inproceedings{Stevens:2008:UCD:1599936.1600033,
 author = {Stevens, Shawn Y. and Krajcik, Joseph S. and Shin, Namsoo and Pellegrino, James W. and Geier, Susan and Swarat, Su and Light, Gregory and Park, Eun Jung and Delgado, C{\'e}sar and Drane, Denise and Song, Minyoung and Quintana, Chris and Shipley, Emily and Silva, Brenda Lopez and Daly, Shanna and Wischow, Emily and Moher, Tom and Pellegrino, James W. and Cahill, Clara and Szeto, Alan K. and Unterman, Nathan A. and Lauhon, Lincoln J. and Park, Eun Jung and Hagedorn, Eric A.},
 title = {Using Construct-centered Design to Align Curriculum, Instruction, and Assessment Development in Emerging Science},
 booktitle = {Proceedings of the 8th International Conference on International Conference for the Learning Sciences - Volume 3},
 series = {ICLS'08},
 year = {2008},
 location = {Utrecht, The Netherlands},
 pages = {314--321},
 numpages = {8},
 url = {http://dl.acm.org/citation.cfm?id=1599936.1600033},
 acmid = {1600033},
 publisher = {International Society of the Learning Sciences},
}

@article{Nickens:2009:IHS:1539024.1509016,
 author = {Nickens, Glenn V. and Tira-Thompson, Ethan J. and Humphries, Thorna and Touretzky, David S.},
 title = {An Inexpensive Hand-eye System for Undergraduate Robotics Instruction},
 journal = {SIGCSE Bull.},
 issue_date = {March 2009},
 volume = {41},
 number = {1},
 month = mar,
 year = {2009},
 issn = {0097-8418},
 pages = {423--427},
 numpages = {5},
 url = {http://doi.acm.org/10.1145/1539024.1509016},
 doi = {10.1145/1539024.1509016},
 acmid = {1509016},
 publisher = {ACM},
 address = {New York, NY, USA},
 keywords = {computer vision, hand-eye system, robotics, tekkotsu},
}

@inproceedings{Nickens:2009:IHS:1508865.1509016,
 author = {Nickens, Glenn V. and Tira-Thompson, Ethan J. and Humphries, Thorna and Touretzky, David S.},
 title = {An Inexpensive Hand-eye System for Undergraduate Robotics Instruction},
 booktitle = {Proceedings of the 40th ACM Technical Symposium on Computer Science Education},
 series = {SIGCSE '09},
 year = {2009},
 isbn = {978-1-60558-183-5},
 location = {Chattanooga, TN, USA},
 pages = {423--427},
 numpages = {5},
 url = {http://doi.acm.org/10.1145/1508865.1509016},
 doi = {10.1145/1508865.1509016},
 acmid = {1509016},
 publisher = {ACM},
 address = {New York, NY, USA},
 keywords = {computer vision, hand-eye system, robotics, tekkotsu},
}

@inproceedings{Volta:2018:EMI:3212721.3212849,
 author = {Volta, Erica and Volpe, Gualtiero},
 title = {Exploiting Multimodal Integration in Adaptive Interactive Systems and Game-based Learning Interfaces},
 booktitle = {Proceedings of the 5th International Conference on Movement and Computing},
 series = {MOCO '18},
 year = {2018},
 isbn = {978-1-4503-6504-8},
 location = {Genoa, Italy},
 pages = {30:1--30:4},
 articleno = {30},
 numpages = {4},
 url = {http://doi.acm.org/10.1145/3212721.3212849},
 doi = {10.1145/3212721.3212849},
 acmid = {3212849},
 publisher = {ACM},
 address = {New York, NY, USA},
 keywords = {Movement Analysis, Multimodal Interactive Systems, Multimodal Technologies, Multisensory learning, Multisensory perception, Music Learning, Perceptual learning, Serious games, Sonification},
}

@inproceedings{Slay:2003:ALE:858403.858434,
 author = {Slay, J. and Quirchmayr, G. and Kurzel, F. and Hagenus, K.},
 title = {Adaptive Learning Environments for CS Education: From AMLE to Live Spaces},
 booktitle = {Proceedings of the Fifth Australasian Conference on Computing Education - Volume 20},
 series = {ACE '03},
 year = {2003},
 isbn = {0-909925-98-4},
 location = {Adelaide, Australia},
 pages = {257--262},
 numpages = {6},
 url = {http://dl.acm.org/citation.cfm?id=858403.858434},
 acmid = {858434},
 publisher = {Australian Computer Society, Inc.},
 address = {Darlinghurst, Australia, Australia},
 keywords = {adaptive context- aware learning environments, computer science education, life-long learning},
}

@article{Touretzky:2010:PCS:1787234.1787244,
 author = {Touretzky, David S.},
 title = {Preparing Computer Science Students for the Robotics Revolution},
 journal = {Commun. ACM},
 issue_date = {August 2010},
 volume = {53},
 number = {8},
 month = aug,
 year = {2010},
 issn = {0001-0782},
 pages = {27--29},
 numpages = {3},
 url = {http://doi.acm.org/10.1145/1787234.1787244},
 doi = {10.1145/1787234.1787244},
 acmid = {1787244},
 publisher = {ACM},
 address = {New York, NY, USA},
}

@inproceedings{Stephenson:2006:ISR:1179295.1179306,
 author = {Stephenson, Peter and Peckham, Joan and Herv{\'e}, Jean-Yves and Hutt, Ron and Encarna\c{c}\~{a}o, L. Miguel},
 title = {Increasing Student Retention in Computer Science Through Research Programs for Undergraduates},
 booktitle = {ACM SIGGRAPH 2006 Educators Program},
 series = {SIGGRAPH '06},
 year = {2006},
 isbn = {1-59593-364-6},
 location = {Boston, Massachusetts},
 articleno = {10},
 url = {http://doi.acm.org/10.1145/1179295.1179306},
 doi = {10.1145/1179295.1179306},
 acmid = {1179306},
 publisher = {ACM},
 address = {New York, NY, USA},
}

@inproceedings{Adams:1996:IMP:237466.237646,
 author = {Adams, Elizabeth S. and Carswell, Linda and Kumar, Amruth and Meyer, Jeanine and Ellis, Ainslie and Hall, Patrick and Motil, John},
 title = {Interactive Multimedia Pedagogies: Report of the Working Group on Interactive Multimedia Pedagogy},
 booktitle = {Proceedings of the 1st Conference on Integrating Technology into Computer Science Education},
 series = {ITiCSE '96},
 year = {1996},
 isbn = {0-89791-844-4},
 location = {Barcelona, Spain},
 pages = {182--191},
 numpages = {10},
 url = {http://doi.acm.org/10.1145/237466.237646},
 doi = {10.1145/237466.237646},
 acmid = {237646},
 publisher = {ACM},
 address = {New York, NY, USA},
}

@article{Adams:1996:IMP:1013718.237646,
 author = {Adams, Elizabeth S. and Carswell, Linda and Kumar, Amruth and Meyer, Jeanine and Ellis, Ainslie and Hall, Patrick and Motil, John},
 title = {Interactive Multimedia Pedagogies: Report of the Working Group on Interactive Multimedia Pedagogy},
 journal = {SIGCUE Outlook},
 issue_date = {Jan.-July, 1996},
 volume = {24},
 number = {1-3},
 month = jan,
 year = {1996},
 issn = {0163-5735},
 pages = {182--191},
 numpages = {10},
 url = {http://doi.acm.org/10.1145/1013718.237646},
 doi = {10.1145/1013718.237646},
 acmid = {237646},
 publisher = {ACM},
 address = {New York, NY, USA},
}

@article{Adams:1996:IMP:237477.237646,
 author = {Adams, Elizabeth S. and Carswell, Linda and Kumar, Amruth and Meyer, Jeanine and Ellis, Ainslie and Hall, Patrick and Motil, John},
 title = {Interactive Multimedia Pedagogies: Report of the Working Group on Interactive Multimedia Pedagogy},
 journal = {SIGCSE Bull.},
 issue_date = {1996},
 volume = {28},
 number = {SI},
 month = jan,
 year = {1996},
 issn = {0097-8418},
 pages = {182--191},
 numpages = {10},
 url = {http://doi.acm.org/10.1145/237477.237646},
 doi = {10.1145/237477.237646},
 acmid = {237646},
 publisher = {ACM},
 address = {New York, NY, USA},
}

@inproceedings{Prangsma:2008:HLT:1599871.1599899,
 author = {Prangsma, Maaike E. and Van Boxtel, Carla A. M. and Kanselaar, Gellof and Kirschner, Paul A.},
 title = {History Learning with Textual or Visual Tasks: Student Dialogue},
 booktitle = {Proceedings of the 8th International Conference on International Conference for the Learning Sciences - Volume 2},
 series = {ICLS'08},
 year = {2008},
 location = {Utrecht, The Netherlands},
 pages = {221--228},
 numpages = {8},
 url = {http://dl.acm.org/citation.cfm?id=1599871.1599899},
 acmid = {1599899},
 publisher = {International Society of the Learning Sciences},
}

@inproceedings{Bouki:2011:CTM:2038476.2038531,
 author = {Bouki, Vassiliki and Economou, Daphne and Angelopoulou, Anastassia},
 title = {Cognitive Theory of Multimedia Learning and Learning Videos Design: The Redundancy Principle},
 booktitle = {Proceedings of the 29th ACM International Conference on Design of Communication},
 series = {SIGDOC '11},
 year = {2011},
 isbn = {978-1-4503-0936-3},
 location = {Pisa, Italy},
 pages = {271--278},
 numpages = {8},
 url = {http://doi.acm.org/10.1145/2038476.2038531},
 doi = {10.1145/2038476.2038531},
 acmid = {2038531},
 publisher = {ACM},
 address = {New York, NY, USA},
 keywords = {learning videos design, multimedia learning theory, redundancy principle},
}

@inproceedings{Bower:2006:LSE:1151869.1151877,
 author = {Bower, Matt},
 title = {A Learning System Engineering Approach to Developing Online Courses},
 booktitle = {Proceedings of the 8th Australasian Conference on Computing Education - Volume 52},
 series = {ACE '06},
 year = {2006},
 isbn = {1-920682-34-1},
 location = {Hobart, Australia},
 pages = {45--54},
 numpages = {10},
 url = {http://dl.acm.org/citation.cfm?id=1151869.1151877},
 acmid = {1151877},
 publisher = {Australian Computer Society, Inc.},
 address = {Darlinghurst, Australia, Australia},
 keywords = {curriculum engineering, learning design, online learning, online technology},
}

@inproceedings{Cerni:2012:CCS:2457523.2457558,
 author = {Cerni, Tania and Job, Remo},
 title = {Cognitive-Educational Constraints for Socially-Relevant MALL Technologies},
 booktitle = {Proceedings of the The 2012 IEEE/WIC/ACM International Joint Conferences on Web Intelligence and Intelligent Agent Technology - Volume 03},
 series = {WI-IAT '12},
 year = {2012},
 isbn = {978-0-7695-4880-7},
 pages = {316--320},
 numpages = {5},
 url = {https://doi.org/10.1109/WI-IAT.2012.117},
 doi = {10.1109/WI-IAT.2012.117},
 acmid = {2457558},
 publisher = {IEEE Computer Society},
 address = {Washington, DC, USA},
 keywords = {Language learning, mLearning, MALL, cognitive factors, social disadvantage},
}

@inproceedings{Gan:2007:MTV:1599600.1599641,
 author = {Gan, Yongcheng and Scardamalia, Marlene and Hong, Huang-Yao and Zhang, Jianwei},
 title = {Making Thinking Visible: Growth in Graphical Literacy, Grades 3 to 4},
 booktitle = {Proceedings of the 8th Iternational Conference on Computer Supported Collaborative Learning},
 series = {CSCL'07},
 year = {2007},
 isbn = {978-0-6151-5436-7},
 location = {New Brunswick, New Jersey, USA},
 pages = {209--211},
 numpages = {3},
 url = {http://dl.acm.org/citation.cfm?id=1599600.1599641},
 acmid = {1599641},
 publisher = {International Society of the Learning Sciences},
}

@inproceedings{Wiggins:1998:OPV:275295.275358,
 author = {Wiggins, Melissa},
 title = {An Overview of Program Visualization Tools and Systems},
 booktitle = {Proceedings of the 36th Annual Southeast Regional Conference},
 series = {ACM-SE 36},
 year = {1998},
 isbn = {1-58113-030-9},
 pages = {194--200},
 numpages = {7},
 url = {http://doi.acm.org/10.1145/275295.275358},
 doi = {10.1145/275295.275358},
 acmid = {275358},
 publisher = {ACM},
 address = {New York, NY, USA},
}

@inproceedings{Leventhal:2001:DII:564526.564540,
 author = {Leventhal, Laura},
 title = {Delivering Instructions for Inherently-3D Construction Tasks: Lessons and Questions for Universal Accessibility},
 booktitle = {Proceedings of the 2001 EC/NSF Workshop on Universal Accessibility of Ubiquitous Computing: Providing for the Elderly},
 series = {WUAUC'01},
 year = {2001},
 isbn = {1-58113-424-X},
 location = {Alc\&aacute;cer do Sal, Portugal},
 pages = {51--55},
 numpages = {5},
 url = {http://doi.acm.org/10.1145/564526.564540},
 doi = {10.1145/564526.564540},
 acmid = {564540},
 publisher = {ACM},
 address = {New York, NY, USA},
 keywords = {dual presentations, inherently-3D construction tasks, multiple representations, user-centered design, user-controlled 3D models, virtual reality},
}

@inproceedings{Greenberg:2014:EIT:2567574.2567597,
 author = {Greenberg, Anne K. and Gross, Melissa and Wright, Mary C.},
 title = {Effects of Image-based and Text-based Activities on Student Learning Outcomes},
 booktitle = {Proceedings of the Fourth International Conference on Learning Analytics And Knowledge},
 series = {LAK '14},
 year = {2014},
 isbn = {978-1-4503-2664-3},
 location = {Indianapolis, Indiana, USA},
 pages = {275--276},
 numpages = {2},
 url = {http://doi.acm.org/10.1145/2567574.2567597},
 doi = {10.1145/2567574.2567597},
 acmid = {2567597},
 publisher = {ACM},
 address = {New York, NY, USA},
 keywords = {LectureTools, active learning, assessment, dual coding, visualizer-verbalizer},
}

@article{Richard:2019:DPF:3308443.3243138,
 author = {Richard, Gabriela T. and Giri, Sagun},
 title = {Digital and Physical Fabrication As Multimodal Learning: Understanding Youth Computational Thinking When Making Integrated Systems Through Bidirectionally Responsive Design},
 journal = {ACM Trans. Comput. Educ.},
 issue_date = {June 2019},
 volume = {19},
 number = {3},
 month = jan,
 year = {2019},
 issn = {1946-6226},
 pages = {17:1--17:35},
 articleno = {17},
 numpages = {35},
 url = {http://doi.acm.org/10.1145/3243138},
 doi = {10.1145/3243138},
 acmid = {3243138},
 publisher = {ACM},
 address = {New York, NY, USA},
 keywords = {Education/learning, collaboration, content analysis, creativity support, design research methods, embodied interaction, fashion/clothing, games/play, interview, participatory design, schools/educational setting, sensors, tangible, teens, wearable computers},
}

@inproceedings{VanEsselstyn:1998:EAM:286498.286534,
 author = {VanEsselstyn, David},
 title = {The Effect of Accompanying Media on Spatial Models Derived from Text},
 booktitle = {CHI 98 Conference Summary on Human Factors in Computing Systems},
 series = {CHI '98},
 year = {1998},
 isbn = {1-58113-028-7},
 location = {Los Angeles, California, USA},
 pages = {70--71},
 numpages = {2},
 url = {http://doi.acm.org/10.1145/286498.286534},
 doi = {10.1145/286498.286534},
 acmid = {286534},
 publisher = {ACM},
 address = {New York, NY, USA},
 keywords = {education, hypermedia, knowledge representation, virtual reality},
}

@inproceedings{Moebs:2008:LLU:1459359.1459567,
 author = {Moebs, Sabine A.},
 title = {A Learner, is a Learner, is a User, is a Customer: QoS-based Experience-aware Adaptation},
 booktitle = {Proceedings of the 16th ACM International Conference on Multimedia},
 series = {MM '08},
 year = {2008},
 isbn = {978-1-60558-303-7},
 location = {Vancouver, British Columbia, Canada},
 pages = {1035--1038},
 numpages = {4},
 url = {http://doi.acm.org/10.1145/1459359.1459567},
 doi = {10.1145/1459359.1459567},
 acmid = {1459567},
 publisher = {ACM},
 address = {New York, NY, USA},
 keywords = {flow, learning, qoe, qos},
}

@inproceedings{Song:2010:TTR:1753846.1753897,
 author = {Song, Minyoung},
 title = {TAVR: Temporal-aural-visual Representation for Representing Imperceptible Spatial Information},
 booktitle = {CHI '10 Extended Abstracts on Human Factors in Computing Systems},
 series = {CHI EA '10},
 year = {2010},
 isbn = {978-1-60558-930-5},
 location = {Atlanta, Georgia, USA},
 pages = {2967--2970},
 numpages = {4},
 url = {http://doi.acm.org/10.1145/1753846.1753897},
 doi = {10.1145/1753846.1753897},
 acmid = {1753897},
 publisher = {ACM},
 address = {New York, NY, USA},
 keywords = {learning technologies, multimedia tools, multimodal representations, temporal modality},
}

@article{Hundhausen:2009:DML:1592440.1592442,
 author = {Hundhausen, Christopher D. and Farley, Sean F. and Brown, Jonathan L.},
 title = {Can Direct Manipulation Lower the Barriers to Computer Programming and Promote Transfer of Training?: An Experimental Study},
 journal = {ACM Trans. Comput.-Hum. Interact.},
 issue_date = {September 2009},
 volume = {16},
 number = {3},
 month = sep,
 year = {2009},
 issn = {1073-0516},
 pages = {13:1--13:40},
 articleno = {13},
 numpages = {40},
 url = {http://doi.acm.org/10.1145/1592440.1592442},
 doi = {10.1145/1592440.1592442},
 acmid = {1592442},
 publisher = {ACM},
 address = {New York, NY, USA},
 keywords = {Direct manipulation, programming education, semantic components analysis, transfer of training, video analysis},
}

@inproceedings{Smolin:2012:AAI:2330601.2330644,
 author = {Smolin, Denis and Butakov, Sergey},
 title = {Applying Artificial Intelligence to the Educational Data: An Example of Syllabus Quality Analysis},
 booktitle = {Proceedings of the 2Nd International Conference on Learning Analytics and Knowledge},
 series = {LAK '12},
 year = {2012},
 isbn = {978-1-4503-1111-3},
 location = {Vancouver, British Columbia, Canada},
 pages = {164--169},
 numpages = {6},
 url = {http://doi.acm.org/10.1145/2330601.2330644},
 doi = {10.1145/2330601.2330644},
 acmid = {2330644},
 publisher = {ACM},
 address = {New York, NY, USA},
 keywords = {architectures for educational technology system, cognitive graphics, evaluation methodologies, intelligent tutoring systems, learning analytics},
}

@inproceedings{Large:1994:IML:192593.192685,
 author = {Large, A. and Beheshti, J. and Breuleux, A. and Renaud, A.},
 title = {The Influence of Multimedia on Learning: A Cognitive Study},
 booktitle = {Proceedings of the Second ACM International Conference on Multimedia},
 series = {MULTIMEDIA '94},
 year = {1994},
 isbn = {0-89791-686-7},
 location = {San Francisco, California, USA},
 pages = {315--319},
 numpages = {5},
 url = {http://doi.acm.org/10.1145/192593.192685},
 doi = {10.1145/192593.192685},
 acmid = {192685},
 publisher = {ACM},
 address = {New York, NY, USA},
}

@inproceedings{Amershi:2005:DCP:1067445.1067495,
 author = {Amershi, S. and Arksey, N. and Carenini, G. and Conati, C. and Mackworth, A. and Maclaren, H. and Poole, D.},
 title = {Designing CIspace: Pedagogy and Usability in a Learning Environment for AI},
 booktitle = {Proceedings of the 10th Annual SIGCSE Conference on Innovation and Technology in Computer Science Education},
 series = {ITiCSE '05},
 year = {2005},
 isbn = {1-59593-024-8},
 location = {Caparica, Portugal},
 pages = {178--182},
 numpages = {5},
 url = {http://doi.acm.org/10.1145/1067445.1067495},
 doi = {10.1145/1067445.1067495},
 acmid = {1067495},
 publisher = {ACM},
 address = {New York, NY, USA},
 keywords = {artificial intelligence, interactive visualization, pedagogy},
}

@article{Amershi:2005:DCP:1151954.1067495,
 author = {Amershi, S. and Arksey, N. and Carenini, G. and Conati, C. and Mackworth, A. and Maclaren, H. and Poole, D.},
 title = {Designing CIspace: Pedagogy and Usability in a Learning Environment for AI},
 journal = {SIGCSE Bull.},
 issue_date = {September 2005},
 volume = {37},
 number = {3},
 month = jun,
 year = {2005},
 issn = {0097-8418},
 pages = {178--182},
 numpages = {5},
 url = {http://doi.acm.org/10.1145/1151954.1067495},
 doi = {10.1145/1151954.1067495},
 acmid = {1067495},
 publisher = {ACM},
 address = {New York, NY, USA},
 keywords = {artificial intelligence, interactive visualization, pedagogy},
}

@inproceedings{Baloian:2013:TGM:2535597.2535622,
 author = {Baloian, Nelson and Pino, Jos{\'e} A. and Vargas, Roberto},
 title = {Tablet Gestures As a Motivating Factor for Learning},
 booktitle = {Proceedings of the 2013 Chilean Conference on Human - Computer Interaction},
 series = {ChileCHI '13},
 year = {2013},
 isbn = {978-1-4503-2200-3},
 location = {Temuco, Chile},
 pages = {98--103},
 numpages = {6},
 url = {http://doi.acm.org/10.1145/2535597.2535622},
 doi = {10.1145/2535597.2535622},
 acmid = {2535622},
 publisher = {ACM},
 address = {New York, NY, USA},
 keywords = {english as a foreign language educaction, gestures evaluation, iPad, natural user interfaces, tablet gestures},
}

@inproceedings{Hundhausen:1998:TEA:286498.286526,
 author = {Hundhausen, Christopher D.},
 title = {Toward Effective Algorithm Visualization Artifacts: Designing for Participation and Negotiation in an Undergraduate Algorithms Course},
 booktitle = {CHI 98 Conference Summary on Human Factors in Computing Systems},
 series = {CHI '98},
 year = {1998},
 isbn = {1-58113-028-7},
 location = {Los Angeles, California, USA},
 pages = {54--55},
 numpages = {2},
 url = {http://doi.acm.org/10.1145/286498.286526},
 doi = {10.1145/286498.286526},
 acmid = {286526},
 publisher = {ACM},
 address = {New York, NY, USA},
 keywords = {algorithm visualization, situated action theory, situated learning theory},
}

@inproceedings{Brown:2007:RUR:1286240.1286261,
 author = {Brown, Elizabeth and Fisher, Tony and Brailsford, Tim},
 title = {Real Users, Real Results: Examining the Limitations of Learning Styles Within AEH},
 booktitle = {Proceedings of the Eighteenth Conference on Hypertext and Hypermedia},
 series = {HT '07},
 year = {2007},
 isbn = {978-1-59593-820-6},
 location = {Manchester, UK},
 pages = {57--66},
 numpages = {10},
 url = {http://doi.acm.org/10.1145/1286240.1286261},
 doi = {10.1145/1286240.1286261},
 acmid = {1286261},
 publisher = {ACM},
 address = {New York, NY, USA},
 keywords = {DEUS, adaptive educational hypermedia, learning styles, real users, user modelling, user trials},
}

@inproceedings{Brown:2006:RCS:1135777.1135827,
 author = {Brown, Elizabeth and Brailsford, Tim and Fisher, Tony and Moore, Adam and Ashman, Helen},
 title = {Reappraising Cognitive Styles in Adaptive Web Applications},
 booktitle = {Proceedings of the 15th International Conference on World Wide Web},
 series = {WWW '06},
 year = {2006},
 isbn = {1-59593-323-9},
 location = {Edinburgh, Scotland},
 pages = {327--335},
 numpages = {9},
 url = {http://doi.acm.org/10.1145/1135777.1135827},
 doi = {10.1145/1135777.1135827},
 acmid = {1135827},
 publisher = {ACM},
 address = {New York, NY, USA},
 keywords = {adaptive hypermedia, cognitive styles, user modelling, user trials, web applications},
}

@inproceedings{VanOostendorp:2008:CLA:1599871.1599926,
 author = {Van Oostendorp, Herre and Beijersbergen, Michiel J. and Solaimani, Sam},
 title = {Conditions for Learning from Animations},
 booktitle = {Proceedings of the 8th International Conference on International Conference for the Learning Sciences - Volume 2},
 series = {ICLS'08},
 year = {2008},
 location = {Utrecht, The Netherlands},
 pages = {438--445},
 numpages = {8},
 url = {http://dl.acm.org/citation.cfm?id=1599871.1599926},
 acmid = {1599926},
 publisher = {International Society of the Learning Sciences},
}

@article{Brown:2007:RUR:1324960.1324967,
 author = {Brown, Elizabeth and Fisher, Tony and Brailsford, Tim},
 title = {Real Users, Real Results: Examining the Limitations of Learning Styles Within AEH},
 journal = {SIGWEB Newsl.},
 issue_date = {Winter 2007},
 volume = {2007},
 number = {Winter},
 month = dec,
 year = {2007},
 issn = {1931-1745},
 articleno = {7},
 url = {http://doi.acm.org/10.1145/1324960.1324967},
 doi = {10.1145/1324960.1324967},
 acmid = {1324967},
 publisher = {ACM},
 address = {New York, NY, USA},
 keywords = {DEUS, adaptive educational hypermedia, learning styles, real users, user modelling, user trials},
}

