@inproceedings{Guzdial:2013:EHM:2493394.2493397,
 author = {Guzdial, Mark},
 title = {Exploring Hypotheses About Media Computation},
 booktitle = {Proceedings of the Ninth Annual International ACM Conference on International Computing Education Research},
 series = {ICER '13},
 year = {2013},
 isbn = {978-1-4503-2243-0},
 location = {San Diego, San California, USA},
 pages = {19--26},
 numpages = {8},
 url = {http://doi.acm.org/10.1145/2493394.2493397},
 doi = {10.1145/2493394.2493397},
 acmid = {2493397},
 publisher = {ACM},
 address = {New York, NY, USA},
 keywords = {assessment, broadening participation, curriculum, education research, motivation, retention, under-represented minorities, women in computing},
}

