@inproceedings{Diego:2018:RSP:3284179.3284213,
 author = {Diego, Maria Vaquero and Rodr\'{\i}guez-Conde, Mar\'{\i}a-Jos{\'e} and Fincias, Patricia Torrijos and Schnorr, Samuel},
 title = {Relationship Between School Performance and Emotional Intelligence with TMMS-24 in High Performance School Adolescents in Sao Paulo (Brazil)},
 booktitle = {Proceedings of the Sixth International Conference on Technological Ecosystems for Enhancing Multiculturality},
 series = {TEEM'18},
 year = {2018},
 isbn = {978-1-4503-6518-5},
 location = {Salamanca, Spain},
 pages = {185--189},
 numpages = {5},
 url = {http://doi.acm.org/10.1145/3284179.3284213},
 doi = {10.1145/3284179.3284213},
 acmid = {3284213},
 publisher = {ACM},
 address = {New York, NY, USA},
 keywords = {Emotional intelligence, academic performance, school performance},
}

@inproceedings{Lewis:2008:DSI:1355238.1355241,
 author = {Lewis, Tracy L. and Smith, Wanda J. and B{\'e}langer, France and Harrington, K. Vernard},
 title = {Determining Students' Intent to Stay in It Programs: An Empirical Model},
 booktitle = {Proceedings of the 2008 ACM SIGMIS CPR Conference on Computer Personnel Doctoral Consortium and Research},
 series = {SIGMIS CPR '08},
 year = {2008},
 isbn = {978-1-60558-069-2},
 location = {Charlottesville, VA, USA},
 pages = {5--11},
 numpages = {7},
 url = {http://doi.acm.org/10.1145/1355238.1355241},
 doi = {10.1145/1355238.1355241},
 acmid = {1355241},
 publisher = {ACM},
 address = {New York, NY, USA},
 keywords = {IT resilience, IT students, emotional intelligence, ethnic identity, persistence, retention, student attrition},
}

@article{Boverie:1998:PSD:281083.281086,
 author = {Boverie, Patricia and Nagel, Liza and McGee, Melissa and Garcia, Susan},
 title = {Predictors of Satisfaction for Distance Learners: A Study of Variable Conditions},
 journal = {SIGCUE Outlook},
 issue_date = {April 1998},
 volume = {26},
 number = {2},
 month = apr,
 year = {1998},
 issn = {0163-5735},
 pages = {2--7},
 numpages = {6},
 url = {http://doi.acm.org/10.1145/281083.281086},
 doi = {10.1145/281083.281086},
 acmid = {281086},
 publisher = {ACM},
 address = {New York, NY, USA},
 keywords = {distance learners, emotional intelligence, learning strategies, learning style, self-efficacy, social presence, student satisfaction},
}

@inproceedings{Lewis:2008:TSS:1404520.1404530,
 author = {Lewis, Tracy L. and Smith, Wanda J. and B{\'e}langer, France and Harrington, K. Vernard},
 title = {Are Technical and Soft Skills Required?: The Use of Structural Equation Modeling to Examine Factors Leading to Retention in the Cs Major},
 booktitle = {Proceedings of the Fourth International Workshop on Computing Education Research},
 series = {ICER '08},
 year = {2008},
 isbn = {978-1-60558-216-0},
 location = {Sydney, Australia},
 pages = {91--100},
 numpages = {10},
 url = {http://doi.acm.org/10.1145/1404520.1404530},
 doi = {10.1145/1404520.1404530},
 acmid = {1404530},
 publisher = {ACM},
 address = {New York, NY, USA},
 keywords = {CS student attrition, CS students, emotional intelligence, persistence, retention, soft skills, structural equation modeling, technical skills},
}

@inproceedings{Garcia-Sanjuan:2015:MEF:2829875.2829880,
 author = {Garcia-Sanjuan, Fernando and Jaen, Javier and Catala, Alejandro},
 title = {Multi-Display Environments to Foster Emotional Intelligence in Hospitalized Children},
 booktitle = {Proceedings of the XVI International Conference on Human Computer Interaction},
 series = {Interacci\&\#243;n '15},
 year = {2015},
 isbn = {978-1-4503-3463-1},
 location = {Vilanova i la Geltru, Spain},
 pages = {13:1--13:2},
 articleno = {13},
 numpages = {2},
 url = {http://doi.acm.org/10.1145/2829875.2829880},
 doi = {10.1145/2829875.2829880},
 acmid = {2829880},
 publisher = {ACM},
 address = {New York, NY, USA},
 keywords = {Child-Computer Interaction, Emotional Intelligence, Hospitalization, Multi-Display Environments (MDE), Socialization},
}

@inproceedings{Smith:2007:FRR:1235000.1235017,
 author = {Smith, Wanda J. and B{\'e}langer, France and Lewis, Tracy and Honaker, Kristi},
 title = {Fostering Resilience in IT: A Resource Toolkit for Faculty},
 booktitle = {Proceedings of the 2007 ACM SIGMIS CPR Conference on Computer Personnel Research: The Global Information Technology Workforce},
 series = {SIGMIS CPR '07},
 year = {2007},
 isbn = {978-1-59593-641-7},
 location = {St. Louis, Missouri, USA},
 pages = {76--77},
 numpages = {2},
 url = {http://doi.acm.org/10.1145/1235000.1235017},
 doi = {10.1145/1235000.1235017},
 acmid = {1235017},
 publisher = {ACM},
 address = {New York, NY, USA},
 keywords = {IT resilience, IT students, soft skills, tutorial},
}

@article{Smith:2007:TPC:1345375.1345429,
 author = {Smith, Wanda J. and B{\'e}langer, France and Lewis, Tracy L. and Honaker, Kristi},
 title = {Training to Persist in Computing Careers},
 journal = {SIGCSE Bull.},
 issue_date = {December 2007},
 volume = {39},
 number = {4},
 month = dec,
 year = {2007},
 issn = {0097-8418},
 pages = {119--120},
 numpages = {2},
 url = {http://doi.acm.org/10.1145/1345375.1345429},
 doi = {10.1145/1345375.1345429},
 acmid = {1345429},
 publisher = {ACM},
 address = {New York, NY, USA},
 keywords = {IT resilience, IT students, retention strategies, soft skills},
}

@inproceedings{Fincias:2013:DEE:2536536.2536627,
 author = {Fincias, Patricia Torrijos and Mart\'{\i}n Izard, Juan Francisco},
 title = {Development and Evaluation of Emotional Competences in Secondary Education Teachers: Design of an Applied Research},
 booktitle = {Proceedings of the First International Conference on Technological Ecosystem for Enhancing Multiculturality},
 series = {TEEM '13},
 year = {2013},
 isbn = {978-1-4503-2345-1},
 location = {Salamanca, Spain},
 pages = {591--595},
 numpages = {5},
 url = {http://doi.acm.org/10.1145/2536536.2536627},
 doi = {10.1145/2536536.2536627},
 acmid = {2536627},
 publisher = {ACM},
 address = {New York, NY, USA},
 keywords = {lifelong learning, teacher competences, teacher training},
}

@inproceedings{Chao-Fernandez:2016:IIL:3012430.3012626,
 author = {Chao-Fern\'{a}ndez, Roc\'{\i}o and Mato-V\'{a}zquez, Dorinda and L\'{o}pez-Chao, Vicente A.},
 title = {ICT As an Interdisciplinary Learning Platform of Mathematics, Music and Arts in Secondary Education},
 booktitle = {Proceedings of the Fourth International Conference on Technological Ecosystems for Enhancing Multiculturality},
 series = {TEEM '16},
 year = {2016},
 isbn = {978-1-4503-4747-1},
 location = {Salamanca, Spain},
 pages = {919--923},
 numpages = {5},
 url = {http://doi.acm.org/10.1145/3012430.3012626},
 doi = {10.1145/3012430.3012626},
 acmid = {3012626},
 publisher = {ACM},
 address = {New York, NY, USA},
 keywords = {ICT, digital content, learning technologies, secondary education, teaching materials, website platform},
}

@inproceedings{Peterson:2003:PNI:947121.947127,
 author = {Peterson, Michael and Morneau, Keith and Saad, Ashraf},
 title = {Preparing the New Information Technology Professional in Virginia},
 booktitle = {Proceedings of the 4th Conference on Information Technology Curriculum},
 series = {CITC4 '03},
 year = {2003},
 isbn = {1-58113-770-2},
 location = {Lafayette, Indiana, USA},
 pages = {28--30},
 numpages = {3},
 url = {http://doi.acm.org/10.1145/947121.947127},
 doi = {10.1145/947121.947127},
 acmid = {947127},
 publisher = {ACM},
 address = {New York, NY, USA},
 keywords = {IT education in Virginia, NSF ATE Project, information technology education},
}

