@inproceedings{Jadud:2015:ACB:2787622.2787718,
 author = {Jadud, Matthew C. and Dorn, Brian},
 title = {Aggregate Compilation Behavior: Findings and Implications from 27,698 Users},
 booktitle = {Proceedings of the Eleventh Annual International Conference on International Computing Education Research},
 series = {ICER '15},
 year = {2015},
 isbn = {978-1-4503-3630-7},
 location = {Omaha, Nebraska, USA},
 pages = {131--139},
 numpages = {9},
 url = {http://doi.acm.org/10.1145/2787622.2787718},
 doi = {10.1145/2787622.2787718},
 acmid = {2787718},
 publisher = {ACM},
 address = {New York, NY, USA},
 keywords = {blackbox, bluej, novice compilation behavior},
}

@inproceedings{Ahadi:2016:EIN:2960310.2960339,
 author = {Ahadi, Alireza},
 title = {Early Identification of Novice Programmers' Challenges in Coding Using Machine Learning Techniques},
 booktitle = {Proceedings of the 2016 ACM Conference on International Computing Education Research},
 series = {ICER '16},
 year = {2016},
 isbn = {978-1-4503-4449-4},
 location = {Melbourne, VIC, Australia},
 pages = {263--264},
 numpages = {2},
 url = {http://doi.acm.org/10.1145/2960310.2960339},
 doi = {10.1145/2960310.2960339},
 acmid = {2960339},
 publisher = {ACM},
 address = {New York, NY, USA},
 keywords = {machine learning, novice programmers, source code snapshot analysis},
}

@inproceedings{Tabanao:2011:PAN:2016911.2016930,
 author = {Tabanao, Emily S. and Rodrigo, Ma. Mercedes T. and Jadud, Matthew C.},
 title = {Predicting At-risk Novice Java Programmers Through the Analysis of Online Protocols},
 booktitle = {Proceedings of the Seventh International Workshop on Computing Education Research},
 series = {ICER '11},
 year = {2011},
 isbn = {978-1-4503-0829-8},
 location = {Providence, Rhode Island, USA},
 pages = {85--92},
 numpages = {8},
 url = {http://doi.acm.org/10.1145/2016911.2016930},
 doi = {10.1145/2016911.2016930},
 acmid = {2016930},
 publisher = {ACM},
 address = {New York, NY, USA},
 keywords = {achievement, compilation behavior, cs1, java programming, novice programmers},
}

@inproceedings{Ohno:2019:DRC:3316615.3316621,
 author = {Ohno, Yu and Uwano, Hidetake and Uchida, Shinji},
 title = {Detection of Random Correction from Source Code Snapshots},
 booktitle = {Proceedings of the 2019 8th International Conference on Software and Computer Applications},
 series = {ICSCA '19},
 year = {2019},
 isbn = {978-1-4503-6573-4},
 location = {Penang, Malaysia},
 pages = {491--495},
 numpages = {5},
 url = {http://doi.acm.org/10.1145/3316615.3316621},
 doi = {10.1145/3316615.3316621},
 acmid = {3316621},
 publisher = {ACM},
 address = {New York, NY, USA},
 keywords = {Programming education, activity estimation, online judge system},
}

@inproceedings{Ahadi:2018:SEB:3197091.3197121,
 author = {Ahadi, Alireza and Lister, Raymond and Mathieson, Luke},
 title = {Syntax Error Based Quantification of the Learning Progress of the Novice Programmer},
 booktitle = {Proceedings of the 23rd Annual ACM Conference on Innovation and Technology in Computer Science Education},
 series = {ITiCSE 2018},
 year = {2018},
 isbn = {978-1-4503-5707-4},
 location = {Larnaca, Cyprus},
 pages = {10--14},
 numpages = {5},
 url = {http://doi.acm.org/10.1145/3197091.3197121},
 doi = {10.1145/3197091.3197121},
 acmid = {3197121},
 publisher = {ACM},
 address = {New York, NY, USA},
 keywords = {programming, replication, semantic errors, student mistakes, syntactic errors},
}

@inproceedings{Watson:2014:NTR:2538862.2538930,
 author = {Watson, Christopher and Li, Frederick W.B. and Godwin, Jamie L.},
 title = {No Tests Required: Comparing Traditional and Dynamic Predictors of Programming Success},
 booktitle = {Proceedings of the 45th ACM Technical Symposium on Computer Science Education},
 series = {SIGCSE '14},
 year = {2014},
 isbn = {978-1-4503-2605-6},
 location = {Atlanta, Georgia, USA},
 pages = {469--474},
 numpages = {6},
 url = {http://doi.acm.org/10.1145/2538862.2538930},
 doi = {10.1145/2538862.2538930},
 acmid = {2538930},
 publisher = {ACM},
 address = {New York, NY, USA},
 keywords = {CS1, error quotient, learning strategies, learning styles, prediction, predictors of success, programming behavior, watwin},
}

@inproceedings{Leinonen:2019:EAS:3287324.3287378,
 author = {Leinonen, Antti and Nygren, Henrik and Pirttinen, Nea and Hellas, Arto and Leinonen, Juho},
 title = {Exploring the Applicability of Simple Syntax Writing Practice for Learning Programming},
 booktitle = {Proceedings of the 50th ACM Technical Symposium on Computer Science Education},
 series = {SIGCSE '19},
 year = {2019},
 isbn = {978-1-4503-5890-3},
 location = {Minneapolis, MN, USA},
 pages = {84--90},
 numpages = {7},
 url = {http://doi.acm.org/10.1145/3287324.3287378},
 doi = {10.1145/3287324.3287378},
 acmid = {3287378},
 publisher = {ACM},
 address = {New York, NY, USA},
 keywords = {embedded tool, syntax practice, writing code},
}

@inproceedings{Ahadi:2018:LPS:3160489.3160490,
 author = {Ahadi, Alireza and Lister, Raymond and Lal, Shahil and Hellas, Arto},
 title = {Learning Programming, Syntax Errors and Institution-specific Factors},
 booktitle = {Proceedings of the 20th Australasian Computing Education Conference},
 series = {ACE '18},
 year = {2018},
 isbn = {978-1-4503-6340-2},
 location = {Brisbane, Queensland, Australia},
 pages = {90--96},
 numpages = {7},
 url = {http://doi.acm.org/10.1145/3160489.3160490},
 doi = {10.1145/3160489.3160490},
 acmid = {3160490},
 publisher = {ACM},
 address = {New York, NY, USA},
 keywords = {programming, replication, semantic errors, student mistakes, syntactic errors},
}

@inproceedings{Vihavainen:2014:NTF:2674683.2674692,
 author = {Vihavainen, Arto and Helminen, Juha and Ihantola, Petri},
 title = {How Novices Tackle Their First Lines of Code in an IDE: Analysis of Programming Session Traces},
 booktitle = {Proceedings of the 14th Koli Calling International Conference on Computing Education Research},
 series = {Koli Calling '14},
 year = {2014},
 isbn = {978-1-4503-3065-7},
 location = {Koli, Finland},
 pages = {109--116},
 numpages = {8},
 url = {http://doi.acm.org/10.1145/2674683.2674692},
 doi = {10.1145/2674683.2674692},
 acmid = {2674692},
 publisher = {ACM},
 address = {New York, NY, USA},
 keywords = {data mining, introductory programming, learning analytics, novice programmers, novices and programming environments, programming behavior, programming environments, programming session trace analysis, source code snapshot analysis},
}

@inproceedings{Richards:2018:IAN:3279720.3279731,
 author = {Richards, Brad and Hunt, Ayse},
 title = {Investigating the Applicability of the Normalized Programming State Model to BlueJ Programmers},
 booktitle = {Proceedings of the 18th Koli Calling International Conference on Computing Education Research},
 series = {Koli Calling '18},
 year = {2018},
 isbn = {978-1-4503-6535-2},
 location = {Koli, Finland},
 pages = {10:1--10:10},
 articleno = {10},
 numpages = {10},
 url = {http://doi.acm.org/10.1145/3279720.3279731},
 doi = {10.1145/3279720.3279731},
 acmid = {3279731},
 publisher = {ACM},
 address = {New York, NY, USA},
 keywords = {Blackbox, BlueJ, Educational data mining, Learning analytics, Normalized Programming State Model, Predictive measures of student performance and achievement},
}

@inproceedings{Rodrigo:2009:CDS:1584322.1584332,
 author = {Rodrigo, Ma. Mercedes T. and Baker, Ryan S.J.d.},
 title = {Coarse-grained Detection of Student Frustration in an Introductory Programming Course},
 booktitle = {Proceedings of the Fifth International Workshop on Computing Education Research Workshop},
 series = {ICER '09},
 year = {2009},
 isbn = {978-1-60558-615-1},
 location = {Berkeley, CA, USA},
 pages = {75--80},
 numpages = {6},
 url = {http://doi.acm.org/10.1145/1584322.1584332},
 doi = {10.1145/1584322.1584332},
 acmid = {1584332},
 publisher = {ACM},
 address = {New York, NY, USA},
 keywords = {affect, frustration detection, novice programmers},
}

@inproceedings{Rodrigo:2009:ABP:1562877.1562929,
 author = {Rodrigo, Ma. Mercedes T. and Baker, Ryan S. and Jadud, Matthew C. and Amarra, Anna Christine M. and Dy, Thomas and Espejo-Lahoz, Maria Beatriz V. and Lim, Sheryl Ann L. and Pascua, Sheila A.M.S. and Sugay, Jessica O. and Tabanao, Emily S.},
 title = {Affective and Behavioral Predictors of Novice Programmer Achievement},
 booktitle = {Proceedings of the 14th Annual ACM SIGCSE Conference on Innovation and Technology in Computer Science Education},
 series = {ITiCSE '09},
 year = {2009},
 isbn = {978-1-60558-381-5},
 location = {Paris, France},
 pages = {156--160},
 numpages = {5},
 url = {http://doi.acm.org/10.1145/1562877.1562929},
 doi = {10.1145/1562877.1562929},
 acmid = {1562929},
 publisher = {ACM},
 address = {New York, NY, USA},
 keywords = {achievement, affect, novice programmers},
}

@article{Rodrigo:2009:ABP:1595496.1562929,
 author = {Rodrigo, Ma. Mercedes T. and Baker, Ryan S. and Jadud, Matthew C. and Amarra, Anna Christine M. and Dy, Thomas and Espejo-Lahoz, Maria Beatriz V. and Lim, Sheryl Ann L. and Pascua, Sheila A.M.S. and Sugay, Jessica O. and Tabanao, Emily S.},
 title = {Affective and Behavioral Predictors of Novice Programmer Achievement},
 journal = {SIGCSE Bull.},
 issue_date = {September 2009},
 volume = {41},
 number = {3},
 month = jul,
 year = {2009},
 issn = {0097-8418},
 pages = {156--160},
 numpages = {5},
 url = {http://doi.acm.org/10.1145/1595496.1562929},
 doi = {10.1145/1595496.1562929},
 acmid = {1562929},
 publisher = {ACM},
 address = {New York, NY, USA},
 keywords = {achievement, affect, novice programmers},
}

@inproceedings{Leinonen:2017:CTM:3105726.3106181,
 author = {Leinonen, Juho and Lepp\"{a}nen, Leo and Ihantola, Petri and Hellas, Arto},
 title = {Comparison of Time Metrics in Programming},
 booktitle = {Proceedings of the 2017 ACM Conference on International Computing Education Research},
 series = {ICER '17},
 year = {2017},
 isbn = {978-1-4503-4968-0},
 location = {Tacoma, Washington, USA},
 pages = {200--208},
 numpages = {9},
 url = {http://doi.acm.org/10.1145/3105726.3106181},
 doi = {10.1145/3105726.3106181},
 acmid = {3106181},
 publisher = {ACM},
 address = {New York, NY, USA},
 keywords = {academic success prediction, educational data mining, multi-source data analysis, time metrics, time on task},
}

@inproceedings{Dyke:2011:ANP:1953163.1953309,
 author = {Dyke, Gregory},
 title = {Which Aspects of Novice Programmers' Usage of an IDE Predict Learning Outcomes},
 booktitle = {Proceedings of the 42Nd ACM Technical Symposium on Computer Science Education},
 series = {SIGCSE '11},
 year = {2011},
 isbn = {978-1-4503-0500-6},
 location = {Dallas, TX, USA},
 pages = {505--510},
 numpages = {6},
 url = {http://doi.acm.org/10.1145/1953163.1953309},
 doi = {10.1145/1953163.1953309},
 acmid = {1953309},
 publisher = {ACM},
 address = {New York, NY, USA},
 keywords = {IDE usage, log data, novice programmers},
}

@inproceedings{Becker:2016:NMQ:2899415.2899463,
 author = {Becker, Brett A.},
 title = {A New Metric to Quantify Repeated Compiler Errors for Novice Programmers},
 booktitle = {Proceedings of the 2016 ACM Conference on Innovation and Technology in Computer Science Education},
 series = {ITiCSE '16},
 year = {2016},
 isbn = {978-1-4503-4231-5},
 location = {Arequipa, Peru},
 pages = {296--301},
 numpages = {6},
 url = {http://doi.acm.org/10.1145/2899415.2899463},
 doi = {10.1145/2899415.2899463},
 acmid = {2899463},
 publisher = {ACM},
 address = {New York, NY, USA},
 keywords = {compiler errors, consecutive errors, cs1, debugging, eq, error messages, error quotient, errors, feedback, java, novice, programming, repeated errors, syntax errors},
}

@inproceedings{Zingaro:2018:AGC:3159450.3159452,
 author = {Zingaro, Daniel and Craig, Michelle and Porter, Leo and Becker, Brett A. and Cao, Yingjun and Conrad, Phill and Cukierman, Diana and Hellas, Arto and Loksa, Dastyni and Thota, Neena},
 title = {Achievement Goals in CS1: Replication and Extension},
 booktitle = {Proceedings of the 49th ACM Technical Symposium on Computer Science Education},
 series = {SIGCSE '18},
 year = {2018},
 isbn = {978-1-4503-5103-4},
 location = {Baltimore, Maryland, USA},
 pages = {687--692},
 numpages = {6},
 url = {http://doi.acm.org/10.1145/3159450.3159452},
 doi = {10.1145/3159450.3159452},
 acmid = {3159452},
 publisher = {ACM},
 address = {New York, NY, USA},
 keywords = {achievement goals, cs1, interest, motivation, novice programming},
}

@inproceedings{Ahadi:2016:NAS:2899415.2899452,
 author = {Ahadi, Alireza and Lister, Raymond and Vihavainen, Arto},
 title = {On the Number of Attempts Students Made on Some Online Programming Exercises During Semester and Their Subsequent Performance on Final Exam Questions},
 booktitle = {Proceedings of the 2016 ACM Conference on Innovation and Technology in Computer Science Education},
 series = {ITiCSE '16},
 year = {2016},
 isbn = {978-1-4503-4231-5},
 location = {Arequipa, Peru},
 pages = {218--223},
 numpages = {6},
 url = {http://doi.acm.org/10.1145/2899415.2899452},
 doi = {10.1145/2899415.2899452},
 acmid = {2899452},
 publisher = {ACM},
 address = {New York, NY, USA},
 keywords = {educational data mining, learning analytics, programming},
}

@inproceedings{Becker:2018:EEC:3159450.3159461,
 author = {Becker, Brett A. and Goslin, Kyle and Glanville, Graham},
 title = {The Effects of Enhanced Compiler Error Messages on a Syntax Error Debugging Test},
 booktitle = {Proceedings of the 49th ACM Technical Symposium on Computer Science Education},
 series = {SIGCSE '18},
 year = {2018},
 isbn = {978-1-4503-5103-4},
 location = {Baltimore, Maryland, USA},
 pages = {640--645},
 numpages = {6},
 url = {http://doi.acm.org/10.1145/3159450.3159461},
 doi = {10.1145/3159450.3159461},
 acmid = {3159461},
 publisher = {ACM},
 address = {New York, NY, USA},
 keywords = {CS1, Java, compiler error messages, debugging, enhanced compiler error messages, novice programmers, syntax error messages},
}

@article{Carter:2017:BMP:3135995.3120259,
 author = {Carter, Adam S. and Hundhausen, Christopher D. and Adesope, Olusola},
 title = {Blending Measures of Programming and Social Behavior into Predictive Models of Student Achievement in Early Computing Courses},
 journal = {ACM Trans. Comput. Educ.},
 issue_date = {August 2017},
 volume = {17},
 number = {3},
 month = aug,
 year = {2017},
 issn = {1946-6226},
 pages = {12:1--12:20},
 articleno = {12},
 numpages = {20},
 url = {http://doi.acm.org/10.1145/3120259},
 doi = {10.1145/3120259},
 acmid = {3120259},
 publisher = {ACM},
 address = {New York, NY, USA},
 keywords = {Learning analytics, learning interventions, learning process data},
}

@inproceedings{Jadud:2006:MTE:1151588.1151600,
 author = {Jadud, Matthew C.},
 title = {Methods and Tools for Exploring Novice Compilation Behaviour},
 booktitle = {Proceedings of the Second International Workshop on Computing Education Research},
 series = {ICER '06},
 year = {2006},
 isbn = {1-59593-494-4},
 location = {Canterbury, United Kingdom},
 pages = {73--84},
 numpages = {12},
 url = {http://doi.acm.org/10.1145/1151588.1151600},
 doi = {10.1145/1151588.1151600},
 acmid = {1151600},
 publisher = {ACM},
 address = {New York, NY, USA},
 keywords = {BlueJ, Java, behavior, compilation, compiler, novice},
}

@article{Brown:2017:NJP:3090098.2994154,
 author = {Brown, Neil C. C. and Altadmri, Amjad},
 title = {Novice Java Programming Mistakes: Large-Scale Data vs. Educator Beliefs},
 journal = {ACM Trans. Comput. Educ.},
 issue_date = {June 2017},
 volume = {17},
 number = {2},
 month = may,
 year = {2017},
 issn = {1946-6226},
 pages = {7:1--7:21},
 articleno = {7},
 numpages = {21},
 url = {http://doi.acm.org/10.1145/2994154},
 doi = {10.1145/2994154},
 acmid = {2994154},
 publisher = {ACM},
 address = {New York, NY, USA},
 keywords = {Programming mistakes, blackbox, educators, java},
}

@inproceedings{Ahadi:2016:RCE:2999541.2999554,
 author = {Ahadi, Alireza and Hellas, Arto and Ihantola, Petri and Korhonen, Ari and Petersen, Andrew},
 title = {Replication in Computing Education Research: Researcher Attitudes and Experiences},
 booktitle = {Proceedings of the 16th Koli Calling International Conference on Computing Education Research},
 series = {Koli Calling '16},
 year = {2016},
 isbn = {978-1-4503-4770-9},
 location = {Koli, Finland},
 pages = {2--11},
 numpages = {10},
 url = {http://doi.acm.org/10.1145/2999541.2999554},
 doi = {10.1145/2999541.2999554},
 acmid = {2999554},
 publisher = {ACM},
 address = {New York, NY, USA},
 keywords = {computing education research, publication bias, replication, reproduction, research process, validation, verification},
}

@inproceedings{Petersen:2015:EEQ:2828959.2828966,
 author = {Petersen, Andrew and Spacco, Jaime and Vihavainen, Arto},
 title = {An Exploration of Error Quotient in Multiple Contexts},
 booktitle = {Proceedings of the 15th Koli Calling Conference on Computing Education Research},
 series = {Koli Calling '15},
 year = {2015},
 isbn = {978-1-4503-4020-5},
 location = {Koli, Finland},
 pages = {77--86},
 numpages = {10},
 url = {http://doi.acm.org/10.1145/2828959.2828966},
 doi = {10.1145/2828959.2828966},
 acmid = {2828966},
 publisher = {ACM},
 address = {New York, NY, USA},
 keywords = {CS1, educational data mining, learning analytics, source code snapshot analysis},
}

@inproceedings{Ahadi:2015:EML:2787622.2787717,
 author = {Ahadi, Alireza and Lister, Raymond and Haapala, Heikki and Vihavainen, Arto},
 title = {Exploring Machine Learning Methods to Automatically Identify Students in Need of Assistance},
 booktitle = {Proceedings of the Eleventh Annual International Conference on International Computing Education Research},
 series = {ICER '15},
 year = {2015},
 isbn = {978-1-4503-3630-7},
 location = {Omaha, Nebraska, USA},
 pages = {121--130},
 numpages = {10},
 url = {http://doi.acm.org/10.1145/2787622.2787717},
 doi = {10.1145/2787622.2787717},
 acmid = {2787717},
 publisher = {ACM},
 address = {New York, NY, USA},
 keywords = {detecting students in need of assistance, educational data mining, introductory programming, learning analytics, novice programmers, programming behavior, source code snapshot analysis},
}

@inproceedings{Carter:2015:NPS:2787622.2787710,
 author = {Carter, Adam S. and Hundhausen, Christopher D. and Adesope, Olusola},
 title = {The Normalized Programming State Model: Predicting Student Performance in Computing Courses Based on Programming Behavior},
 booktitle = {Proceedings of the Eleventh Annual International Conference on International Computing Education Research},
 series = {ICER '15},
 year = {2015},
 isbn = {978-1-4503-3630-7},
 location = {Omaha, Nebraska, USA},
 pages = {141--150},
 numpages = {10},
 url = {http://doi.acm.org/10.1145/2787622.2787710},
 doi = {10.1145/2787622.2787710},
 acmid = {2787710},
 publisher = {ACM},
 address = {New York, NY, USA},
 keywords = {educational data mining, error quotient, learning analytics, normalized programming state model, predictive measures of student performance and achievement, watwin score},
}

@inproceedings{Hovemeyer:2016:CAS:2960310.2960326,
 author = {Hovemeyer, David and Hellas, Arto and Petersen, Andrew and Spacco, Jaime},
 title = {Control-Flow-Only Abstract Syntax Trees for Analyzing Students' Programming Progress},
 booktitle = {Proceedings of the 2016 ACM Conference on International Computing Education Research},
 series = {ICER '16},
 year = {2016},
 isbn = {978-1-4503-4449-4},
 location = {Melbourne, VIC, Australia},
 pages = {63--72},
 numpages = {10},
 url = {http://doi.acm.org/10.1145/2960310.2960326},
 doi = {10.1145/2960310.2960326},
 acmid = {2960326},
 publisher = {ACM},
 address = {New York, NY, USA},
 keywords = {cs1, educational data mining, learning analytics, source code snapshot analysis},
}

@inproceedings{Castro-Wunsch:2017:ENN:3017680.3017792,
 author = {Castro-Wunsch, Karo and Ahadi, Alireza and Petersen, Andrew},
 title = {Evaluating Neural Networks As a Method for Identifying Students in Need of Assistance},
 booktitle = {Proceedings of the 2017 ACM SIGCSE Technical Symposium on Computer Science Education},
 series = {SIGCSE '17},
 year = {2017},
 isbn = {978-1-4503-4698-6},
 location = {Seattle, Washington, USA},
 pages = {111--116},
 numpages = {6},
 url = {http://doi.acm.org/10.1145/3017680.3017792},
 doi = {10.1145/3017680.3017792},
 acmid = {3017792},
 publisher = {ACM},
 address = {New York, NY, USA},
 keywords = {CS1, at-risk students, educational data mining, introductory programming, learning analytics, replication, reproduction, source code snapshot analysis},
}

@inproceedings{Luxton-Reilly:2018:IPS:3293881.3295779,
 author = {Luxton-Reilly, Andrew and Simon and Albluwi, Ibrahim and Becker, Brett A. and Giannakos, Michail and Kumar, Amruth N. and Ott, Linda and Paterson, James and Scott, Michael James and Sheard, Judy and Szabo, Claudia},
 title = {Introductory Programming: A Systematic Literature Review},
 booktitle = {Proceedings Companion of the 23rd Annual ACM Conference on Innovation and Technology in Computer Science Education},
 series = {ITiCSE 2018 Companion},
 year = {2018},
 isbn = {978-1-4503-6223-8},
 location = {Larnaca, Cyprus},
 pages = {55--106},
 numpages = {52},
 url = {http://doi.acm.org/10.1145/3293881.3295779},
 doi = {10.1145/3293881.3295779},
 acmid = {3295779},
 publisher = {ACM},
 address = {New York, NY, USA},
 keywords = {CS1, ITiCSE working group, SLR, introductory programming, literature review, novice programming, overview, review, systematic literature review, systematic review},
}

@article{Lagus:2018:TMP:3278118.3152714,
 author = {Lagus, Jarkko and Longi, Krista and Klami, Arto and Hellas, Arto},
 title = {Transfer-Learning Methods in Programming Course Outcome Prediction},
 journal = {ACM Trans. Comput. Educ.},
 issue_date = {November 2018},
 volume = {18},
 number = {4},
 month = oct,
 year = {2018},
 issn = {1946-6226},
 pages = {19:1--19:18},
 articleno = {19},
 numpages = {18},
 url = {http://doi.acm.org/10.1145/3152714},
 doi = {10.1145/3152714},
 acmid = {3152714},
 publisher = {ACM},
 address = {New York, NY, USA},
 keywords = {Machine learning, course outcome prediction, educational data mining, introductory programming, learning analytics, novice programmers, source code snapshots, transfer learning},
}

@inproceedings{Edwards:2017:ISA:3105726.3106182,
 author = {Edwards, Stephen H. and Kandru, Nischel and Rajagopal, Mukund B.M.},
 title = {Investigating Static Analysis Errors in Student Java Programs},
 booktitle = {Proceedings of the 2017 ACM Conference on International Computing Education Research},
 series = {ICER '17},
 year = {2017},
 isbn = {978-1-4503-4968-0},
 location = {Tacoma, Washington, USA},
 pages = {65--73},
 numpages = {9},
 url = {http://doi.acm.org/10.1145/3105726.3106182},
 doi = {10.1145/3105726.3106182},
 acmid = {3106182},
 publisher = {ACM},
 address = {New York, NY, USA},
 keywords = {checkstyle, coding standard, coding style, documentation, formatting, java, pmd, static analysis, web-cat},
}

@inproceedings{Brown:2018:BFY:3230977.3230991,
 author = {Brown, Neil C. C. and Altadmri, Amjad and Sentance, Sue and K\"{o}lling, Michael},
 title = {Blackbox, Five Years On: An Evaluation of a Large-scale Programming Data Collection Project},
 booktitle = {Proceedings of the 2018 ACM Conference on International Computing Education Research},
 series = {ICER '18},
 year = {2018},
 isbn = {978-1-4503-5628-2},
 location = {Espoo, Finland},
 pages = {196--204},
 numpages = {9},
 url = {http://doi.acm.org/10.1145/3230977.3230991},
 doi = {10.1145/3230977.3230991},
 acmid = {3230991},
 publisher = {ACM},
 address = {New York, NY, USA},
 keywords = {blackbox, mapping study, shared data},
}

@inproceedings{Ihantola:2015:EDM:2858796.2858798,
 author = {Ihantola, Petri and Vihavainen, Arto and Ahadi, Alireza and Butler, Matthew and B\"{o}rstler, J\"{u}rgen and Edwards, Stephen H. and Isohanni, Essi and Korhonen, Ari and Petersen, Andrew and Rivers, Kelly and Rubio, Miguel \'{A}ngel and Sheard, Judy and Skupas, Bronius and Spacco, Jaime and Szabo, Claudia and Toll, Daniel},
 title = {Educational Data Mining and Learning Analytics in Programming: Literature Review and Case Studies},
 booktitle = {Proceedings of the 2015 ITiCSE on Working Group Reports},
 series = {ITICSE-WGR '15},
 year = {2015},
 isbn = {978-1-4503-4146-2},
 location = {Vilnius, Lithuania},
 pages = {41--63},
 numpages = {23},
 url = {http://doi.acm.org/10.1145/2858796.2858798},
 doi = {10.1145/2858796.2858798},
 acmid = {2858798},
 publisher = {ACM},
 address = {New York, NY, USA},
 keywords = {educational data mining, learning analytics, literature review, programming, replication},
}

@inproceedings{Kim:2019:ULC:3287324.3287387,
 author = {Kim, Meen Chul and Park, Thomas H. and Liu, Ruixue and Forte, Andrea},
 title = {Understanding Learning Curves and Trajectories in CSS Layout},
 booktitle = {Proceedings of the 50th ACM Technical Symposium on Computer Science Education},
 series = {SIGCSE '19},
 year = {2019},
 isbn = {978-1-4503-5890-3},
 location = {Minneapolis, MN, USA},
 pages = {504--510},
 numpages = {7},
 url = {http://doi.acm.org/10.1145/3287324.3287387},
 doi = {10.1145/3287324.3287387},
 acmid = {3287387},
 publisher = {ACM},
 address = {New York, NY, USA},
 keywords = {clustering, css layout, educational game, learning analytics, learning curve analysis, web development},
}

