@inproceedings{Paul:2013:HHL:2445196.2445212,
 author = {Paul, Wolfgang and Vahrenhold, Jan},
 title = {Hunting High and Low: Instruments to Detect Misconceptions Related to Algorithms and Data Structures},
 booktitle = {Proceeding of the 44th ACM Technical Symposium on Computer Science Education},
 series = {SIGCSE '13},
 year = {2013},
 isbn = {978-1-4503-1868-6},
 location = {Denver, Colorado, USA},
 pages = {29--34},
 numpages = {6},
 url = {http://doi.acm.org/10.1145/2445196.2445212},
 doi = {10.1145/2445196.2445212},
 acmid = {2445212},
 publisher = {ACM},
 address = {New York, NY, USA},
 keywords = {CS1/2, instruments, misconceptions},
}

@inproceedings{Dewji:2015:CCI:2676723.2677315,
 author = {Dewji, Nafeesa and Wolfman, Steven A. and Herman, Geoffrey L. and Porter, Leo and Taylor, Cynthia and Vahrenhold, Jan},
 title = {The CS Concept Inventory Quiz Show},
 booktitle = {Proceedings of the 46th ACM Technical Symposium on Computer Science Education},
 series = {SIGCSE '15},
 year = {2015},
 isbn = {978-1-4503-2966-8},
 location = {Kansas City, Missouri, USA},
 pages = {669--670},
 numpages = {2},
 url = {http://doi.acm.org/10.1145/2676723.2677315},
 doi = {10.1145/2676723.2677315},
 acmid = {2677315},
 publisher = {ACM},
 address = {New York, NY, USA},
 keywords = {concept inventory, misconceptions},
}

@inproceedings{Mohan:2015:COI:2676723.2691907,
 author = {Mohan, Guatam and Rempel, Benjamin and Rosenberg, Eli and Wurtele, David and Taylor, Cynthia and Webb, Kevin},
 title = {Conceptum: An Online Infrastructure for Concept Inventories (Abstract Only)},
 booktitle = {Proceedings of the 46th ACM Technical Symposium on Computer Science Education},
 series = {SIGCSE '15},
 year = {2015},
 isbn = {978-1-4503-2966-8},
 location = {Kansas City, Missouri, USA},
 pages = {687--687},
 numpages = {1},
 url = {http://doi.acm.org/10.1145/2676723.2691907},
 doi = {10.1145/2676723.2691907},
 acmid = {2691907},
 publisher = {ACM},
 address = {New York, NY, USA},
 keywords = {assessment, concept inventory, misconceptions},
}

@inproceedings{Sudol:2010:ASU:1839594.1839601,
 author = {Sudol, Leigh Ann and Jaspan, Ciera},
 title = {Analyzing the Strength of Undergraduate Misconceptions About Software Engineering},
 booktitle = {Proceedings of the Sixth International Workshop on Computing Education Research},
 series = {ICER '10},
 year = {2010},
 isbn = {978-1-4503-0257-9},
 location = {Aarhus, Denmark},
 pages = {31--40},
 numpages = {10},
 url = {http://doi.acm.org/10.1145/1839594.1839601},
 doi = {10.1145/1839594.1839601},
 acmid = {1839601},
 publisher = {ACM},
 address = {New York, NY, USA},
 keywords = {misconceptions, software engineering education},
}

@inproceedings{Kurvinen:2016:PMI:2899415.2899447,
 author = {Kurvinen, Einari and Hellgren, Niko and Kaila, Erkki and Laakso, Mikko-Jussi and Salakoski, Tapio},
 title = {Programming Misconceptions in an Introductory Level Programming Course Exam},
 booktitle = {Proceedings of the 2016 ACM Conference on Innovation and Technology in Computer Science Education},
 series = {ITiCSE '16},
 year = {2016},
 isbn = {978-1-4503-4231-5},
 location = {Arequipa, Peru},
 pages = {308--313},
 numpages = {6},
 url = {http://doi.acm.org/10.1145/2899415.2899447},
 doi = {10.1145/2899415.2899447},
 acmid = {2899447},
 publisher = {ACM},
 address = {New York, NY, USA},
 keywords = {automatic assessment, misconceptions, programming},
}

@inproceedings{Danielsiek:2012:DUS:2157136.2157148,
 author = {Danielsiek, Holger and Paul, Wolfgang and Vahrenhold, Jan},
 title = {Detecting and Understanding Students' Misconceptions Related to Algorithms and Data Structures},
 booktitle = {Proceedings of the 43rd ACM Technical Symposium on Computer Science Education},
 series = {SIGCSE '12},
 year = {2012},
 isbn = {978-1-4503-1098-7},
 location = {Raleigh, North Carolina, USA},
 pages = {21--26},
 numpages = {6},
 url = {http://doi.acm.org/10.1145/2157136.2157148},
 doi = {10.1145/2157136.2157148},
 acmid = {2157148},
 publisher = {ACM},
 address = {New York, NY, USA},
 keywords = {CS1/2, concept inventories, misconceptions},
}

@inproceedings{Zehra:2018:SMD:3159450.3159528,
 author = {Zehra, Shamama and Ramanathan, Aishwarya and Zhang, Larry Yueli and Zingaro, Daniel},
 title = {Student Misconceptions of Dynamic Programming},
 booktitle = {Proceedings of the 49th ACM Technical Symposium on Computer Science Education},
 series = {SIGCSE '18},
 year = {2018},
 isbn = {978-1-4503-5103-4},
 location = {Baltimore, Maryland, USA},
 pages = {556--561},
 numpages = {6},
 url = {http://doi.acm.org/10.1145/3159450.3159528},
 doi = {10.1145/3159450.3159528},
 acmid = {3159528},
 publisher = {ACM},
 address = {New York, NY, USA},
 keywords = {algorithms, dynamic programming, misconceptions},
}

@inproceedings{Hermans:2018:TOB:3265757.3265765,
 author = {Hermans, Felienne and Swidan, Alaaeddin and Aivaloglou, Efthimia and Smit, Marileen},
 title = {Thinking out of the Box: Comparing Metaphors for Variables in Programming Education},
 booktitle = {Proceedings of the 13th Workshop in Primary and Secondary Computing Education},
 series = {WiPSCE '18},
 year = {2018},
 isbn = {978-1-4503-6588-8},
 location = {Potsdam, Germany},
 pages = {8:1--8:8},
 articleno = {8},
 numpages = {8},
 url = {http://doi.acm.org/10.1145/3265757.3265765},
 doi = {10.1145/3265757.3265765},
 acmid = {3265765},
 publisher = {ACM},
 address = {New York, NY, USA},
 keywords = {misconceptions, programming education, scratch},
}

@inproceedings{Karpierz:2014:MCI:2538862.2538902,
 author = {Karpierz, Kuba and Wolfman, Steven A.},
 title = {Misconceptions and Concept Inventory Questions for Binary Search Trees and Hash Tables},
 booktitle = {Proceedings of the 45th ACM Technical Symposium on Computer Science Education},
 series = {SIGCSE '14},
 year = {2014},
 isbn = {978-1-4503-2605-6},
 location = {Atlanta, Georgia, USA},
 pages = {109--114},
 numpages = {6},
 url = {http://doi.acm.org/10.1145/2538862.2538902},
 doi = {10.1145/2538862.2538902},
 acmid = {2538902},
 publisher = {ACM},
 address = {New York, NY, USA},
 keywords = {concept inventory, data structures, misconceptions},
}

@inproceedings{Kelter:2018:SFM:3279720.3279727,
 author = {Kelter, Riko and Kramer, Matthias and Brinda, Torsten},
 title = {Statistical Frequency-Analysis of Misconceptions In Object-Oriented-Programming: Regularized PCR Models for Frequency Analysis Across OOP Concepts and Related Factors},
 booktitle = {Proceedings of the 18th Koli Calling International Conference on Computing Education Research},
 series = {Koli Calling '18},
 year = {2018},
 isbn = {978-1-4503-6535-2},
 location = {Koli, Finland},
 pages = {6:1--6:10},
 articleno = {6},
 numpages = {10},
 url = {http://doi.acm.org/10.1145/3279720.3279727},
 doi = {10.1145/3279720.3279727},
 acmid = {3279727},
 publisher = {ACM},
 address = {New York, NY, USA},
 keywords = {frequency-analysis of misconceptions in programming, misconceptions in object-oriented-programming, object-oriented-programming, regression models for OOP misconceptions},
}

@inproceedings{Kohn:2017:VEE:3017680.3017724,
 author = {Kohn, Tobias},
 title = {Variable Evaluation: An Exploration of Novice Programmers' Understanding and Common Misconceptions},
 booktitle = {Proceedings of the 2017 ACM SIGCSE Technical Symposium on Computer Science Education},
 series = {SIGCSE '17},
 year = {2017},
 isbn = {978-1-4503-4698-6},
 location = {Seattle, Washington, USA},
 pages = {345--350},
 numpages = {6},
 url = {http://doi.acm.org/10.1145/3017680.3017724},
 doi = {10.1145/3017680.3017724},
 acmid = {3017724},
 publisher = {ACM},
 address = {New York, NY, USA},
 keywords = {learning, misconceptions, novices, programming, variables},
}

@inproceedings{Kennedy:2018:TT:3230977.3231023,
 author = {Kennedy, Cazembe},
 title = {What Are They Thinking?},
 booktitle = {Proceedings of the 2018 ACM Conference on International Computing Education Research},
 series = {ICER '18},
 year = {2018},
 isbn = {978-1-4503-5628-2},
 location = {Espoo, Finland},
 pages = {272--273},
 numpages = {2},
 url = {http://doi.acm.org/10.1145/3230977.3231023},
 doi = {10.1145/3230977.3231023},
 acmid = {3231023},
 publisher = {ACM},
 address = {New York, NY, USA},
 keywords = {computer science education, misconceptions, pedagogical content knowledge},
}

@inproceedings{Webb:2014:DPP:2538862.2538886,
 author = {Webb, Kevin C. and Taylor, Cynthia},
 title = {Developing a Pre- and Post-course Concept Inventory to Gauge Operating Systems Learning},
 booktitle = {Proceedings of the 45th ACM Technical Symposium on Computer Science Education},
 series = {SIGCSE '14},
 year = {2014},
 isbn = {978-1-4503-2605-6},
 location = {Atlanta, Georgia, USA},
 pages = {103--108},
 numpages = {6},
 url = {http://doi.acm.org/10.1145/2538862.2538886},
 doi = {10.1145/2538862.2538886},
 acmid = {2538886},
 publisher = {ACM},
 address = {New York, NY, USA},
 keywords = {concept inventory, misconceptions, operating systems},
}

@article{Eckerdal:2005:NJP:1151954.1067473,
 author = {Eckerdal, Anna and Thun{\'e}, Michael},
 title = {Novice Java Programmers' Conceptions of "Object" and "Class", and Variation Theory},
 journal = {SIGCSE Bull.},
 issue_date = {September 2005},
 volume = {37},
 number = {3},
 month = jun,
 year = {2005},
 issn = {0097-8418},
 pages = {89--93},
 numpages = {5},
 url = {http://doi.acm.org/10.1145/1151954.1067473},
 doi = {10.1145/1151954.1067473},
 acmid = {1067473},
 publisher = {ACM},
 address = {New York, NY, USA},
 keywords = {conceptions, misconceptions, phenomenography, variation theory},
}

@inproceedings{Eckerdal:2005:NJP:1067445.1067473,
 author = {Eckerdal, Anna and Thun{\'e}, Michael},
 title = {Novice Java Programmers' Conceptions of "Object" and "Class", and Variation Theory},
 booktitle = {Proceedings of the 10th Annual SIGCSE Conference on Innovation and Technology in Computer Science Education},
 series = {ITiCSE '05},
 year = {2005},
 isbn = {1-59593-024-8},
 location = {Caparica, Portugal},
 pages = {89--93},
 numpages = {5},
 url = {http://doi.acm.org/10.1145/1067445.1067473},
 doi = {10.1145/1067445.1067473},
 acmid = {1067473},
 publisher = {ACM},
 address = {New York, NY, USA},
 keywords = {conceptions, misconceptions, phenomenography, variation theory},
}

@inproceedings{Sekiya:2013:TQS:2526968.2526978,
 author = {Sekiya, Takayuki and Yamaguchi, Kazunori},
 title = {Tracing Quiz Set to Identify Novices' Programming Misconceptions},
 booktitle = {Proceedings of the 13th Koli Calling International Conference on Computing Education Research},
 series = {Koli Calling '13},
 year = {2013},
 isbn = {978-1-4503-2482-3},
 location = {Koli, Finland},
 pages = {87--95},
 numpages = {9},
 url = {http://doi.acm.org/10.1145/2526968.2526978},
 doi = {10.1145/2526968.2526978},
 acmid = {2526978},
 publisher = {ACM},
 address = {New York, NY, USA},
 keywords = {CS1, misconception, novice programmers, tracing},
}

@article{Miller:2019:LGL:3308443.3313291,
 author = {Miller, Craig S. and Settle, Amber},
 title = {Learning to Get Literal: Investigating Reference-Point Difficulties in Novice Programming},
 journal = {ACM Trans. Comput. Educ.},
 issue_date = {June 2019},
 volume = {19},
 number = {3},
 month = may,
 year = {2019},
 issn = {1946-6226},
 pages = {28:1--28:17},
 articleno = {28},
 numpages = {17},
 url = {http://doi.acm.org/10.1145/3313291},
 doi = {10.1145/3313291},
 acmid = {3313291},
 publisher = {ACM},
 address = {New York, NY, USA},
 keywords = {Metonymy, human-computer interaction, misconceptions, novice computer programming, reference errors},
}

@inproceedings{Sorva:2008:SBD:1595356.1595360,
 author = {Sorva, Juha},
 title = {The Same but Different Students' Understandings of Primitive and Object Variables},
 booktitle = {Proceedings of the 8th International Conference on Computing Education Research},
 series = {Koli '08},
 year = {2008},
 isbn = {978-1-60558-385-3},
 location = {Koli, Finland},
 pages = {5--15},
 numpages = {11},
 url = {http://doi.acm.org/10.1145/1595356.1595360},
 doi = {10.1145/1595356.1595360},
 acmid = {1595360},
 publisher = {ACM},
 address = {New York, NY, USA},
 keywords = {CS1, misconceptions, phenomenography, references, students' understandings, variables},
}

@inproceedings{Kaczmarczyk:2010:ISM:1734263.1734299,
 author = {Kaczmarczyk, Lisa C. and Petrick, Elizabeth R. and East, J. Philip and Herman, Geoffrey L.},
 title = {Identifying Student Misconceptions of Programming},
 booktitle = {Proceedings of the 41st ACM Technical Symposium on Computer Science Education},
 series = {SIGCSE '10},
 year = {2010},
 isbn = {978-1-4503-0006-3},
 location = {Milwaukee, Wisconsin, USA},
 pages = {107--111},
 numpages = {5},
 url = {http://doi.acm.org/10.1145/1734263.1734299},
 doi = {10.1145/1734263.1734299},
 acmid = {1734299},
 publisher = {ACM},
 address = {New York, NY, USA},
 keywords = {concept inventory, cs1, curriculum, misconceptions, pedagogy, programming},
}

@article{Hamouda:2018:RIT:3282284.3218328,
 author = {Hamouda, Sally and Edwards, Stephen H. and Elmongui, Hicham G. and Ernst, Jeremy V. and Shaffer, Clifford A.},
 title = {RecurTutor: An Interactive Tutorial for Learning Recursion},
 journal = {ACM Trans. Comput. Educ.},
 issue_date = {January 2019},
 volume = {19},
 number = {1},
 month = nov,
 year = {2018},
 issn = {1946-6226},
 pages = {1:1--1:25},
 articleno = {1},
 numpages = {25},
 url = {http://doi.acm.org/10.1145/3218328},
 doi = {10.1145/3218328},
 acmid = {3218328},
 publisher = {ACM},
 address = {New York, NY, USA},
 keywords = {Recursion, eTextbook, interactive online tutorial, misconceptions},
}

@inproceedings{Ohrndorf:2015:MKM:2787622.2787745,
 author = {Ohrndorf, Laura},
 title = {Measuring Knowledge of Misconceptions in Computer Science Education},
 booktitle = {Proceedings of the Eleventh Annual International Conference on International Computing Education Research},
 series = {ICER '15},
 year = {2015},
 isbn = {978-1-4503-3630-7},
 location = {Omaha, Nebraska, USA},
 pages = {269--270},
 numpages = {2},
 url = {http://doi.acm.org/10.1145/2787622.2787745},
 doi = {10.1145/2787622.2787745},
 acmid = {2787745},
 publisher = {ACM},
 address = {New York, NY, USA},
 keywords = {cs1, evaluation, introductory cs courses, misconceptions},
}

@inproceedings{Tirronen:2014:SDM:2591708.2591726,
 author = {Tirronen, Ville},
 title = {Study on Difficulties and Misconceptions with Modern Type Systems},
 booktitle = {Proceedings of the 2014 Conference on Innovation \&\#38; Technology in Computer Science Education},
 series = {ITiCSE '14},
 year = {2014},
 isbn = {978-1-4503-2833-3},
 location = {Uppsala, Sweden},
 pages = {303--308},
 numpages = {6},
 url = {http://doi.acm.org/10.1145/2591708.2591726},
 doi = {10.1145/2591708.2591726},
 acmid = {2591726},
 publisher = {ACM},
 address = {New York, NY, USA},
 keywords = {experiment, functional programming, misconceptions, type systems},
}

@inproceedings{Gusukuma:2018:MDS:3230977.3231015,
 author = {Gusukuma, Luke},
 title = {A Misconception Driven Student Model to Author Feedback},
 booktitle = {Proceedings of the 2018 ACM Conference on International Computing Education Research},
 series = {ICER '18},
 year = {2018},
 isbn = {978-1-4503-5628-2},
 location = {Espoo, Finland},
 pages = {266--267},
 numpages = {2},
 url = {http://doi.acm.org/10.1145/3230977.3231015},
 doi = {10.1145/3230977.3231015},
 acmid = {3231015},
 publisher = {ACM},
 address = {New York, NY, USA},
 keywords = {cs education, immediate feedback, misconception, student model},
}

@inproceedings{Gusukuma:2018:MFR:3230977.3231002,
 author = {Gusukuma, Luke and Bart, Austin Cory and Kafura, Dennis and Ernst, Jeremy},
 title = {Misconception-Driven Feedback: Results from an Experimental Study},
 booktitle = {Proceedings of the 2018 ACM Conference on International Computing Education Research},
 series = {ICER '18},
 year = {2018},
 isbn = {978-1-4503-5628-2},
 location = {Espoo, Finland},
 pages = {160--168},
 numpages = {9},
 url = {http://doi.acm.org/10.1145/3230977.3231002},
 doi = {10.1145/3230977.3231002},
 acmid = {3231002},
 publisher = {ACM},
 address = {New York, NY, USA},
 keywords = {cs education, immediate feedback, misconception, student model},
}

@inproceedings{Kallia:2019:LUF:3287324.3287377,
 author = {Kallia, Maria and Sentance, Sue},
 title = {Learning to Use Functions: The Relationship Between Misconceptions and Self-Efficacy},
 booktitle = {Proceedings of the 50th ACM Technical Symposium on Computer Science Education},
 series = {SIGCSE '19},
 year = {2019},
 isbn = {978-1-4503-5890-3},
 location = {Minneapolis, MN, USA},
 pages = {752--758},
 numpages = {7},
 url = {http://doi.acm.org/10.1145/3287324.3287377},
 doi = {10.1145/3287324.3287377},
 acmid = {3287377},
 publisher = {ACM},
 address = {New York, NY, USA},
 keywords = {functions, misconceptions in programming, self-efficacy},
}

@inproceedings{Shah:2015:SBL:2818314.2818326,
 author = {Shah, Philipp and Capovilla, Dino and Hubwieser, Peter},
 title = {Searching for Barriers to Learning Iteration and Runtime in Computer Science},
 booktitle = {Proceedings of the Workshop in Primary and Secondary Computing Education},
 series = {WiPSCE '15},
 year = {2015},
 isbn = {978-1-4503-3753-3},
 location = {London, United Kingdom},
 pages = {73--75},
 numpages = {3},
 url = {http://doi.acm.org/10.1145/2818314.2818326},
 doi = {10.1145/2818314.2818326},
 acmid = {2818326},
 publisher = {ACM},
 address = {New York, NY, USA},
 keywords = {Alternative Conceptions, Intuitive Rule, Iterations, Misconceptions, Runtime},
}

@inproceedings{Pamplona:2013:EMO:2526968.2526977,
 author = {Pamplona, Sonia and Medinilla, Nelson and Flores, Pamela},
 title = {Exploring Misconceptions of Operating Systems in an Online Course},
 booktitle = {Proceedings of the 13th Koli Calling International Conference on Computing Education Research},
 series = {Koli Calling '13},
 year = {2013},
 isbn = {978-1-4503-2482-3},
 location = {Koli, Finland},
 pages = {77--86},
 numpages = {10},
 url = {http://doi.acm.org/10.1145/2526968.2526977},
 doi = {10.1145/2526968.2526977},
 acmid = {2526977},
 publisher = {ACM},
 address = {New York, NY, USA},
 keywords = {e-learning, misconceptions, online learning, operating systems},
}

@inproceedings{Sorva:2007:SUS:2449323.2449337,
 author = {Sorva, Juha},
 title = {Students' Understandings of Storing Objects},
 booktitle = {Proceedings of the Seventh Baltic Sea Conference on Computing Education Research - Volume 88},
 series = {Koli Calling '07},
 year = {2007},
 isbn = {978-1-920682-69-9},
 location = {Koli National Park, Finland},
 pages = {127--135},
 numpages = {9},
 url = {http://dl.acm.org/citation.cfm?id=2449323.2449337},
 acmid = {2449337},
 publisher = {Australian Computer Society, Inc.},
 address = {Darlinghurst, Australia, Australia},
 keywords = {CS1, constructivism, misconceptions, objects, phenomenography, students' understandings},
}

@article{Christiaen:1988:NPE:51594.51596,
 author = {Christiaen, H.},
 title = {Novice Programming Errors: Misconceptions or Misrepresentations?},
 journal = {SIGCSE Bull.},
 issue_date = {Sept. 1988},
 volume = {20},
 number = {3},
 month = sep,
 year = {1988},
 issn = {0097-8418},
 pages = {5--7},
 numpages = {3},
 url = {http://doi.acm.org/10.1145/51594.51596},
 doi = {10.1145/51594.51596},
 acmid = {51596},
 publisher = {ACM},
 address = {New York, NY, USA},
}

@article{Velazquez-Iturbide:2013:EMA:2543488.2534972,
 author = {Vel\'{a}zquez-Iturbide, J. \'{A}ngel},
 title = {An Experimental Method for the Active Learning of Greedy Algorithms},
 journal = {Trans. Comput. Educ.},
 issue_date = {November 2013},
 volume = {13},
 number = {4},
 month = nov,
 year = {2013},
 issn = {1946-6226},
 pages = {18:1--18:23},
 articleno = {18},
 numpages = {23},
 url = {http://doi.acm.org/10.1145/2534972},
 doi = {10.1145/2534972},
 acmid = {2534972},
 publisher = {ACM},
 address = {New York, NY, USA},
 keywords = {Computer science education, active learning, greedy algorithms, misconceptions, usability, visualization},
}

@inproceedings{Becker:2019:FSM:3287324.3293860,
 author = {Becker, Wynne and James, Kayley and Minier, Maya},
 title = {Four Scope-Related Misconceptions Held by Computer Science Students},
 booktitle = {Proceedings of the 50th ACM Technical Symposium on Computer Science Education},
 series = {SIGCSE '19},
 year = {2019},
 isbn = {978-1-4503-5890-3},
 location = {Minneapolis, MN, USA},
 pages = {1278--1278},
 numpages = {1},
 url = {http://doi.acm.org/10.1145/3287324.3293860},
 doi = {10.1145/3287324.3293860},
 acmid = {3293860},
 publisher = {ACM},
 address = {New York, NY, USA},
 keywords = {java, loop, misconception, parameter, python, scope, variable},
}

@inproceedings{Farghally:2017:TCI:3017680.3017756,
 author = {Farghally, Mohammed F. and Koh, Kyu Han and Ernst, Jeremy V. and Shaffer, Clifford A.},
 title = {Towards a Concept Inventory for Algorithm Analysis Topics},
 booktitle = {Proceedings of the 2017 ACM SIGCSE Technical Symposium on Computer Science Education},
 series = {SIGCSE '17},
 year = {2017},
 isbn = {978-1-4503-4698-6},
 location = {Seattle, Washington, USA},
 pages = {207--212},
 numpages = {6},
 url = {http://doi.acm.org/10.1145/3017680.3017756},
 doi = {10.1145/3017680.3017756},
 acmid = {3017756},
 publisher = {ACM},
 address = {New York, NY, USA},
 keywords = {algorithm analysis, concept inventory, delphi process, misconceptions},
}

@article{Qian:2017:SMO:3155324.3077618,
 author = {Qian, Yizhou and Lehman, James},
 title = {Students\&\#x2019; Misconceptions and Other Difficulties in Introductory Programming: A Literature Review},
 journal = {ACM Trans. Comput. Educ.},
 issue_date = {December 2017},
 volume = {18},
 number = {1},
 month = oct,
 year = {2017},
 issn = {1946-6226},
 pages = {1:1--1:24},
 articleno = {1},
 numpages = {24},
 url = {http://doi.acm.org/10.1145/3077618},
 doi = {10.1145/3077618},
 acmid = {3077618},
 publisher = {ACM},
 address = {New York, NY, USA},
 keywords = {Misconceptions, conceptual change, constructivism, difficulties, introductory programming},
}

@article{Sanders:2007:CGO:1269900.1268834,
 author = {Sanders, Kate and Thomas, Lynda},
 title = {Checklists for Grading Object-oriented CS1 Programs: Concepts and Misconceptions},
 journal = {SIGCSE Bull.},
 issue_date = {September 2007},
 volume = {39},
 number = {3},
 month = jun,
 year = {2007},
 issn = {0097-8418},
 pages = {166--170},
 numpages = {5},
 url = {http://doi.acm.org/10.1145/1269900.1268834},
 doi = {10.1145/1269900.1268834},
 acmid = {1268834},
 publisher = {ACM},
 address = {New York, NY, USA},
 keywords = {CS1, assessment, empirical research, misconceptions, object-oriented concepts},
}

@inproceedings{Sanders:2007:CGO:1268784.1268834,
 author = {Sanders, Kate and Thomas, Lynda},
 title = {Checklists for Grading Object-oriented CS1 Programs: Concepts and Misconceptions},
 booktitle = {Proceedings of the 12th Annual SIGCSE Conference on Innovation and Technology in Computer Science Education},
 series = {ITiCSE '07},
 year = {2007},
 isbn = {978-1-59593-610-3},
 location = {Dundee, Scotland},
 pages = {166--170},
 numpages = {5},
 url = {http://doi.acm.org/10.1145/1268784.1268834},
 doi = {10.1145/1268784.1268834},
 acmid = {1268834},
 publisher = {ACM},
 address = {New York, NY, USA},
 keywords = {CS1, assessment, empirical research, misconceptions, object-oriented concepts},
}

@article{Xinogalos:2015:ODP:2809889.2700519,
 author = {Xinogalos, Stelios},
 title = {Object-Oriented Design and Programming: An Investigation of Novices\&Rsquo; Conceptions on Objects and Classes},
 journal = {Trans. Comput. Educ.},
 issue_date = {September 2015},
 volume = {15},
 number = {3},
 month = jul,
 year = {2015},
 issn = {1946-6226},
 pages = {13:1--13:21},
 articleno = {13},
 numpages = {21},
 url = {http://doi.acm.org/10.1145/2700519},
 doi = {10.1145/2700519},
 acmid = {2700519},
 publisher = {ACM},
 address = {New York, NY, USA},
 keywords = {Object-oriented programming, class, conceptions, misconceptions, object, teaching/learning programming},
}

@article{Liberman:2011:DLI:1921607.1921611,
 author = {Liberman, Neomi and Beeri, Catriel and Ben-David Kolikant, Yifat},
 title = {Difficulties in Learning Inheritance and Polymorphism},
 journal = {ACM Trans. Comput. Educ.},
 issue_date = {February 2011},
 volume = {11},
 number = {1},
 month = feb,
 year = {2011},
 issn = {1946-6226},
 pages = {4:1--4:23},
 articleno = {4},
 numpages = {23},
 url = {http://doi.acm.org/10.1145/1921607.1921611},
 doi = {10.1145/1921607.1921611},
 acmid = {1921611},
 publisher = {ACM},
 address = {New York, NY, USA},
 keywords = {Programming model, analogies, in-service teachers, misconceptions},
}

@inproceedings{Velazquez-Iturbide:2012:REA:2325296.2325311,
 author = {Vel\'{a}zquez-Iturbide, J. \'{A}ngel},
 title = {Refinement of an Experimental Approach Tocomputer-based, Active Learning of Greedy Algorithms},
 booktitle = {Proceedings of the 17th ACM Annual Conference on Innovation and Technology in Computer Science Education},
 series = {ITiCSE '12},
 year = {2012},
 isbn = {978-1-4503-1246-2},
 location = {Haifa, Israel},
 pages = {46--51},
 numpages = {6},
 url = {http://doi.acm.org/10.1145/2325296.2325311},
 doi = {10.1145/2325296.2325311},
 acmid = {2325311},
 publisher = {ACM},
 address = {New York, NY, USA},
 keywords = {active learning, computer science education, greedy algorithms, misconceptions, usability, visualization},
}

@inproceedings{Stansbury:2015:SUD:2676723.2691937,
 author = {Stansbury, Emily},
 title = {Students' (Mis)Understanding of Dictionaries (Abstract Only)},
 booktitle = {Proceedings of the 46th ACM Technical Symposium on Computer Science Education},
 series = {SIGCSE '15},
 year = {2015},
 isbn = {978-1-4503-2966-8},
 location = {Kansas City, Missouri, USA},
 pages = {682--682},
 numpages = {1},
 url = {http://doi.acm.org/10.1145/2676723.2691937},
 doi = {10.1145/2676723.2691937},
 acmid = {2691937},
 publisher = {ACM},
 address = {New York, NY, USA},
 keywords = {dictionary, hash tables., list, mental models, misconceptions, python},
}

@inproceedings{Ohrndorf:2014:SCO:2670757.2670758,
 author = {Ohrndorf, Laura and Schubert, Sigrid},
 title = {Students' Cognition: Outcomes from an Initial Study with Student Teachers},
 booktitle = {Proceedings of the 9th Workshop in Primary and Secondary Computing Education},
 series = {WiPSCE '14},
 year = {2014},
 isbn = {978-1-4503-3250-7},
 location = {Berlin, Germany},
 pages = {112--115},
 numpages = {4},
 url = {http://doi.acm.org/10.1145/2670757.2670758},
 doi = {10.1145/2670757.2670758},
 acmid = {2670758},
 publisher = {ACM},
 address = {New York, NY, USA},
 keywords = {CS teachers, computer science education, misconceptions, students' cognition},
}

@inproceedings{Herman:2017:ACD:3105726.3106172,
 author = {Herman, Geoffrey L. and Choi, Dong San},
 title = {The Affordances and Constraints of Diagrams on Students' Reasoning About State Machines},
 booktitle = {Proceedings of the 2017 ACM Conference on International Computing Education Research},
 series = {ICER '17},
 year = {2017},
 isbn = {978-1-4503-4968-0},
 location = {Tacoma, Washington, USA},
 pages = {173--181},
 numpages = {9},
 url = {http://doi.acm.org/10.1145/3105726.3106172},
 doi = {10.1145/3105726.3106172},
 acmid = {3106172},
 publisher = {ACM},
 address = {New York, NY, USA},
 keywords = {diagrams, finite state machines, misconceptions, state, visual representations},
}

@inproceedings{Sirkia:2012:EPM:2401796.2401799,
 author = {Sirki\"{a}, Teemu and Sorva, Juha},
 title = {Exploring Programming Misconceptions: An Analysis of Student Mistakes in Visual Program Simulation Exercises},
 booktitle = {Proceedings of the 12th Koli Calling International Conference on Computing Education Research},
 series = {Koli Calling '12},
 year = {2012},
 isbn = {978-1-4503-1795-5},
 location = {Koli, Finland},
 pages = {19--28},
 numpages = {10},
 url = {http://doi.acm.org/10.1145/2401796.2401799},
 doi = {10.1145/2401796.2401799},
 acmid = {2401799},
 publisher = {ACM},
 address = {New York, NY, USA},
 keywords = {CS1, introductory programming education, misconceptions, program visualization, visual program simulation},
}

@inproceedings{Zilligen:2008:MMD:1593105.1593250,
 author = {Zilligen, Ross and Hidayat, Adi},
 title = {A Misconception Module to a Database Courseware},
 booktitle = {Proceedings of the 46th Annual Southeast Regional Conference on XX},
 series = {ACM-SE 46},
 year = {2008},
 isbn = {978-1-60558-105-7},
 location = {Auburn, Alabama},
 pages = {529--530},
 numpages = {2},
 url = {http://doi.acm.org/10.1145/1593105.1593250},
 doi = {10.1145/1593105.1593250},
 acmid = {1593250},
 publisher = {ACM},
 address = {New York, NY, USA},
}

@inproceedings{Herman:2008:PIE:1404520.1404527,
 author = {Herman, Geoffrey L. and Kaczmarczyk, Lisa and Loui, Michael C. and Zilles, Craig},
 title = {Proof by Incomplete Enumeration and Other Logical Misconceptions},
 booktitle = {Proceedings of the Fourth International Workshop on Computing Education Research},
 series = {ICER '08},
 year = {2008},
 isbn = {978-1-60558-216-0},
 location = {Sydney, Australia},
 pages = {59--70},
 numpages = {12},
 url = {http://doi.acm.org/10.1145/1404520.1404527},
 doi = {10.1145/1404520.1404527},
 acmid = {1404527},
 publisher = {ACM},
 address = {New York, NY, USA},
 keywords = {concept inventory, digital logic, discrete math, formal logic, misconceptions},
}

@inproceedings{Ohrndorf:2013:MPC:2532748.2532758,
 author = {Ohrndorf, Laura and Schubert, Sigrid},
 title = {Measurement of Pedagogical Content Knowledge: Students' Knowledge and Conceptions},
 booktitle = {Proceedings of the 8th Workshop in Primary and Secondary Computing Education},
 series = {WiPSE '13},
 year = {2013},
 isbn = {978-1-4503-2455-7},
 location = {Aarhus, Denmark},
 pages = {104--107},
 numpages = {4},
 url = {http://doi.acm.org/10.1145/2532748.2532758},
 doi = {10.1145/2532748.2532758},
 acmid = {2532758},
 publisher = {ACM},
 address = {New York, NY, USA},
 keywords = {computer science teachers, errors, misconceptions, pedagogical content knowledge},
}

@inproceedings{Qian:2019:UDU:3300115.3309521,
 author = {Qian, Yizhou and Yan, Peilin and Zhou, Mingke},
 title = {Using Data to Understand Difficulties of Learning to Program: A Study with Chinese Middle School Students},
 booktitle = {Proceedings of the ACM Conference on Global Computing Education},
 series = {CompEd '19},
 year = {2019},
 isbn = {978-1-4503-6259-7},
 location = {Chengdu,Sichuan, China},
 pages = {185--191},
 numpages = {7},
 url = {http://doi.acm.org/10.1145/3300115.3309521},
 doi = {10.1145/3300115.3309521},
 acmid = {3309521},
 publisher = {ACM},
 address = {New York, NY, USA},
 keywords = {Chinese middle school students, computing education, difficulties, misconceptions, novice programming},
}

@inproceedings{Caceffo:2016:DCS:2839509.2844559,
 author = {Caceffo, Ricardo and Wolfman, Steve and Booth, Kellogg S. and Azevedo, Rodolfo},
 title = {Developing a Computer Science Concept Inventory for Introductory Programming},
 booktitle = {Proceedings of the 47th ACM Technical Symposium on Computing Science Education},
 series = {SIGCSE '16},
 year = {2016},
 isbn = {978-1-4503-3685-7},
 location = {Memphis, Tennessee, USA},
 pages = {364--369},
 numpages = {6},
 url = {http://doi.acm.org/10.1145/2839509.2844559},
 doi = {10.1145/2839509.2844559},
 acmid = {2844559},
 publisher = {ACM},
 address = {New York, NY, USA},
 keywords = {computer science, concept inventory, cs1, data structure, introductory, misconception, programming},
}

@inproceedings{Liu:2016:MCM:2883851.2883967,
 author = {Liu, Ran and Patel, Rony and Koedinger, Kenneth R.},
 title = {Modeling Common Misconceptions in Learning Process Data},
 booktitle = {Proceedings of the Sixth International Conference on Learning Analytics \& Knowledge},
 series = {LAK '16},
 year = {2016},
 isbn = {978-1-4503-4190-5},
 location = {Edinburgh, United Kingdom},
 pages = {369--377},
 numpages = {9},
 url = {http://doi.acm.org/10.1145/2883851.2883967},
 doi = {10.1145/2883851.2883967},
 acmid = {2883967},
 publisher = {ACM},
 address = {New York, NY, USA},
 keywords = {additive factors model, fraction arithmetic, knowledge component model, misconceptions, q-matrix},
}

@inproceedings{Swidan:2018:PMS:3230977.3230995,
 author = {Swidan, Alaaeddin and Hermans, Felienne and Smit, Marileen},
 title = {Programming Misconceptions for School Students},
 booktitle = {Proceedings of the 2018 ACM Conference on International Computing Education Research},
 series = {ICER '18},
 year = {2018},
 isbn = {978-1-4503-5628-2},
 location = {Espoo, Finland},
 pages = {151--159},
 numpages = {9},
 url = {http://doi.acm.org/10.1145/3230977.3230995},
 doi = {10.1145/3230977.3230995},
 acmid = {3230995},
 publisher = {ACM},
 address = {New York, NY, USA},
 keywords = {cs education, k-12 students, programming misconception, scratch},
}

@article{Sands:2010:WKP:1791129.1791163,
 author = {Sands, Michael and Evans, James and Blank, Glenn David},
 title = {Widening the K-12 Pipeline at a Critical Juncture with Flash\&Trade;},
 journal = {J. Comput. Sci. Coll.},
 issue_date = {June 2010},
 volume = {25},
 number = {6},
 month = jun,
 year = {2010},
 issn = {1937-4771},
 pages = {181--190},
 numpages = {10},
 url = {http://dl.acm.org/citation.cfm?id=1791129.1791163},
 acmid = {1791163},
 publisher = {Consortium for Computing Sciences in Colleges},
 address = {USA},
 keywords = {computer science education, introductory courses, minorities, misconception, women},
}

@article{Beaubouef:2008:CSS:1352383.1352392,
 author = {Beaubouef, T. and McDowell, P.},
 title = {Computer Science: Student Myths and Misconceptions},
 journal = {J. Comput. Sci. Coll.},
 issue_date = {June 2008},
 volume = {23},
 number = {6},
 month = jun,
 year = {2008},
 issn = {1937-4771},
 pages = {43--48},
 numpages = {6},
 url = {http://dl.acm.org/citation.cfm?id=1352383.1352392},
 acmid = {1352392},
 publisher = {Consortium for Computing Sciences in Colleges},
 address = {USA},
}

@inproceedings{Almstrum:2006:CIC:1189215.1189182,
 author = {Almstrum, Vicki L. and Henderson, Peter B. and Harvey, Valerie and Heeren, Cinda and Marion, William and Riedesel, Charles and Soh, Leen-Kiat and Tew, Allison Elliott},
 title = {Concept Inventories in Computer Science for the Topic Discrete Mathematics},
 booktitle = {Working Group Reports on ITiCSE on Innovation and Technology in Computer Science Education},
 series = {ITiCSE-WGR '06},
 year = {2006},
 isbn = {1-59593-603-3},
 location = {Bologna, Italy},
 pages = {132--145},
 numpages = {14},
 url = {http://doi.acm.org/10.1145/1189215.1189182},
 doi = {10.1145/1189215.1189182},
 acmid = {1189182},
 publisher = {ACM},
 address = {New York, NY, USA},
 keywords = {assessment, assessment tools, concept inventory, discrete mathematics, distractors, misconceptions},
}

@article{Almstrum:2006:CIC:1189136.1189182,
 author = {Almstrum, Vicki L. and Henderson, Peter B. and Harvey, Valerie and Heeren, Cinda and Marion, William and Riedesel, Charles and Soh, Leen-Kiat and Tew, Allison Elliott},
 title = {Concept Inventories in Computer Science for the Topic Discrete Mathematics},
 journal = {SIGCSE Bull.},
 issue_date = {December 2006},
 volume = {38},
 number = {4},
 month = jun,
 year = {2006},
 issn = {0097-8418},
 pages = {132--145},
 numpages = {14},
 url = {http://doi.acm.org/10.1145/1189136.1189182},
 doi = {10.1145/1189136.1189182},
 acmid = {1189182},
 publisher = {ACM},
 address = {New York, NY, USA},
 keywords = {assessment, assessment tools, concept inventory, discrete mathematics, distractors, misconceptions},
}

@article{Herman:2012:DWS:2133797.2133800,
 author = {Herman, Geoffrey L. and Loui, Michael C. and Kaczmarczyk, Lisa and Zilles, Craig},
 title = {Describing the What and Why of Students\&Rsquo; Difficulties in Boolean Logic},
 journal = {Trans. Comput. Educ.},
 issue_date = {March 2012},
 volume = {12},
 number = {1},
 month = mar,
 year = {2012},
 issn = {1946-6226},
 pages = {3:1--3:28},
 articleno = {3},
 numpages = {28},
 url = {http://doi.acm.org/10.1145/2133797.2133800},
 doi = {10.1145/2133797.2133800},
 acmid = {2133800},
 publisher = {ACM},
 address = {New York, NY, USA},
 keywords = {Discrete math, concept inventory, digital logic, formal logic, misconceptions},
}

@inproceedings{Williams:2014:LOV:2559206.2581351,
 author = {Williams, Joseph Jay and Kovacs, Geza and Walker, Caren and Maldonado, Samuel and Lombrozo, Tania},
 title = {Learning Online via Prompts to Explain},
 booktitle = {CHI '14 Extended Abstracts on Human Factors in Computing Systems},
 series = {CHI EA '14},
 year = {2014},
 isbn = {978-1-4503-2474-8},
 location = {Toronto, Ontario, Canada},
 pages = {2269--2274},
 numpages = {6},
 url = {http://doi.acm.org/10.1145/2559206.2581351},
 doi = {10.1145/2559206.2581351},
 acmid = {2581351},
 publisher = {ACM},
 address = {New York, NY, USA},
 keywords = {anomalies, explanation, generalization, learning, misconceptions, self-explanation, statistics},
}

@article{Bayman:1983:DBP:358172.358408,
 author = {Bayman, Piraye and Mayer, Richard E.},
 title = {A Diagnosis of Beginning Programmers' Misconceptions of BASIC Programming Statements},
 journal = {Commun. ACM},
 issue_date = {Sept. 1983},
 volume = {26},
 number = {9},
 month = sep,
 year = {1983},
 issn = {0001-0782},
 pages = {677--679},
 numpages = {3},
 url = {http://doi.acm.org/10.1145/358172.358408},
 doi = {10.1145/358172.358408},
 acmid = {358408},
 publisher = {ACM},
 address = {New York, NY, USA},
 keywords = {BASIC, languages, man-machine interface, novices, programming},
}

@inproceedings{Tanielu:2019:CAV:3300115.3309513,
 author = {Tanielu, Tevita and 'Akau'ola, Raymond and Varoy, Elliot and Giacaman, Nasser},
 title = {Combining Analogies and Virtual Reality for Active and Visual Object-Oriented Programming},
 booktitle = {Proceedings of the ACM Conference on Global Computing Education},
 series = {CompEd '19},
 year = {2019},
 isbn = {978-1-4503-6259-7},
 location = {Chengdu,Sichuan, China},
 pages = {92--98},
 numpages = {7},
 url = {http://doi.acm.org/10.1145/3300115.3309513},
 doi = {10.1145/3300115.3309513},
 acmid = {3309513},
 publisher = {ACM},
 address = {New York, NY, USA},
 keywords = {analogies, misconceptions, object-oriented programming, virtual reality, visualization},
}

@inproceedings{Feldman:2018:ADS:3173574.3173838,
 author = {Feldman, Molly Q. and Cho, Ji Yong and Ong, Monica and Gulwani, Sumit and Popovi\'{c}, Zoran and Andersen, Erik},
 title = {Automatic Diagnosis of Students' Misconceptions in K-8 Mathematics},
 booktitle = {Proceedings of the 2018 CHI Conference on Human Factors in Computing Systems},
 series = {CHI '18},
 year = {2018},
 isbn = {978-1-4503-5620-6},
 location = {Montreal QC, Canada},
 pages = {264:1--264:12},
 articleno = {264},
 numpages = {12},
 url = {http://doi.acm.org/10.1145/3173574.3173838},
 doi = {10.1145/3173574.3173838},
 acmid = {3173838},
 publisher = {ACM},
 address = {New York, NY, USA},
 keywords = {elementary education, programming by demonstration},
}

@inproceedings{Patitsas:2013:CMM:2445196.2445443,
 author = {Patitsas, Elizabeth and Craig, Michelle and Easterbrook, Steve},
 title = {On the Countably Many Misconceptions About \#Hashtables (Abstract Only)},
 booktitle = {Proceeding of the 44th ACM Technical Symposium on Computer Science Education},
 series = {SIGCSE '13},
 year = {2013},
 isbn = {978-1-4503-1868-6},
 location = {Denver, Colorado, USA},
 pages = {739--739},
 numpages = {1},
 url = {http://doi.acm.org/10.1145/2445196.2445443},
 doi = {10.1145/2445196.2445443},
 acmid = {2445443},
 publisher = {ACM},
 address = {New York, NY, USA},
 keywords = {code style, cs2, data structures},
}

@inproceedings{Corradini:2017:CMC:3105726.3106194,
 author = {Corradini, Isabella and Lodi, Michael and Nardelli, Enrico},
 title = {Conceptions and Misconceptions About Computational Thinking Among Italian Primary School Teachers},
 booktitle = {Proceedings of the 2017 ACM Conference on International Computing Education Research},
 series = {ICER '17},
 year = {2017},
 isbn = {978-1-4503-4968-0},
 location = {Tacoma, Washington, USA},
 pages = {136--144},
 numpages = {9},
 url = {http://doi.acm.org/10.1145/3105726.3106194},
 doi = {10.1145/3105726.3106194},
 acmid = {3106194},
 publisher = {ACM},
 address = {New York, NY, USA},
 keywords = {computational thinking definition, conceptions and misconceptions, informatics education, primary school teachers},
}

@inproceedings{Williams:2016:RLM:2858036.2858361,
 author = {Williams, Joseph Jay and Lombrozo, Tania and Hsu, Anne and Huber, Bernd and Kim, Juho},
 title = {Revising Learner Misconceptions Without Feedback: Prompting for Reflection on Anomalies},
 booktitle = {Proceedings of the 2016 CHI Conference on Human Factors in Computing Systems},
 series = {CHI '16},
 year = {2016},
 isbn = {978-1-4503-3362-7},
 location = {San Jose, California, USA},
 pages = {470--474},
 numpages = {5},
 url = {http://doi.acm.org/10.1145/2858036.2858361},
 doi = {10.1145/2858036.2858361},
 acmid = {2858361},
 publisher = {ACM},
 address = {New York, NY, USA},
 keywords = {MOOCs, explanation, online learning, prompts},
}

@inproceedings{Fekete:2003:UCD:858403.858425,
 author = {Fekete, Alan},
 title = {Using Counter-examples in the Data Structures Course},
 booktitle = {Proceedings of the Fifth Australasian Conference on Computing Education - Volume 20},
 series = {ACE '03},
 year = {2003},
 isbn = {0-909925-98-4},
 location = {Adelaide, Australia},
 pages = {179--186},
 numpages = {8},
 url = {http://dl.acm.org/citation.cfm?id=858403.858425},
 acmid = {858425},
 publisher = {Australian Computer Society, Inc.},
 address = {Darlinghurst, Australia, Australia},
 keywords = {closed laboratories, counter examples, data structures, metacognition, misconceptions},
}

@inproceedings{Ioannou:2014:EEI:2670757.2670784,
 author = {Ioannou, Ioannis and Angeli, Charoula},
 title = {Examining the Effects of an Instructional Intervention on Destabilizing Learners' Misconceptions About the Central Processing Unit},
 booktitle = {Proceedings of the 9th Workshop in Primary and Secondary Computing Education},
 series = {WiPSCE '14},
 year = {2014},
 isbn = {978-1-4503-3250-7},
 location = {Berlin, Germany},
 pages = {93--99},
 numpages = {7},
 url = {http://doi.acm.org/10.1145/2670757.2670784},
 doi = {10.1145/2670757.2670784},
 acmid = {2670784},
 publisher = {ACM},
 address = {New York, NY, USA},
 keywords = {computer science misconceptions, computer science teaching, secondary education, technological pedagogical content knowledge, technology mapping},
}

@inproceedings{Cunningham:2017:EST:3105726.3105746,
 author = {Cunningham, Kathryn},
 title = {The Effect of Sketching and Tracing on Instructors' Understanding of Student Misconceptions},
 booktitle = {Proceedings of the 2017 ACM Conference on International Computing Education Research},
 series = {ICER '17},
 year = {2017},
 isbn = {978-1-4503-4968-0},
 location = {Tacoma, Washington, USA},
 pages = {301--302},
 numpages = {2},
 url = {http://doi.acm.org/10.1145/3105726.3105746},
 doi = {10.1145/3105726.3105746},
 acmid = {3105746},
 publisher = {ACM},
 address = {New York, NY, USA},
 keywords = {CS1, notional machine, novice programmers, sketching, tracing},
}

@inproceedings{Soltanpoor:2018:CNP:3159450.3162266,
 author = {Soltanpoor, Reza and Thevathayan, Charles},
 title = {Correcting Novice Programmers' Misconceptions Through Personalized Quizzes: (Abstract Only)},
 booktitle = {Proceedings of the 49th ACM Technical Symposium on Computer Science Education},
 series = {SIGCSE '18},
 year = {2018},
 isbn = {978-1-4503-5103-4},
 location = {Baltimore, Maryland, USA},
 pages = {1085--1085},
 numpages = {1},
 url = {http://doi.acm.org/10.1145/3159450.3162266},
 doi = {10.1145/3159450.3162266},
 acmid = {3162266},
 publisher = {ACM},
 address = {New York, NY, USA},
 keywords = {active learning, formative assessment, learning analytics, personalized learning, prescriptive analytics},
}

@inproceedings{Bozeman:1990:ITS:98949.99135,
 author = {Bozeman, Kimberly D.},
 title = {Intelligent Tutoring Systems for Teaching Algebra: The Handling of Student Misconceptions},
 booktitle = {Proceedings of the 28th Annual Southeast Regional Conference},
 series = {ACM-SE 28},
 year = {1990},
 isbn = {0-89791-356-6},
 location = {Greenville, South Carolina},
 pages = {208--},
 url = {http://doi.acm.org/10.1145/98949.99135},
 doi = {10.1145/98949.99135},
 acmid = {99135},
 publisher = {ACM},
 address = {New York, NY, USA},
}

@article{Sorva:2013:NMI:2483710.2483713,
 author = {Sorva, Juha},
 title = {Notional Machines and Introductory Programming Education},
 journal = {Trans. Comput. Educ.},
 issue_date = {June 2013},
 volume = {13},
 number = {2},
 month = jul,
 year = {2013},
 issn = {1946-6226},
 pages = {8:1--8:31},
 articleno = {8},
 numpages = {31},
 url = {http://doi.acm.org/10.1145/2483710.2483713},
 doi = {10.1145/2483710.2483713},
 acmid = {2483713},
 publisher = {ACM},
 address = {New York, NY, USA},
 keywords = {CS1, Notional machine, constructivism, introductory programming education, literature review, mental models, misconceptions, phenomenography, threshold concepts},
}

@article{Holland:1997:AOM:268085.268132,
 author = {Holland, Simon and Griffiths, Robert and Woodman, Mark},
 title = {Avoiding Object Misconceptions},
 journal = {SIGCSE Bull.},
 issue_date = {March 1997},
 volume = {29},
 number = {1},
 month = mar,
 year = {1997},
 issn = {0097-8418},
 pages = {131--134},
 numpages = {4},
 url = {http://doi.acm.org/10.1145/268085.268132},
 doi = {10.1145/268085.268132},
 acmid = {268132},
 publisher = {ACM},
 address = {New York, NY, USA},
}

@inproceedings{Holland:1997:AOM:268084.268132,
 author = {Holland, Simon and Griffiths, Robert and Woodman, Mark},
 title = {Avoiding Object Misconceptions},
 booktitle = {Proceedings of the Twenty-eighth SIGCSE Technical Symposium on Computer Science Education},
 series = {SIGCSE '97},
 year = {1997},
 isbn = {0-89791-889-4},
 location = {San Jose, California, USA},
 pages = {131--134},
 numpages = {4},
 url = {http://doi.acm.org/10.1145/268084.268132},
 doi = {10.1145/268084.268132},
 acmid = {268132},
 publisher = {ACM},
 address = {New York, NY, USA},
}

@inproceedings{Kennedy:2018:TTE:3279720.3279728,
 author = {Kennedy, Cazembe and Kraemer, Eileen T.},
 title = {What Are They Thinking?: Eliciting Student Reasoning About Troublesome Concepts in Introductory Computer Science},
 booktitle = {Proceedings of the 18th Koli Calling International Conference on Computing Education Research},
 series = {Koli Calling '18},
 year = {2018},
 isbn = {978-1-4503-6535-2},
 location = {Koli, Finland},
 pages = {7:1--7:10},
 articleno = {7},
 numpages = {10},
 url = {http://doi.acm.org/10.1145/3279720.3279728},
 doi = {10.1145/3279720.3279728},
 acmid = {3279728},
 publisher = {ACM},
 address = {New York, NY, USA},
 keywords = {Computing education, false sharing, misconceptions, parameter passing, pedagogical content knowledge, student reasoning, variable shadowing},
}

@inproceedings{Caceffo:2019:IVJ:3304221.3319771,
 author = {Caceffo, Ricardo and Frank-Bolton, Pablo and Souza, Renan and Azevedo, Rodolfo},
 title = {Identifying and Validating Java Misconceptions Toward a CS1 Concept Inventory},
 booktitle = {Proceedings of the 2019 ACM Conference on Innovation and Technology in Computer Science Education},
 series = {ITiCSE '19},
 year = {2019},
 isbn = {978-1-4503-6301-3},
 location = {Aberdeen, Scotland Uk},
 pages = {23--29},
 numpages = {7},
 url = {http://doi.acm.org/10.1145/3304221.3319771},
 doi = {10.1145/3304221.3319771},
 acmid = {3319771},
 publisher = {ACM},
 address = {New York, NY, USA},
 keywords = {assessment, choice, concept, course, cs1, introductory, inventory, java, misconception, multiple, programming, question, student},
}

@inproceedings{Michalenko:2017:DTR:3051457.3053996,
 author = {Michalenko, Joshua J. and Lan, Andrew S. and Baraniuk, Richard G.},
 title = {Data-Mining Textual Responses to Uncover Misconception Patterns},
 booktitle = {Proceedings of the Fourth (2017) ACM Conference on Learning @ Scale},
 series = {L@S '17},
 year = {2017},
 isbn = {978-1-4503-4450-0},
 location = {Cambridge, Massachusetts, USA},
 pages = {245--248},
 numpages = {4},
 url = {http://doi.acm.org/10.1145/3051457.3053996},
 doi = {10.1145/3051457.3053996},
 acmid = {3053996},
 publisher = {ACM},
 address = {New York, NY, USA},
 keywords = {learning analytics, markov chain monte carlo, natural language processing},
}

@inproceedings{Grover:2017:MSL:3017680.3017723,
 author = {Grover, Shuchi and Basu, Satabdi},
 title = {Measuring Student Learning in Introductory Block-Based Programming: Examining Misconceptions of Loops, Variables, and Boolean Logic},
 booktitle = {Proceedings of the 2017 ACM SIGCSE Technical Symposium on Computer Science Education},
 series = {SIGCSE '17},
 year = {2017},
 isbn = {978-1-4503-4698-6},
 location = {Seattle, Washington, USA},
 pages = {267--272},
 numpages = {6},
 url = {http://doi.acm.org/10.1145/3017680.3017723},
 doi = {10.1145/3017680.3017723},
 acmid = {3017723},
 publisher = {ACM},
 address = {New York, NY, USA},
 keywords = {K-12 CS education, assessments, block based programming, boolean logic, introductory programming, loops, middle school CS, novice misconceptions, variables},
}

@inproceedings{Iding:2012:CCE:2481449.2481462,
 author = {Iding, Marie},
 title = {Conceptual Change and Epistemological Belief Framework for Web Site Credibility Instruction},
 booktitle = {Proceedings of the 7th Workshop in Primary and Secondary Computing Education},
 series = {WiPSCE '12},
 year = {2012},
 isbn = {978-1-4503-1787-0},
 location = {Hamburg, Germany},
 pages = {58--61},
 numpages = {4},
 url = {http://doi.acm.org/10.1145/2481449.2481462},
 doi = {10.1145/2481449.2481462},
 acmid = {2481462},
 publisher = {ACM},
 address = {New York, NY, USA},
 keywords = {beliefs, conceptualizations of computing, misconceptions, student engagement with technology, teaching approaches, teaching methods, teaching with educational technology},
}

@inproceedings{Taraghi:2016:BMS:2883851.2883895,
 author = {Taraghi, Behnam and Saranti, Anna and Legenstein, Robert and Ebner, Martin},
 title = {Bayesian Modelling of Student Misconceptions in the One-digit Multiplication with Probabilistic Programming},
 booktitle = {Proceedings of the Sixth International Conference on Learning Analytics \& Knowledge},
 series = {LAK '16},
 year = {2016},
 isbn = {978-1-4503-4190-5},
 location = {Edinburgh, United Kingdom},
 pages = {449--453},
 numpages = {5},
 url = {http://doi.acm.org/10.1145/2883851.2883895},
 doi = {10.1145/2883851.2883895},
 acmid = {2883895},
 publisher = {ACM},
 address = {New York, NY, USA},
 keywords = {Bayesian modelling, learning analytics, one-digit multiplication, probabilistic programming},
}

@article{McCracken:1999:MDD:384267.305847,
 author = {McCracken, Michael and Newstetter, Wendy and Chastine, Jeff},
 title = {Misconceptions of Designing: A Descriptive Study},
 journal = {SIGCSE Bull.},
 issue_date = {Sept. 1999},
 volume = {31},
 number = {3},
 month = jun,
 year = {1999},
 issn = {0097-8418},
 pages = {48--51},
 numpages = {4},
 url = {http://doi.acm.org/10.1145/384267.305847},
 doi = {10.1145/384267.305847},
 acmid = {305847},
 publisher = {ACM},
 address = {New York, NY, USA},
 keywords = {design, design cognition, design education},
}

@inproceedings{McCracken:1999:MDD:305786.305847,
 author = {McCracken, Michael and Newstetter, Wendy and Chastine, Jeff},
 title = {Misconceptions of Designing: A Descriptive Study},
 booktitle = {Proceedings of the 4th Annual SIGCSE/SIGCUE ITiCSE Conference on Innovation and Technology in Computer Science Education},
 series = {ITiCSE '99},
 year = {1999},
 isbn = {1-58113-087-2},
 location = {Cracow, Poland},
 pages = {48--51},
 numpages = {4},
 url = {http://doi.acm.org/10.1145/305786.305847},
 doi = {10.1145/305786.305847},
 acmid = {305847},
 publisher = {ACM},
 address = {New York, NY, USA},
 keywords = {design, design cognition, design education},
}

@inproceedings{Ahmad:2007:TAC:1255175.1255268,
 author = {Ahmad, Faisal and de la Chica, Sebastian and Butcher, Kirsten and Sumner, Tamara and Martin, James H.},
 title = {Towards Automatic Conceptual Personalization Tools},
 booktitle = {Proceedings of the 7th ACM/IEEE-CS Joint Conference on Digital Libraries},
 series = {JCDL '07},
 year = {2007},
 isbn = {978-1-59593-644-8},
 location = {Vancouver, BC, Canada},
 pages = {452--461},
 numpages = {10},
 url = {http://doi.acm.org/10.1145/1255175.1255268},
 doi = {10.1145/1255175.1255268},
 acmid = {1255268},
 publisher = {ACM},
 address = {New York, NY, USA},
 keywords = {competency models, digital libraries, instructional plans, knowledge maps, personalization, student misconceptions},
}

@inproceedings{White:2001:MCE:374678.374739,
 author = {White, Garry},
 title = {Misconceptions in CIS Education},
 booktitle = {Proceedings of the Twelfth Annual CCSC South Central Conference on The Journal of Computing in Small Colleges},
 year = {2001},
 location = {Amarillo College, Amarillo, Texas, USA},
 pages = {149--152},
 numpages = {4},
 url = {http://dl.acm.org/citation.cfm?id=374678.374739},
 acmid = {374739},
 publisher = {Consortium for Computing Sciences in Colleges},
 address = {USA},
}

@article{White:2001:MCE:374685.374739,
 author = {White, Garry},
 title = {Misconceptions in CIS Education},
 journal = {J. Comput. Sci. Coll.},
 issue_date = {March 2001},
 volume = {16},
 number = {3},
 month = mar,
 year = {2001},
 issn = {1937-4771},
 pages = {149--152},
 numpages = {4},
 url = {http://dl.acm.org/citation.cfm?id=374685.374739},
 acmid = {374739},
 publisher = {Consortium for Computing Sciences in Colleges},
 address = {USA},
}

@inproceedings{White:2001:MCE:374824.374739,
 author = {White, Garry},
 title = {Misconceptions in CIS Education},
 booktitle = {Proceedings of the Seventh Annual Consortium for Computing in Small Colleges Central Plains Conference on The Journal of Computing in Small Colleges},
 year = {2001},
 location = {Branson, Missouri, USA},
 pages = {149--152},
 numpages = {4},
 url = {http://dl.acm.org/citation.cfm?id=374824.374739},
 acmid = {374739},
 publisher = {Consortium for Computing Sciences in Colleges},
 address = {USA},
}

@article{Gualtieri:2011:IDH:1925037.1926179,
 author = {Gualtieri, Lisa},
 title = {An Interview with Dr. Henry Jenkins},
 journal = {eLearn},
 issue_date = {January 2011},
 volume = {2011},
 number = {1},
 month = jan,
 year = {2011},
 issn = {1535-394X},
 articleno = {5},
 url = {http://doi.acm.org/10.1145/1925037.1926179},
 doi = {10.1145/1925037.1926179},
 acmid = {1926179},
 publisher = {ACM},
 address = {New York, NY, USA},
}

@inproceedings{Shmallo:2012:FOE:2325296.2325368,
 author = {Shmallo, Ronit and Ragonis, Noa and Ginat, David},
 title = {Fuzzy OOP: Expanded and Reduced Term Interpretations},
 booktitle = {Proceedings of the 17th ACM Annual Conference on Innovation and Technology in Computer Science Education},
 series = {ITiCSE '12},
 year = {2012},
 isbn = {978-1-4503-1246-2},
 location = {Haifa, Israel},
 pages = {309--314},
 numpages = {6},
 url = {http://doi.acm.org/10.1145/2325296.2325368},
 doi = {10.1145/2325296.2325368},
 acmid = {2325368},
 publisher = {ACM},
 address = {New York, NY, USA},
 keywords = {computer science education, expansion, object-oriented programming, reduction},
}

@article{Gotschi:2003:MMR:792548.612004,
 author = {G\"{o}tschi, Tina and Sanders, Ian and Galpin, Vashti},
 title = {Mental Models of Recursion},
 journal = {SIGCSE Bull.},
 issue_date = {January 2003},
 volume = {35},
 number = {1},
 month = jan,
 year = {2003},
 issn = {0097-8418},
 pages = {346--350},
 numpages = {5},
 url = {http://doi.acm.org/10.1145/792548.612004},
 doi = {10.1145/792548.612004},
 acmid = {612004},
 publisher = {ACM},
 address = {New York, NY, USA},
 keywords = {constructivism, learning, mental models, pedagogy, programming, recursion},
}

@inproceedings{Gotschi:2003:MMR:611892.612004,
 author = {G\"{o}tschi, Tina and Sanders, Ian and Galpin, Vashti},
 title = {Mental Models of Recursion},
 booktitle = {Proceedings of the 34th SIGCSE Technical Symposium on Computer Science Education},
 series = {SIGCSE '03},
 year = {2003},
 isbn = {1-58113-648-X},
 location = {Reno, Navada, USA},
 pages = {346--350},
 numpages = {5},
 url = {http://doi.acm.org/10.1145/611892.612004},
 doi = {10.1145/611892.612004},
 acmid = {612004},
 publisher = {ACM},
 address = {New York, NY, USA},
 keywords = {constructivism, learning, mental models, pedagogy, programming, recursion},
}

@article{Macek:2013:SMO:2429653.2429654,
 author = {Macek, Jo},
 title = {7 Student Myths of the Online Classroom},
 journal = {eLearn},
 issue_date = {01-01-2013},
 volume = {2013},
 number = {1},
 month = jan,
 year = {2013},
 issn = {1535-394X},
 articleno = {1},
 url = {http://doi.acm.org/10.1145/2429653.2429654},
 doi = {10.1145/2429653.2429654},
 acmid = {2429654},
 publisher = {ACM},
 address = {New York, NY, USA},
}

@inproceedings{Strautmane:2014:IFA:2659532.2659621,
 author = {Strautmane, Maija},
 title = {Increasing the Flexibility of Automated Concept Map Based Knowledge Assessment},
 booktitle = {Proceedings of the 15th International Conference on Computer Systems and Technologies},
 series = {CompSysTech '14},
 year = {2014},
 isbn = {978-1-4503-2753-4},
 location = {Ruse, Bulgaria},
 pages = {349--356},
 numpages = {8},
 url = {http://doi.acm.org/10.1145/2659532.2659621},
 doi = {10.1145/2659532.2659621},
 acmid = {2659621},
 publisher = {ACM},
 address = {New York, NY, USA},
 keywords = {concept map, knowledge assessment, knowledge representation, linking phrases},
}

@inproceedings{Pamplona:2018:ACK:3279996.3280005,
 author = {Pamplona, Sonia and Seoane, Isaac and Bravo-Agapito, Javier},
 title = {Assessing Conceptual Knowledge in Three Online Engineering Courses: Theory of Computation and Compiler Construction, Operating Systems, and Signal and Systems},
 booktitle = {Proceedings of the First International Conference on Data Science, E-learning and Information Systems},
 series = {DATA '18},
 year = {2018},
 isbn = {978-1-4503-6536-9},
 location = {Madrid, Spain},
 pages = {9:1--9:6},
 articleno = {9},
 numpages = {6},
 url = {http://doi.acm.org/10.1145/3279996.3280005},
 doi = {10.1145/3279996.3280005},
 acmid = {3280005},
 publisher = {ACM},
 address = {New York, NY, USA},
 keywords = {conceptual knowledge, engineering education, learning assessment, online learning, operating systems, signal and systems, theory of computation and compiler construction},
}

@article{Sands:2008:WPK:1352627.1352637,
 author = {Sands, Mike and Moukhine, Nick and Blank, Glenn},
 title = {Widening the Pipeline of K-12 Students with Flash},
 journal = {J. Comput. Sci. Coll.},
 issue_date = {May 2008},
 volume = {23},
 number = {5},
 month = may,
 year = {2008},
 issn = {1937-4771},
 pages = {52--57},
 numpages = {6},
 url = {http://dl.acm.org/citation.cfm?id=1352627.1352637},
 acmid = {1352637},
 publisher = {Consortium for Computing Sciences in Colleges},
 address = {USA},
}

@inproceedings{Proctor:2002:ICV:820060.820077,
 author = {Proctor, Romina M. J. and Baturo, Annette R. and Cooper, Tom J.},
 title = {Integrating Concrete and Virtual Materials in an Elementary Mathematics Classroom: A Case Study of Success with Fractions},
 booktitle = {Proceedings of the Seventh World Conference on Computers in Education Conference on Computers in Education: Australian Topics - Volume 8},
 series = {CRPIT '02},
 year = {2002},
 isbn = {0-909925-86-0},
 location = {Copenhagen, Denmark},
 pages = {87--92},
 numpages = {6},
 url = {http://dl.acm.org/citation.cfm?id=820060.820077},
 acmid = {820077},
 publisher = {Australian Computer Society, Inc.},
 address = {Darlinghurst, Australia, Australia},
}

@inproceedings{Cottam:2012:RTD:2157136.2157382,
 author = {Cottam, Joseph A. and Menzel, Suzanne},
 title = {Recursive Thinkers and Doers in CS1 (Abstract Only)},
 booktitle = {Proceedings of the 43rd ACM Technical Symposium on Computer Science Education},
 series = {SIGCSE '12},
 year = {2012},
 isbn = {978-1-4503-1098-7},
 location = {Raleigh, North Carolina, USA},
 pages = {669--669},
 numpages = {1},
 url = {http://doi.acm.org/10.1145/2157136.2157382},
 doi = {10.1145/2157136.2157382},
 acmid = {2157382},
 publisher = {ACM},
 address = {New York, NY, USA},
 keywords = {CS1/2, concept inventory, programming aptitude, recursion},
}

@article{Hanks:2009:SUP:1539024.1508876,
 author = {Hanks, Brian and Brandt, Matt},
 title = {Successful and Unsuccessful Problem Solving Approaches of Novice Programmers},
 journal = {SIGCSE Bull.},
 issue_date = {March 2009},
 volume = {41},
 number = {1},
 month = mar,
 year = {2009},
 issn = {0097-8418},
 pages = {24--28},
 numpages = {5},
 url = {http://doi.acm.org/10.1145/1539024.1508876},
 doi = {10.1145/1539024.1508876},
 acmid = {1508876},
 publisher = {ACM},
 address = {New York, NY, USA},
 keywords = {distributed pair programming, introductory programming, java, novice, pair programming, problem solving approaches},
}

@inproceedings{Hanks:2009:SUP:1508865.1508876,
 author = {Hanks, Brian and Brandt, Matt},
 title = {Successful and Unsuccessful Problem Solving Approaches of Novice Programmers},
 booktitle = {Proceedings of the 40th ACM Technical Symposium on Computer Science Education},
 series = {SIGCSE '09},
 year = {2009},
 isbn = {978-1-60558-183-5},
 location = {Chattanooga, TN, USA},
 pages = {24--28},
 numpages = {5},
 url = {http://doi.acm.org/10.1145/1508865.1508876},
 doi = {10.1145/1508865.1508876},
 acmid = {1508876},
 publisher = {ACM},
 address = {New York, NY, USA},
 keywords = {distributed pair programming, introductory programming, java, novice, pair programming, problem solving approaches},
}

@inproceedings{Fisler:2017:ATS:3017680.3017777,
 author = {Fisler, Kathi and Krishnamurthi, Shriram and Tunnell Wilson, Preston},
 title = {Assessing and Teaching Scope, Mutation, and Aliasing in Upper-Level Undergraduates},
 booktitle = {Proceedings of the 2017 ACM SIGCSE Technical Symposium on Computer Science Education},
 series = {SIGCSE '17},
 year = {2017},
 isbn = {978-1-4503-4698-6},
 location = {Seattle, Washington, USA},
 pages = {213--218},
 numpages = {6},
 url = {http://doi.acm.org/10.1145/3017680.3017777},
 doi = {10.1145/3017680.3017777},
 acmid = {3017777},
 publisher = {ACM},
 address = {New York, NY, USA},
 keywords = {concept inventories, mutation, notional machines, programming, scope},
}

@inproceedings{Guzdial:2014:PTD:2670757.2676866,
 author = {Guzdial, Mark},
 title = {Preparing Teachers is Different Than Preparing Software Developers: [WiPSCE'14 Keynote]},
 booktitle = {Proceedings of the 9th Workshop in Primary and Secondary Computing Education},
 series = {WiPSCE '14},
 year = {2014},
 isbn = {978-1-4503-3250-7},
 location = {Berlin, Germany},
 pages = {1--1},
 numpages = {1},
 url = {http://doi.acm.org/10.1145/2670757.2676866},
 doi = {10.1145/2670757.2676866},
 acmid = {2676866},
 publisher = {ACM},
 address = {New York, NY, USA},
 keywords = {computing education, teacher professional development, teacher professional learning},
}

@inproceedings{Ioannou:2013:TCS:2532748.2532755,
 author = {Ioannou, Ioannis and Angeli, Charoula},
 title = {Teaching Computer Science in Secondary Education: A Technological Pedagogical Content Knowledge Perspective},
 booktitle = {Proceedings of the 8th Workshop in Primary and Secondary Computing Education},
 series = {WiPSE '13},
 year = {2013},
 isbn = {978-1-4503-2455-7},
 location = {Aarhus, Denmark},
 pages = {1--7},
 numpages = {7},
 url = {http://doi.acm.org/10.1145/2532748.2532755},
 doi = {10.1145/2532748.2532755},
 acmid = {2532755},
 publisher = {ACM},
 address = {New York, NY, USA},
 keywords = {computer science teaching, pedagogical content knowledge, secondary education, technological pedagogical content knowledge, technology mapping},
}

@article{Goldweber:2015:ICR:2831373.2831374,
 author = {Goldweber, Michael},
 title = {Improving Course Relevance: Incorporating the Social Value of Computing into Your Courses},
 journal = {J. Comput. Sci. Coll.},
 issue_date = {October 2015},
 volume = {31},
 number = {1},
 month = oct,
 year = {2015},
 issn = {1937-4771},
 pages = {5--6},
 numpages = {2},
 url = {http://dl.acm.org/citation.cfm?id=2831373.2831374},
 acmid = {2831374},
 publisher = {Consortium for Computing Sciences in Colleges},
 address = {USA},
}

@inproceedings{Hakulinen:2014:QCP:2591708.2591761,
 author = {Hakulinen, Lasse and Malmi, Lauri},
 title = {QR Code Programming Tasks with Automated Assessment},
 booktitle = {Proceedings of the 2014 Conference on Innovation \&\#38; Technology in Computer Science Education},
 series = {ITiCSE '14},
 year = {2014},
 isbn = {978-1-4503-2833-3},
 location = {Uppsala, Sweden},
 pages = {177--182},
 numpages = {6},
 url = {http://doi.acm.org/10.1145/2591708.2591761},
 doi = {10.1145/2591708.2591761},
 acmid = {2591761},
 publisher = {ACM},
 address = {New York, NY, USA},
 keywords = {automated assessment, programming task, qr code},
}

@inproceedings{Rubinstein:2019:IFP:3304221.3325552,
 author = {Rubinstein, Amir and Parzanchevski, Noam and Tamarov, Yossi},
 title = {In-Depth Feedback on Programming Assignments Using Pattern Recognition and Real-Time Hints},
 booktitle = {Proceedings of the 2019 ACM Conference on Innovation and Technology in Computer Science Education},
 series = {ITiCSE '19},
 year = {2019},
 isbn = {978-1-4503-6301-3},
 location = {Aberdeen, Scotland Uk},
 pages = {243--244},
 numpages = {2},
 url = {http://doi.acm.org/10.1145/3304221.3325552},
 doi = {10.1145/3304221.3325552},
 acmid = {3325552},
 publisher = {ACM},
 address = {New York, NY, USA},
 keywords = {automated grading, clustering, feedback, pattern recognition},
}

@article{Xing:2015:MBP:2752981.2752989,
 author = {Xing, Cong-Cong},
 title = {How Can Memory Bits and Power Sets Benefit Each Other?: Nifty Assignment},
 journal = {J. Comput. Sci. Coll.},
 issue_date = {May 2015},
 volume = {30},
 number = {5},
 month = may,
 year = {2015},
 issn = {1937-4771},
 pages = {32--33},
 numpages = {2},
 url = {http://dl.acm.org/citation.cfm?id=2752981.2752989},
 acmid = {2752989},
 publisher = {Consortium for Computing Sciences in Colleges},
 address = {USA},
}

@inproceedings{Ettles:2018:CLE:3160489.3160493,
 author = {Ettles, Andrew and Luxton-Reilly, Andrew and Denny, Paul},
 title = {Common Logic Errors Made by Novice Programmers},
 booktitle = {Proceedings of the 20th Australasian Computing Education Conference},
 series = {ACE '18},
 year = {2018},
 isbn = {978-1-4503-6340-2},
 location = {Brisbane, Queensland, Australia},
 pages = {83--89},
 numpages = {7},
 url = {http://doi.acm.org/10.1145/3160489.3160493},
 doi = {10.1145/3160489.3160493},
 acmid = {3160493},
 publisher = {ACM},
 address = {New York, NY, USA},
 keywords = {CS1, logic errors, novice programmers},
}

@inproceedings{Boyer:2010:PAE:1734263.1734417,
 author = {Boyer, Kristy Elizabeth and Lahti, William and Phillips, Robert and Wallis, Michael D. and Vouk, Mladen A. and Lester, James C.},
 title = {Principles of Asking Effective Questions During Student Problem Solving},
 booktitle = {Proceedings of the 41st ACM Technical Symposium on Computer Science Education},
 series = {SIGCSE '10},
 year = {2010},
 isbn = {978-1-4503-0006-3},
 location = {Milwaukee, Wisconsin, USA},
 pages = {460--464},
 numpages = {5},
 url = {http://doi.acm.org/10.1145/1734263.1734417},
 doi = {10.1145/1734263.1734417},
 acmid = {1734417},
 publisher = {ACM},
 address = {New York, NY, USA},
 keywords = {computer science education research, instructional discourse, question asking, tutoring},
}

@inproceedings{Touretzky:2017:SRY:3017680.3017787,
 author = {Touretzky, David S. and Gardner-McCune, Christina and Aggarwal, Ashish},
 title = {Semantic Reasoning in Young Programmers},
 booktitle = {Proceedings of the 2017 ACM SIGCSE Technical Symposium on Computer Science Education},
 series = {SIGCSE '17},
 year = {2017},
 isbn = {978-1-4503-4698-6},
 location = {Seattle, Washington, USA},
 pages = {585--590},
 numpages = {6},
 url = {http://doi.acm.org/10.1145/3017680.3017787},
 doi = {10.1145/3017680.3017787},
 acmid = {3017787},
 publisher = {ACM},
 address = {New York, NY, USA},
 keywords = {formal reasoning, kodu game lab, programming idioms},
}

@inproceedings{Saarinen:2019:HWC:3287324.3287504,
 author = {Saarinen, Sam and Krishnamurthi, Shriram and Fisler, Kathi and Tunnell Wilson, Preston},
 title = {Harnessing the Wisdom of the Classes: Classsourcing and Machine Learning for Assessment Instrument Generation},
 booktitle = {Proceedings of the 50th ACM Technical Symposium on Computer Science Education},
 series = {SIGCSE '19},
 year = {2019},
 isbn = {978-1-4503-5890-3},
 location = {Minneapolis, MN, USA},
 pages = {606--612},
 numpages = {7},
 url = {http://doi.acm.org/10.1145/3287324.3287504},
 doi = {10.1145/3287324.3287504},
 acmid = {3287504},
 publisher = {ACM},
 address = {New York, NY, USA},
 keywords = {contributing student pedagogy, instrument development, learning analytics},
}

@inproceedings{deCarvalho:2008:LAH:1363686.1364006,
 author = {de Carvalho, Aparecido Fabiano Pinatti and Anacleto, Junia Coutinho and Zem-Mascarenhas, Silvia Helena},
 title = {Learning Activities on Health Care Supported by Common Sense Knowledge},
 booktitle = {Proceedings of the 2008 ACM Symposium on Applied Computing},
 series = {SAC '08},
 year = {2008},
 isbn = {978-1-59593-753-7},
 location = {Fortaleza, Ceara, Brazil},
 pages = {1385--1389},
 numpages = {5},
 url = {http://doi.acm.org/10.1145/1363686.1364006},
 doi = {10.1145/1363686.1364006},
 acmid = {1364006},
 publisher = {ACM},
 address = {New York, NY, USA},
 keywords = {common sense, health care, learning activities, planning},
}

@inproceedings{DesPortes:2016:LCP:2960310.2960349,
 author = {DesPortes, Kayla},
 title = {Learning and Collaboration in Physical Computing},
 booktitle = {Proceedings of the 2016 ACM Conference on International Computing Education Research},
 series = {ICER '16},
 year = {2016},
 isbn = {978-1-4503-4449-4},
 location = {Melbourne, VIC, Australia},
 pages = {283--284},
 numpages = {2},
 url = {http://doi.acm.org/10.1145/2960310.2960349},
 doi = {10.1145/2960310.2960349},
 acmid = {2960349},
 publisher = {ACM},
 address = {New York, NY, USA},
 keywords = {cognitive load theory, distributed cognition, physical computing},
}

@inproceedings{Smith:2019:AVE:3304221.3319741,
 author = {Smith, Rebecca and Tang, Terry and Warren, Joe and Rixner, Scott},
 title = {Auto-Generating Visual Exercises for Learning Program Semantics},
 booktitle = {Proceedings of the 2019 ACM Conference on Innovation and Technology in Computer Science Education},
 series = {ITiCSE '19},
 year = {2019},
 isbn = {978-1-4503-6301-3},
 location = {Aberdeen, Scotland Uk},
 pages = {360--366},
 numpages = {7},
 url = {http://doi.acm.org/10.1145/3304221.3319741},
 doi = {10.1145/3304221.3319741},
 acmid = {3319741},
 publisher = {ACM},
 address = {New York, NY, USA},
 keywords = {education, program mutation, program semantics},
}

@article{Kolikant:2008:CEC:1597849.1384349,
 author = {Kolikant, YifatBen-David},
 title = {Computer-science Education As a Cultural Encounter: A Socio-cultural Framework for Articulating Learning Difficulties},
 journal = {SIGCSE Bull.},
 issue_date = {September 2008},
 volume = {40},
 number = {3},
 month = jun,
 year = {2008},
 issn = {0097-8418},
 pages = {291--295},
 numpages = {5},
 url = {http://doi.acm.org/10.1145/1597849.1384349},
 doi = {10.1145/1597849.1384349},
 acmid = {1384349},
 publisher = {ACM},
 address = {New York, NY, USA},
 keywords = {correctness, learning difficulties, sociocultural theories},
}

@inproceedings{Kolikant:2008:CEC:1384271.1384349,
 author = {Kolikant, YifatBen-David},
 title = {Computer-science Education As a Cultural Encounter: A Socio-cultural Framework for Articulating Learning Difficulties},
 booktitle = {Proceedings of the 13th Annual Conference on Innovation and Technology in Computer Science Education},
 series = {ITiCSE '08},
 year = {2008},
 isbn = {978-1-60558-078-4},
 location = {Madrid, Spain},
 pages = {291--295},
 numpages = {5},
 url = {http://doi.acm.org/10.1145/1384271.1384349},
 doi = {10.1145/1384271.1384349},
 acmid = {1384349},
 publisher = {ACM},
 address = {New York, NY, USA},
 keywords = {correctness, learning difficulties, sociocultural theories},
}

@inproceedings{Tafliovich:2015:EST:2676723.2677223,
 author = {Tafliovich, Anya and Petersen, Andrew and Campbell, Jennifer},
 title = {On the Evaluation of Student Team Software Development Projects},
 booktitle = {Proceedings of the 46th ACM Technical Symposium on Computer Science Education},
 series = {SIGCSE '15},
 year = {2015},
 isbn = {978-1-4503-2966-8},
 location = {Kansas City, Missouri, USA},
 pages = {494--499},
 numpages = {6},
 url = {http://doi.acm.org/10.1145/2676723.2677223},
 doi = {10.1145/2676723.2677223},
 acmid = {2677223},
 publisher = {ACM},
 address = {New York, NY, USA},
 keywords = {evaluation, motivating students, student teamwork, students' perspective, undergraduate software development project},
}

@inproceedings{Manzo:2019:UCS:3287324.3293838,
 author = {Manzo, Katelyn and Doore, Stacy A. and Harmon, Sarah},
 title = {Undergraduate Computer Science Student Perceptions of Their Own Field},
 booktitle = {Proceedings of the 50th ACM Technical Symposium on Computer Science Education},
 series = {SIGCSE '19},
 year = {2019},
 isbn = {978-1-4503-5890-3},
 location = {Minneapolis, MN, USA},
 pages = {1258--1258},
 numpages = {1},
 url = {http://doi.acm.org/10.1145/3287324.3293838},
 doi = {10.1145/3287324.3293838},
 acmid = {3293838},
 publisher = {ACM},
 address = {New York, NY, USA},
 keywords = {broadening participation, perceptions of computer science, undergraduate students},
}

@inproceedings{Touretzky:2016:TLK:2839509.2844652,
 author = {Touretzky, David S. and Gardner-McCune, Christina and Aggarwal, Ashish},
 title = {Teaching "Lawfulness" With Kodu},
 booktitle = {Proceedings of the 47th ACM Technical Symposium on Computing Science Education},
 series = {SIGCSE '16},
 year = {2016},
 isbn = {978-1-4503-3685-7},
 location = {Memphis, Tennessee, USA},
 pages = {621--626},
 numpages = {6},
 url = {http://doi.acm.org/10.1145/2839509.2844652},
 doi = {10.1145/2839509.2844652},
 acmid = {2844652},
 publisher = {ACM},
 address = {New York, NY, USA},
 keywords = {formal reasoning, kodu game lab, programming idioms},
}

@inproceedings{Adams:2011:CFE:1953163.1953279,
 author = {Adams, Joel and Baas, Brent and Buchele, Suzanne F.},
 title = {CS Fulbright Experiences Abroad},
 booktitle = {Proceedings of the 42Nd ACM Technical Symposium on Computer Science Education},
 series = {SIGCSE '11},
 year = {2011},
 isbn = {978-1-4503-0500-6},
 location = {Dallas, TX, USA},
 pages = {395--396},
 numpages = {2},
 url = {http://doi.acm.org/10.1145/1953163.1953279},
 doi = {10.1145/1953163.1953279},
 acmid = {1953279},
 publisher = {ACM},
 address = {New York, NY, USA},
 keywords = {Africa, Fulbright, academic exchange, developing countries, exchange programs, intercultural learning, teaching abroad},
}

@inproceedings{Newman:1988:SGS:62266.62290,
 author = {Newman, Denis},
 title = {Sixth Graders and Shared Data: Designing a LAN Environment to Support Collaborative Work},
 booktitle = {Proceedings of the 1988 ACM Conference on Computer-supported Cooperative Work},
 series = {CSCW '88},
 year = {1988},
 isbn = {0-89791-282-9},
 location = {Portland, Oregon, USA},
 pages = {291--305},
 numpages = {15},
 url = {http://doi.acm.org/10.1145/62266.62290},
 doi = {10.1145/62266.62290},
 acmid = {62290},
 publisher = {ACM},
 address = {New York, NY, USA},
}

@inproceedings{Wilson:1981:ICL:800037.800999,
 author = {Wilson, J. D. and Trenary, R. G.},
 title = {An Investigation of Computer Literacy As a Function of Attitude},
 booktitle = {Proceedings of the Twelfth SIGCSE Technical Symposium on Computer Science Education},
 series = {SIGCSE '81},
 year = {1981},
 isbn = {0-89791-036-2},
 location = {St. Louis, Missouri, USA},
 pages = {262--},
 url = {http://doi.acm.org/10.1145/800037.800999},
 doi = {10.1145/800037.800999},
 acmid = {800999},
 publisher = {ACM},
 address = {New York, NY, USA},
}

@article{Wilson:1981:ICL:953049.800999,
 author = {Wilson, J. D. and Trenary, R. G.},
 title = {An Investigation of Computer Literacy As a Function of Attitude},
 journal = {SIGCSE Bull.},
 issue_date = {February 1981},
 volume = {13},
 number = {1},
 month = feb,
 year = {1981},
 issn = {0097-8418},
 pages = {262--},
 url = {http://doi.acm.org/10.1145/953049.800999},
 doi = {10.1145/953049.800999},
 acmid = {800999},
 publisher = {ACM},
 address = {New York, NY, USA},
}

@inproceedings{Wittie:2018:RET:3159450.3162210,
 author = {Wittie, Lea and Kurdia, Anastasia and Huggard, Meriel},
 title = {Recruiting Experts: Toward a Concept Inventory for Computer Science 2 (Abstract Only)},
 booktitle = {Proceedings of the 49th ACM Technical Symposium on Computer Science Education},
 series = {SIGCSE '18},
 year = {2018},
 isbn = {978-1-4503-5103-4},
 location = {Baltimore, Maryland, USA},
 pages = {1104--1104},
 numpages = {1},
 url = {http://doi.acm.org/10.1145/3159450.3162210},
 doi = {10.1145/3159450.3162210},
 acmid = {3162210},
 publisher = {ACM},
 address = {New York, NY, USA},
 keywords = {assessment, concept inventory, cs2, data structures, delphi method},
}

@inproceedings{Muhling:2012:TSL:2401796.2401818,
 author = {M\"{u}hling, Andreas and Hubwieser, Peter},
 title = {Towards Software-supported Large Scale Assessment of Knowledge Development},
 booktitle = {Proceedings of the 12th Koli Calling International Conference on Computing Education Research},
 series = {Koli Calling '12},
 year = {2012},
 isbn = {978-1-4503-1795-5},
 location = {Koli, Finland},
 pages = {145--146},
 numpages = {2},
 url = {http://doi.acm.org/10.1145/2401796.2401818},
 doi = {10.1145/2401796.2401818},
 acmid = {2401818},
 publisher = {ACM},
 address = {New York, NY, USA},
 keywords = {AIED, automated assessment, concept maps, educational data-mining, large-scale assessment, online survey},
}

@inproceedings{O'Hara:2017:LLT:3059009.3059018,
 author = {O'Hara, Keith J. and Burke, Kathleen and Ruggiero, Diana and Anderson, Sven},
 title = {Linking Language \&\#38; Thinking with Code: Computing Within a Writing-Intensive Introduction to the Liberal Arts},
 booktitle = {Proceedings of the 2017 ACM Conference on Innovation and Technology in Computer Science Education},
 series = {ITiCSE '17},
 year = {2017},
 isbn = {978-1-4503-4704-4},
 location = {Bologna, Italy},
 pages = {269--274},
 numpages = {6},
 url = {http://doi.acm.org/10.1145/3059009.3059018},
 doi = {10.1145/3059009.3059018},
 acmid = {3059018},
 publisher = {ACM},
 address = {New York, NY, USA},
 keywords = {attitudes, computing in liberal arts, computing unplugged},
}

@inproceedings{Ericson:2015:AIF:2787622.2787731,
 author = {Ericson, Barbara J. and Guzdial, Mark J. and Morrison, Briana B.},
 title = {Analysis of Interactive Features Designed to Enhance Learning in an Ebook},
 booktitle = {Proceedings of the Eleventh Annual International Conference on International Computing Education Research},
 series = {ICER '15},
 year = {2015},
 isbn = {978-1-4503-3630-7},
 location = {Omaha, Nebraska, USA},
 pages = {169--178},
 numpages = {10},
 url = {http://doi.acm.org/10.1145/2787622.2787731},
 doi = {10.1145/2787622.2787731},
 acmid = {2787731},
 publisher = {ACM},
 address = {New York, NY, USA},
 keywords = {ebook, educational data mining, electronic book, learning analytics, parsons problem},
}

@inproceedings{Kumar:2013:MRT:2445196.2445352,
 author = {Kumar, Amruth N.},
 title = {A Mid-career Review of Teaching Computer Science I},
 booktitle = {Proceeding of the 44th ACM Technical Symposium on Computer Science Education},
 series = {SIGCSE '13},
 year = {2013},
 isbn = {978-1-4503-1868-6},
 location = {Denver, Colorado, USA},
 pages = {531--536},
 numpages = {6},
 url = {http://doi.acm.org/10.1145/2445196.2445352},
 doi = {10.1145/2445196.2445352},
 acmid = {2445352},
 publisher = {ACM},
 address = {New York, NY, USA},
 keywords = {assessment, computer science I, pedagogy, problem-solving, professional practices, program design},
}

@article{Hartness:2011:WCP:1961574.1961629,
 author = {Hartness, Ken T. N.},
 title = {Working to Change Perceptions},
 journal = {J. Comput. Sci. Coll.},
 issue_date = {May 2011},
 volume = {26},
 number = {5},
 month = may,
 year = {2011},
 issn = {1937-4771},
 pages = {259--267},
 numpages = {9},
 url = {http://dl.acm.org/citation.cfm?id=1961574.1961629},
 acmid = {1961629},
 publisher = {Consortium for Computing Sciences in Colleges},
 address = {USA},
}

@article{Porter:2013:PIC:2460156.2460160,
 author = {Porter, Leo and Zingaro, Daniel},
 title = {Peer Instruction in CS: Research and Experience},
 journal = {J. Comput. Sci. Coll.},
 issue_date = {June 2013},
 volume = {28},
 number = {6},
 month = jun,
 year = {2013},
 issn = {1937-4771},
 pages = {11--13},
 numpages = {3},
 url = {http://dl.acm.org/citation.cfm?id=2460156.2460160},
 acmid = {2460160},
 publisher = {Consortium for Computing Sciences in Colleges},
 address = {USA},
}

@inproceedings{Zingaro:2013:FCP:2445196.2445369,
 author = {Zingaro, Daniel and Cherenkova, Yuliya and Karpova, Olessia and Petersen, Andrew},
 title = {Facilitating Code-writing in PI Classes},
 booktitle = {Proceeding of the 44th ACM Technical Symposium on Computer Science Education},
 series = {SIGCSE '13},
 year = {2013},
 isbn = {978-1-4503-1868-6},
 location = {Denver, Colorado, USA},
 pages = {585--590},
 numpages = {6},
 url = {http://doi.acm.org/10.1145/2445196.2445369},
 doi = {10.1145/2445196.2445369},
 acmid = {2445369},
 publisher = {ACM},
 address = {New York, NY, USA},
 keywords = {CS1, active learning, pair programming, peer investigation},
}

@article{Doerschuk:2007:PSC:1269900.1268789,
 author = {Doerschuk, Peggy and Liu, Jiangjiang and Mann, Judith},
 title = {Pilot Summer Camps in Computing for Middle School Girls: From Organization Through Assessment},
 journal = {SIGCSE Bull.},
 issue_date = {September 2007},
 volume = {39},
 number = {3},
 month = jun,
 year = {2007},
 issn = {0097-8418},
 pages = {4--8},
 numpages = {5},
 url = {http://doi.acm.org/10.1145/1269900.1268789},
 doi = {10.1145/1269900.1268789},
 acmid = {1268789},
 publisher = {ACM},
 address = {New York, NY, USA},
 keywords = {broadening participation in computing, computer camp for girls, gender issues, women in computing},
}

@inproceedings{Doerschuk:2007:PSC:1268784.1268789,
 author = {Doerschuk, Peggy and Liu, Jiangjiang and Mann, Judith},
 title = {Pilot Summer Camps in Computing for Middle School Girls: From Organization Through Assessment},
 booktitle = {Proceedings of the 12th Annual SIGCSE Conference on Innovation and Technology in Computer Science Education},
 series = {ITiCSE '07},
 year = {2007},
 isbn = {978-1-59593-610-3},
 location = {Dundee, Scotland},
 pages = {4--8},
 numpages = {5},
 url = {http://doi.acm.org/10.1145/1268784.1268789},
 doi = {10.1145/1268784.1268789},
 acmid = {1268789},
 publisher = {ACM},
 address = {New York, NY, USA},
 keywords = {broadening participation in computing, computer camp for girls, gender issues, women in computing},
}

@inproceedings{Eranki:2016:PST:2978192.2978215,
 author = {Eranki, Kiran L.N and Moudgalya, Kannan M.},
 title = {Program Slicing Technique: A Novel Approach to Improve Programming Skills in Novice Learners},
 booktitle = {Proceedings of the 17th Annual Conference on Information Technology Education},
 series = {SIGITE '16},
 year = {2016},
 isbn = {978-1-4503-4452-4},
 location = {Boston, Massachusetts, USA},
 pages = {160--165},
 numpages = {6},
 url = {http://doi.acm.org/10.1145/2978192.2978215},
 doi = {10.1145/2978192.2978215},
 acmid = {2978215},
 publisher = {ACM},
 address = {New York, NY, USA},
 keywords = {comprehension, debugging, program slicing technique, programming ability, self-learning, spoken-tutorials},
}

@inproceedings{Welch:2010:ITC:1867651.1867674,
 author = {Welch, Johnny L.},
 title = {Information Technology Curriculum and Practical Opportunities in Automation},
 booktitle = {Proceedings of the 2010 ACM Conference on Information Technology Education},
 series = {SIGITE '10},
 year = {2010},
 isbn = {978-1-4503-0343-9},
 location = {Midland, Michigan, USA},
 pages = {85--88},
 numpages = {4},
 url = {http://doi.acm.org/10.1145/1867651.1867674},
 doi = {10.1145/1867651.1867674},
 acmid = {1867674},
 publisher = {ACM},
 address = {New York, NY, USA},
 keywords = {automation technician, curriculum expansion, industrial electronics, information technology instruction, integration},
}

@inproceedings{MacNeil:2017:TSD:3105726.3105745,
 author = {MacNeil, Stephen},
 title = {Tools to Support Data-driven Reflective Learning},
 booktitle = {Proceedings of the 2017 ACM Conference on International Computing Education Research},
 series = {ICER '17},
 year = {2017},
 isbn = {978-1-4503-4968-0},
 location = {Tacoma, Washington, USA},
 pages = {299--300},
 numpages = {2},
 url = {http://doi.acm.org/10.1145/3105726.3105745},
 doi = {10.1145/3105726.3105745},
 acmid = {3105745},
 publisher = {ACM},
 address = {New York, NY, USA},
 keywords = {cs education, data-driven reflection, metacognition, reflection, reflective learning},
}

@inproceedings{Davis:2017:CLA:3017680.3022357,
 author = {Davis, Janet and Berardinelli, Angela and Holland-Minkley, Amanda and Walker, Ellen},
 title = {Communicating What Liberal Arts Colleges Contribute to Computer Science (Abstract Only)},
 booktitle = {Proceedings of the 2017 ACM SIGCSE Technical Symposium on Computer Science Education},
 series = {SIGCSE '17},
 year = {2017},
 isbn = {978-1-4503-4698-6},
 location = {Seattle, Washington, USA},
 pages = {722--722},
 numpages = {1},
 url = {http://doi.acm.org/10.1145/3017680.3022357},
 doi = {10.1145/3017680.3022357},
 acmid = {3022357},
 publisher = {ACM},
 address = {New York, NY, USA},
 keywords = {communication, liberal arts colleges, public relations},
}

@inproceedings{Albrecht:2018:EIB:3209087.3209101,
 author = {Albrecht, Ella and Gumz, Fabian and Grabowski, Jens},
 title = {Experiences in Introducing Blended Learning in an Introductory Programming Course},
 booktitle = {Proceedings of the 3rd European Conference of Software Engineering Education},
 series = {ECSEE'18},
 year = {2018},
 isbn = {978-1-4503-6383-9},
 location = {Seeon/ Bavaria, Germany},
 pages = {93--101},
 numpages = {9},
 url = {http://doi.acm.org/10.1145/3209087.3209101},
 doi = {10.1145/3209087.3209101},
 acmid = {3209101},
 publisher = {ACM},
 address = {New York, NY, USA},
 keywords = {automatic assessment, blended learning, e-learning, experience report, programming education},
}

@inproceedings{Corradini:2018:CPI:3159450.3162268,
 author = {Corradini, Isabella and Lodi, Michael and Nardelli, Enrico},
 title = {Coding and Programming: What Do Italian Primary School Teachers Think? (Abstract Only)},
 booktitle = {Proceedings of the 49th ACM Technical Symposium on Computer Science Education},
 series = {SIGCSE '18},
 year = {2018},
 isbn = {978-1-4503-5103-4},
 location = {Baltimore, Maryland, USA},
 pages = {1074--1074},
 numpages = {1},
 url = {http://doi.acm.org/10.1145/3159450.3162268},
 doi = {10.1145/3159450.3162268},
 acmid = {3162268},
 publisher = {ACM},
 address = {New York, NY, USA},
 keywords = {coding and programming, informatics education, primary school teachers},
}

@inproceedings{Huss-Lederman:2016:ISL:2839509.2850538,
 author = {Huss-Lederman, Steven},
 title = {The Impact on Student Learning and Satisfaction When a CS2 Course Became Interactive (Abstract Only)},
 booktitle = {Proceedings of the 47th ACM Technical Symposium on Computing Science Education},
 series = {SIGCSE '16},
 year = {2016},
 isbn = {978-1-4503-3685-7},
 location = {Memphis, Tennessee, USA},
 pages = {687--687},
 numpages = {1},
 url = {http://doi.acm.org/10.1145/2839509.2850538},
 doi = {10.1145/2839509.2850538},
 acmid = {2850538},
 publisher = {ACM},
 address = {New York, NY, USA},
 keywords = {active learning, case study, cs2},
}

@inproceedings{Funke:2016:PST:2999541.2999547,
 author = {Funke, Alexandra and Geldreich, Katharina and Hubwieser, Peter},
 title = {Primary School Teachers' Opinions About Early Computer Science Education},
 booktitle = {Proceedings of the 16th Koli Calling International Conference on Computing Education Research},
 series = {Koli Calling '16},
 year = {2016},
 isbn = {978-1-4503-4770-9},
 location = {Koli, Finland},
 pages = {135--139},
 numpages = {5},
 url = {http://doi.acm.org/10.1145/2999541.2999547},
 doi = {10.1145/2999541.2999547},
 acmid = {2999547},
 publisher = {ACM},
 address = {New York, NY, USA},
 keywords = {computer science education, interview, primary school, teacher},
}

@inproceedings{Celepkolu:2019:AUE:3287324.3293821,
 author = {Celepkolu, Mehmet and O'Halloran, Erin and Wilkinson, Jamieka and Boyer, Kristy Elizabeth},
 title = {An Analysis of Upper Elementary and Middle Grade Teachers' Perceptions, Concerns and Goals for Integrating CS into Classrooms},
 booktitle = {Proceedings of the 50th ACM Technical Symposium on Computer Science Education},
 series = {SIGCSE '19},
 year = {2019},
 isbn = {978-1-4503-5890-3},
 location = {Minneapolis, MN, USA},
 pages = {1257--1257},
 numpages = {1},
 url = {http://doi.acm.org/10.1145/3287324.3293821},
 doi = {10.1145/3287324.3293821},
 acmid = {3293821},
 publisher = {ACM},
 address = {New York, NY, USA},
 keywords = {cs education, professional development, teacher training},
}

@inproceedings{Maleko:2012:NPE:2325296.2325364,
 author = {Maleko, Mercy and Hamilton, Margaret and D'Souza, Daryl},
 title = {Novices' Perceptions and Experiences of a Mobile Social Learning Environment for Learning of Programming},
 booktitle = {Proceedings of the 17th ACM Annual Conference on Innovation and Technology in Computer Science Education},
 series = {ITiCSE '12},
 year = {2012},
 isbn = {978-1-4503-1246-2},
 location = {Haifa, Israel},
 pages = {285--290},
 numpages = {6},
 url = {http://doi.acm.org/10.1145/2325296.2325364},
 doi = {10.1145/2325296.2325364},
 acmid = {2325364},
 publisher = {ACM},
 address = {New York, NY, USA},
 keywords = {facebook, interactions, mobile learning, novice programmer, social learning, social networking},
}

@inproceedings{MohamedShuhidan:2011:UNP:1999747.1999808,
 author = {Mohamed Shuhidan, Shuhaida and Hamilton, Margaret and D'Souza, Daryl},
 title = {Understanding Novice Programmer Difficulties via Guided Learning},
 booktitle = {Proceedings of the 16th Annual Joint Conference on Innovation and Technology in Computer Science Education},
 series = {ITiCSE '11},
 year = {2011},
 isbn = {978-1-4503-0697-3},
 location = {Darmstadt, Germany},
 pages = {213--217},
 numpages = {5},
 url = {http://doi.acm.org/10.1145/1999747.1999808},
 doi = {10.1145/1999747.1999808},
 acmid = {1999808},
 publisher = {ACM},
 address = {New York, NY, USA},
 keywords = {bloom's taxonomy, novice programmer, programming},
}

@inproceedings{Kesson:2008:PR:1508044.1508096,
 author = {Kesson, Malcolm},
 title = {Pixar's RenderMan},
 booktitle = {ACM SIGGRAPH ASIA 2008 Courses},
 series = {SIGGRAPH Asia '08},
 year = {2008},
 location = {Singapore},
 pages = {16:1--16:138},
 articleno = {16},
 numpages = {138},
 url = {http://doi.acm.org/10.1145/1508044.1508096},
 doi = {10.1145/1508044.1508096},
 acmid = {1508096},
 publisher = {ACM},
 address = {New York, NY, USA},
}

@inproceedings{Stephens-Martinez:2017:TAS:3105726.3106188,
 author = {Stephens-Martinez, Kristin and Ju, An and Parashar, Krishna and Ongowarsito, Regina and Jain, Nikunj and Venkat, Sreesha and Fox, Armando},
 title = {Taking Advantage of Scale by Analyzing Frequent Constructed-Response, Code Tracing Wrong Answers},
 booktitle = {Proceedings of the 2017 ACM Conference on International Computing Education Research},
 series = {ICER '17},
 year = {2017},
 isbn = {978-1-4503-4968-0},
 location = {Tacoma, Washington, USA},
 pages = {56--64},
 numpages = {9},
 url = {http://doi.acm.org/10.1145/3105726.3106188},
 doi = {10.1145/3105726.3106188},
 acmid = {3106188},
 publisher = {ACM},
 address = {New York, NY, USA},
 keywords = {code-tracing questions, constructed-response questions, education, formative assessments, introductory computer science, massive courses, student errors},
}

@inproceedings{Nieto-Isidro:2014:GAI:2669711.2669936,
 author = {Nieto-Isidro, Susana and Ramos, Higinio},
 title = {A Global Approach to Improve the Mathematical Level of Engineering Students},
 booktitle = {Proceedings of the Second International Conference on Technological Ecosystems for Enhancing Multiculturality},
 series = {TEEM '14},
 year = {2014},
 isbn = {978-1-4503-2896-8},
 location = {Salamanca, Spain},
 pages = {435--440},
 numpages = {6},
 url = {http://doi.acm.org/10.1145/2669711.2669936},
 doi = {10.1145/2669711.2669936},
 acmid = {2669936},
 publisher = {ACM},
 address = {New York, NY, USA},
 keywords = {computer-aided instruction, engineering education, evaluation in education, mathematics},
}

@inproceedings{Taherkhani:2012:ARS:2401796.2401806,
 author = {Taherkhani, Ahmad and Korhonen, Ari and Malmi, Lauri},
 title = {Automatic Recognition of Students' Sorting Algorithm Implementations in a Data Structures and Algorithms Course},
 booktitle = {Proceedings of the 12th Koli Calling International Conference on Computing Education Research},
 series = {Koli Calling '12},
 year = {2012},
 isbn = {978-1-4503-1795-5},
 location = {Koli, Finland},
 pages = {83--92},
 numpages = {10},
 url = {http://doi.acm.org/10.1145/2401796.2401806},
 doi = {10.1145/2401796.2401806},
 acmid = {2401806},
 publisher = {ACM},
 address = {New York, NY, USA},
 keywords = {algorithm recognition, decision tree classifiers, program comprehension, roles of variables},
}

@inproceedings{Pieterse:2009:YAP:1562741.1562762,
 author = {Pieterse, Vreda and du Toit, Cecilia M.},
 title = {You Asked for IT!: Phrasing Questions for Computer Science Assessment},
 booktitle = {Proceedings of the 2009 Annual Conference of the Southern African Computer Lecturers' Association},
 series = {SACLA '09},
 year = {2009},
 isbn = {978-1-60558-683-0},
 location = {Eastern Cape, South Africa},
 pages = {116--116},
 numpages = {1},
 url = {http://doi.acm.org/10.1145/1562741.1562762},
 doi = {10.1145/1562741.1562762},
 acmid = {1562762},
 publisher = {ACM},
 address = {New York, NY, USA},
 keywords = {assessment, phrasing questions},
}

@article{Kumar:2002:PIP:775742.775771,
 author = {Kumar, Amruth N.},
 title = {Prolog for Imperative Programmers},
 journal = {J. Comput. Sci. Coll.},
 issue_date = {May 2002},
 volume = {17},
 number = {6},
 month = may,
 year = {2002},
 issn = {1937-4771},
 pages = {167--181},
 numpages = {15},
 url = {http://dl.acm.org/citation.cfm?id=775742.775771},
 acmid = {775771},
 publisher = {Consortium for Computing Sciences in Colleges},
 address = {USA},
}

@inproceedings{Weintrop:2015:UCA:2787622.2787721,
 author = {Weintrop, David and Wilensky, Uri},
 title = {Using Commutative Assessments to Compare Conceptual Understanding in Blocks-based and Text-based Programs},
 booktitle = {Proceedings of the Eleventh Annual International Conference on International Computing Education Research},
 series = {ICER '15},
 year = {2015},
 isbn = {978-1-4503-3630-7},
 location = {Omaha, Nebraska, USA},
 pages = {101--110},
 numpages = {10},
 url = {http://doi.acm.org/10.1145/2787622.2787721},
 doi = {10.1145/2787622.2787721},
 acmid = {2787721},
 publisher = {ACM},
 address = {New York, NY, USA},
 keywords = {assessment, blocks-based programming, high school computer science education, introductory programming environments},
}

@inproceedings{Gusukuma:2018:IDK:3159450.3159478,
 author = {Gusukuma, Luke and Bart, Austin Cory and Kafura, Dennis and Ernst, Jeremy and Cennamo, Katherine},
 title = {Instructional Design + Knowledge Components: A Systematic Method for Refining Instruction},
 booktitle = {Proceedings of the 49th ACM Technical Symposium on Computer Science Education},
 series = {SIGCSE '18},
 year = {2018},
 isbn = {978-1-4503-5103-4},
 location = {Baltimore, Maryland, USA},
 pages = {338--343},
 numpages = {6},
 url = {http://doi.acm.org/10.1145/3159450.3159478},
 doi = {10.1145/3159450.3159478},
 acmid = {3159478},
 publisher = {ACM},
 address = {New York, NY, USA},
 keywords = {CS education, CS1, assessment, instructional design, knowledge components},
}

@inproceedings{Anacleto:2006:ACS:1298023.1298049,
 author = {Anacleto, Junia Coutinho and de Carvalho, Aparecido Fabiano P. and de Almeida N{\'e}ris, V\^{a}nia Paula and de Souza Godoi, Muriel and Zem-Mascarenhas, Silvia and Neto, Am{\'e}rico Talarico and Lieberman, Henry},
 title = {Applying Common Sense to Distance Learning: The Case of Home Care Education},
 booktitle = {Proceedings of VII Brazilian Symposium on Human Factors in Computing Systems},
 series = {IHC '06},
 year = {2006},
 isbn = {1-59593-432-4},
 location = {Natal, RN, Brazil},
 pages = {1--4},
 numpages = {4},
 url = {http://doi.acm.org/10.1145/1298023.1298049},
 doi = {10.1145/1298023.1298049},
 acmid = {1298049},
 publisher = {ACM},
 address = {New York, NY, USA},
 keywords = {brazilian open mind common sense, computer-aid education, health care, home care, learning action},
}

@inproceedings{Glassey:2019:DFA:3300115.3309519,
 author = {Glassey, Richard},
 title = {Developing Feedback Analytics: Discovering Feedback Patterns in an Introductory Course},
 booktitle = {Proceedings of the ACM Conference on Global Computing Education},
 series = {CompEd '19},
 year = {2019},
 isbn = {978-1-4503-6259-7},
 location = {Chengdu,Sichuan, China},
 pages = {37--43},
 numpages = {7},
 url = {http://doi.acm.org/10.1145/3300115.3309519},
 doi = {10.1145/3300115.3309519},
 acmid = {3309519},
 publisher = {ACM},
 address = {New York, NY, USA},
 keywords = {CS1, analytics, feedback, issue tracking, teaching assistants},
}

@inproceedings{Virata:2019:ARS:3306500.3306556,
 author = {Virata, Rholeo O. and Castro, Johan Daryll L.},
 title = {Augmented Reality in Science Classroom: Perceived Effects in Education, Visualization and Information Processing},
 booktitle = {Proceedings of the 10th International Conference on E-Education, E-Business, E-Management and E-Learning},
 series = {IC4E '19},
 year = {2019},
 isbn = {978-1-4503-6602-1},
 location = {Tokyo, Japan},
 pages = {85--92},
 numpages = {8},
 url = {http://doi.acm.org/10.1145/3306500.3306556},
 doi = {10.1145/3306500.3306556},
 acmid = {3306556},
 publisher = {ACM},
 address = {New York, NY, USA},
 keywords = {21<sup>st</sup> century e-learning, augmented reality, chemistry education, k12 science, science education},
}

@article{Porter:2013:FCC:2432596.2432609,
 author = {Porter, Leo and Simon, Beth},
 title = {Fostering Creativity in CS1 by Hosting a Computer Science Art Show},
 journal = {ACM Inroads},
 issue_date = {March 2013},
 volume = {4},
 number = {1},
 month = mar,
 year = {2013},
 issn = {2153-2184},
 pages = {29--31},
 numpages = {3},
 url = {http://doi.acm.org/10.1145/2432596.2432609},
 doi = {10.1145/2432596.2432609},
 acmid = {2432609},
 publisher = {ACM},
 address = {New York, NY, USA},
 keywords = {computer science art show, computer science education, creativity, media computation},
}

@inproceedings{Kallia:2018:BMC:3265757.3265773,
 author = {Kallia, Maria and Sentance, Sue},
 title = {Are Boys More Confident Than Girls?: The Role of Calibration and Students' Self-efficacy in Programming Tasks and Computer Science},
 booktitle = {Proceedings of the 13th Workshop in Primary and Secondary Computing Education},
 series = {WiPSCE '18},
 year = {2018},
 isbn = {978-1-4503-6588-8},
 location = {Potsdam, Germany},
 pages = {16:1--16:4},
 articleno = {16},
 numpages = {4},
 url = {http://doi.acm.org/10.1145/3265757.3265773},
 doi = {10.1145/3265757.3265773},
 acmid = {3265773},
 publisher = {ACM},
 address = {New York, NY, USA},
 keywords = {calibration, computer programming, computer science education, gender differences, self-efficacy},
}

@article{Bunde:2015:EAP:2831373.2831390,
 author = {Bunde, David P. and Hummel, Joe and Spacco, Jaime},
 title = {Experiences Adopting Peer Instruction},
 journal = {J. Comput. Sci. Coll.},
 issue_date = {October 2015},
 volume = {31},
 number = {1},
 month = oct,
 year = {2015},
 issn = {1937-4771},
 pages = {106--107},
 numpages = {2},
 url = {http://dl.acm.org/citation.cfm?id=2831373.2831390},
 acmid = {2831390},
 publisher = {Consortium for Computing Sciences in Colleges},
 address = {USA},
}

@inproceedings{Soltanpoor:2018:ARN:3197091.3197097,
 author = {Soltanpoor, Reza and Thevathayan, Charles and D\&\#39;Souza, Daryl},
 title = {Adaptive Remediation for Novice Programmers Through Personalized Prescriptive Quizzes},
 booktitle = {Proceedings of the 23rd Annual ACM Conference on Innovation and Technology in Computer Science Education},
 series = {ITiCSE 2018},
 year = {2018},
 isbn = {978-1-4503-5707-4},
 location = {Larnaca, Cyprus},
 pages = {51--56},
 numpages = {6},
 url = {http://doi.acm.org/10.1145/3197091.3197097},
 doi = {10.1145/3197091.3197097},
 acmid = {3197097},
 publisher = {ACM},
 address = {New York, NY, USA},
 keywords = {Active Learning, Formative Assessment, Learning Analytics, Personalized Learning, Prescriptive Analytics},
}

@inproceedings{Haldeman:2018:PMF:3159450.3159502,
 author = {Haldeman, Georgiana and Tjang, Andrew and Babe\c{s}-Vroman, Monica and Bartos, Stephen and Shah, Jay and Yucht, Danielle and Nguyen, Thu D.},
 title = {Providing Meaningful Feedback for Autograding of Programming Assignments},
 booktitle = {Proceedings of the 49th ACM Technical Symposium on Computer Science Education},
 series = {SIGCSE '18},
 year = {2018},
 isbn = {978-1-4503-5103-4},
 location = {Baltimore, Maryland, USA},
 pages = {278--283},
 numpages = {6},
 url = {http://doi.acm.org/10.1145/3159450.3159502},
 doi = {10.1145/3159450.3159502},
 acmid = {3159502},
 publisher = {ACM},
 address = {New York, NY, USA},
 keywords = {autograding, concepts/skills-based hints, error categorization},
}

@article{George:2000:ERD:331795.331875,
 author = {George, Carlisle E.},
 title = {EROSI\&Mdash;Visualising Recursion and Discovering New Errors},
 journal = {SIGCSE Bull.},
 issue_date = {Mar. 2000},
 volume = {32},
 number = {1},
 month = mar,
 year = {2000},
 issn = {0097-8418},
 pages = {305--309},
 numpages = {5},
 url = {http://doi.acm.org/10.1145/331795.331875},
 doi = {10.1145/331795.331875},
 acmid = {331875},
 publisher = {ACM},
 address = {New York, NY, USA},
}

@inproceedings{George:2000:ERD:330908.331875,
 author = {George, Carlisle E.},
 title = {EROSI\&Mdash;Visualising Recursion and Discovering New Errors},
 booktitle = {Proceedings of the Thirty-first SIGCSE Technical Symposium on Computer Science Education},
 series = {SIGCSE '00},
 year = {2000},
 isbn = {1-58113-213-1},
 location = {Austin, Texas, USA},
 pages = {305--309},
 numpages = {5},
 url = {http://doi.acm.org/10.1145/330908.331875},
 doi = {10.1145/330908.331875},
 acmid = {331875},
 publisher = {ACM},
 address = {New York, NY, USA},
}

@article{Taylor:2008:SER:1352322.1352290,
 author = {Taylor, Carol and Shumba, Rose},
 title = {Security Education: A Roadmap to the Future},
 journal = {SIGCSE Bull.},
 issue_date = {March 2008},
 volume = {40},
 number = {1},
 month = mar,
 year = {2008},
 issn = {0097-8418},
 pages = {459--460},
 numpages = {2},
 url = {http://doi.acm.org/10.1145/1352322.1352290},
 doi = {10.1145/1352322.1352290},
 acmid = {1352290},
 publisher = {ACM},
 address = {New York, NY, USA},
 keywords = {computer security, curriculum, education},
}

@inproceedings{Taylor:2008:SER:1352135.1352290,
 author = {Taylor, Carol and Shumba, Rose},
 title = {Security Education: A Roadmap to the Future},
 booktitle = {Proceedings of the 39th SIGCSE Technical Symposium on Computer Science Education},
 series = {SIGCSE '08},
 year = {2008},
 isbn = {978-1-59593-799-5},
 location = {Portland, OR, USA},
 pages = {459--460},
 numpages = {2},
 url = {http://doi.acm.org/10.1145/1352135.1352290},
 doi = {10.1145/1352135.1352290},
 acmid = {1352290},
 publisher = {ACM},
 address = {New York, NY, USA},
 keywords = {computer security, curriculum, education},
}

@inproceedings{Hewner:2011:CMS:2016911.2016916,
 author = {Hewner, Michael and Guzdial, Mark},
 title = {How CS Majors Select a Specialization},
 booktitle = {Proceedings of the Seventh International Workshop on Computing Education Research},
 series = {ICER '11},
 year = {2011},
 isbn = {978-1-4503-0829-8},
 location = {Providence, Rhode Island, USA},
 pages = {11--18},
 numpages = {8},
 url = {http://doi.acm.org/10.1145/2016911.2016916},
 doi = {10.1145/2016911.2016916},
 acmid = {2016916},
 publisher = {ACM},
 address = {New York, NY, USA},
 keywords = {concentrations, curriculum, multi-disciplinary, tracks},
}

@inproceedings{Garcia:2017:CPI:3105726.3105727,
 author = {Garcia, Rita},
 title = {Codification Pedagogy for Introductory Courses},
 booktitle = {Proceedings of the 2017 ACM Conference on International Computing Education Research},
 series = {ICER '17},
 year = {2017},
 isbn = {978-1-4503-4968-0},
 location = {Tacoma, Washington, USA},
 pages = {263--264},
 numpages = {2},
 url = {http://doi.acm.org/10.1145/3105726.3105727},
 doi = {10.1145/3105726.3105727},
 acmid = {3105727},
 publisher = {ACM},
 address = {New York, NY, USA},
 keywords = {codification, program comprehension, teaching pedagogy},
}

@inproceedings{VanSickle:2008:RPU:1355238.1355268,
 author = {Van Sickle, Ed},
 title = {Refilling the It Pipleline and Using Storage Technologies As a Specialization},
 booktitle = {Proceedings of the 2008 ACM SIGMIS CPR Conference on Computer Personnel Doctoral Consortium and Research},
 series = {SIGMIS CPR '08},
 year = {2008},
 isbn = {978-1-60558-069-2},
 location = {Charlottesville, VA, USA},
 pages = {112--118},
 numpages = {7},
 url = {http://doi.acm.org/10.1145/1355238.1355268},
 doi = {10.1145/1355238.1355268},
 acmid = {1355268},
 publisher = {ACM},
 address = {New York, NY, USA},
 keywords = {certification., computer science education, emc academic alliance program, emc proven professional program, industry - education relationships, information science education, storage courses and curriculum, storage technologies},
}

@article{Glassman:2015:OVV:2744768.2699751,
 author = {Glassman, Elena L. and Scott, Jeremy and Singh, Rishabh and Guo, Philip J. and Miller, Robert C.},
 title = {OverCode: Visualizing Variation in Student Solutions to Programming Problems at Scale},
 journal = {ACM Trans. Comput.-Hum. Interact.},
 issue_date = {April 2015},
 volume = {22},
 number = {2},
 month = mar,
 year = {2015},
 issn = {1073-0516},
 pages = {7:1--7:35},
 articleno = {7},
 numpages = {35},
 url = {http://doi.acm.org/10.1145/2699751},
 doi = {10.1145/2699751},
 acmid = {2699751},
 publisher = {ACM},
 address = {New York, NY, USA},
 keywords = {Programming education, learning at scale},
}

@article{Folsom-Kovarik:2013:TPR:2438653.2438664,
 author = {Folsom-Kovarik, Jeremiah T. and Sukthankar, Gita and Schatz, Sae},
 title = {Tractable POMDP Representations for Intelligent Tutoring Systems},
 journal = {ACM Trans. Intell. Syst. Technol.},
 issue_date = {March 2013},
 volume = {4},
 number = {2},
 month = apr,
 year = {2013},
 issn = {2157-6904},
 pages = {29:1--29:22},
 articleno = {29},
 numpages = {22},
 url = {http://doi.acm.org/10.1145/2438653.2438664},
 doi = {10.1145/2438653.2438664},
 acmid = {2438664},
 publisher = {ACM},
 address = {New York, NY, USA},
 keywords = {Partially observable Markov decision processes, computer-based training, intelligent tutoring systems},
}

@article{Greening:1996:TLE:228296.228299,
 author = {Greening, Tony},
 title = {Teaching and Learning Essential Computer Science Skills: The UNIX Example},
 journal = {SIGCSE Bull.},
 issue_date = {June 1996},
 volume = {28},
 number = {2},
 month = jun,
 year = {1996},
 issn = {0097-8418},
 pages = {21--24},
 numpages = {4},
 url = {http://doi.acm.org/10.1145/228296.228299},
 doi = {10.1145/228296.228299},
 acmid = {228299},
 publisher = {ACM},
 address = {New York, NY, USA},
}

@article{Brown:2017:NJP:3090098.2994154,
 author = {Brown, Neil C. C. and Altadmri, Amjad},
 title = {Novice Java Programming Mistakes: Large-Scale Data vs. Educator Beliefs},
 journal = {ACM Trans. Comput. Educ.},
 issue_date = {June 2017},
 volume = {17},
 number = {2},
 month = may,
 year = {2017},
 issn = {1946-6226},
 pages = {7:1--7:21},
 articleno = {7},
 numpages = {21},
 url = {http://doi.acm.org/10.1145/2994154},
 doi = {10.1145/2994154},
 acmid = {2994154},
 publisher = {ACM},
 address = {New York, NY, USA},
 keywords = {Programming mistakes, blackbox, educators, java},
}

@inproceedings{Mohammed:2018:ITL:3159450.3162259,
 author = {Mohammed, Mostafa and Mandava, Sushma and Chon, Jieun and Ellis, Margaret and Shaffer, Clifford A.},
 title = {An Interactive Tutorial for Learning to Manipulate References: (Abstract Only)},
 booktitle = {Proceedings of the 49th ACM Technical Symposium on Computer Science Education},
 series = {SIGCSE '18},
 year = {2018},
 isbn = {978-1-4503-5103-4},
 location = {Baltimore, Maryland, USA},
 pages = {1084--1084},
 numpages = {1},
 url = {http://doi.acm.org/10.1145/3159450.3162259},
 doi = {10.1145/3159450.3162259},
 acmid = {3162259},
 publisher = {ACM},
 address = {New York, NY, USA},
 keywords = {dynamic memory allocation, objects, pointers, program visualization, references},
}

@inproceedings{Asterhan:2008:PAE:1599812.1599819,
 author = {Asterhan, Christa S. C.},
 title = {Processes of Argumentation and Explanation in Conceptual Change: Results from Protocol Analyses of Peer-to-peer Dialogue},
 booktitle = {Proceedings of the 8th International Conference on International Conference for the Learning Sciences - Volume 1},
 series = {ICLS'08},
 year = {2008},
 location = {Utrecht, The Netherlands},
 pages = {60--67},
 numpages = {8},
 url = {http://dl.acm.org/citation.cfm?id=1599812.1599819},
 acmid = {1599819},
 publisher = {International Society of the Learning Sciences},
}

@article{Ferguson:2003:OCM:767598.767649,
 author = {Ferguson, Ernest},
 title = {Object-oriented Concept Mapping Using UML Class Diagrams},
 journal = {J. Comput. Sci. Coll.},
 issue_date = {April 2003},
 volume = {18},
 number = {4},
 month = apr,
 year = {2003},
 issn = {1937-4771},
 pages = {344--354},
 numpages = {11},
 url = {http://dl.acm.org/citation.cfm?id=767598.767649},
 acmid = {767649},
 publisher = {Consortium for Computing Sciences in Colleges},
 address = {USA},
 keywords = {UML, concept maps, conceptual change, constructivism},
}

@inproceedings{Herman:2010:CDL:1734263.1734298,
 author = {Herman, Geoffrey L. and Loui, Michael C. and Zilles, Craig},
 title = {Creating the Digital Logic Concept Inventory},
 booktitle = {Proceedings of the 41st ACM Technical Symposium on Computer Science Education},
 series = {SIGCSE '10},
 year = {2010},
 isbn = {978-1-4503-0006-3},
 location = {Milwaukee, Wisconsin, USA},
 pages = {102--106},
 numpages = {5},
 url = {http://doi.acm.org/10.1145/1734263.1734298},
 doi = {10.1145/1734263.1734298},
 acmid = {1734298},
 publisher = {ACM},
 address = {New York, NY, USA},
 keywords = {assessment, concept inventory, curriculum, logic design},
}

@article{Kay:2000:IPL:331795.331908,
 author = {Kay, David G.},
 title = {Intellectual Property Law Basics for Computer Science Instructors (Seminar Session)},
 journal = {SIGCSE Bull.},
 issue_date = {Mar. 2000},
 volume = {32},
 number = {1},
 month = mar,
 year = {2000},
 issn = {0097-8418},
 pages = {425--},
 url = {http://doi.acm.org/10.1145/331795.331908},
 doi = {10.1145/331795.331908},
 acmid = {331908},
 publisher = {ACM},
 address = {New York, NY, USA},
}

@inproceedings{Kay:2000:IPL:330908.331908,
 author = {Kay, David G.},
 title = {Intellectual Property Law Basics for Computer Science Instructors (Seminar Session)},
 booktitle = {Proceedings of the Thirty-first SIGCSE Technical Symposium on Computer Science Education},
 series = {SIGCSE '00},
 year = {2000},
 isbn = {1-58113-213-1},
 location = {Austin, Texas, USA},
 pages = {425--},
 url = {http://doi.acm.org/10.1145/330908.331908},
 doi = {10.1145/330908.331908},
 acmid = {331908},
 publisher = {ACM},
 address = {New York, NY, USA},
}

@inproceedings{Emigh:1998:SVC:509058.509115,
 author = {Emigh, David and Zaslavsky, Ilya},
 title = {Scientific Visualization in the Classroom},
 booktitle = {Proceedings of the 1998 ACM/IEEE Conference on Supercomputing},
 series = {SC '98},
 year = {1998},
 isbn = {0-89791-984-X},
 location = {San Jose, CA},
 pages = {1--7},
 numpages = {7},
 url = {http://dl.acm.org/citation.cfm?id=509058.509115},
 acmid = {509115},
 publisher = {IEEE Computer Society},
 address = {Washington, DC, USA},
 keywords = {FITS, GIS, VRML, collaboration, distance learning, internet, visualization},
}

@inproceedings{Aggarwal:2016:DRQ:2839509.2850563,
 author = {Aggarwal, Ashish and Gardner-McCune, Christina and Touretzky, David S.},
 title = {Designing and Refining of Questions to Assess Students' Ability to Mentally Simulate Programs and Predict Program Behavior (Abstract Only)},
 booktitle = {Proceedings of the 47th ACM Technical Symposium on Computing Science Education},
 series = {SIGCSE '16},
 year = {2016},
 isbn = {978-1-4503-3685-7},
 location = {Memphis, Tennessee, USA},
 pages = {696--696},
 numpages = {1},
 url = {http://doi.acm.org/10.1145/2839509.2850563},
 doi = {10.1145/2839509.2850563},
 acmid = {2850563},
 publisher = {ACM},
 address = {New York, NY, USA},
 keywords = {computational thinking, cs curriculum, instruction design, k-12 education, kodu game lab, mental assessment, program simulation},
}

@inproceedings{Potter:2018:DLI:3209626.3209716,
 author = {Potter, Leigh Ellen},
 title = {A Day in the Life: An Interactive Application to Introduce IT Students to the Workplace},
 booktitle = {Proceedings of the 2018 ACM SIGMIS Conference on Computers and People Research},
 series = {SIGMIS-CPR'18},
 year = {2018},
 isbn = {978-1-4503-5768-5},
 location = {Buffalo-Niagara Falls, NY, USA},
 pages = {138--142},
 numpages = {5},
 url = {http://doi.acm.org/10.1145/3209626.3209716},
 doi = {10.1145/3209626.3209716},
 acmid = {3209716},
 publisher = {ACM},
 address = {New York, NY, USA},
 keywords = {career preparation., it profession, student experience, user centred design},
}

@inproceedings{Muhling:2015:DFR:2818314.2818320,
 author = {M\"{u}hling, Andreas and Ruf, Alexander and Hubwieser, Peter},
 title = {Design and First Results of a Psychometric Test for Measuring Basic Programming Abilities},
 booktitle = {Proceedings of the Workshop in Primary and Secondary Computing Education},
 series = {WiPSCE '15},
 year = {2015},
 isbn = {978-1-4503-3753-3},
 location = {London, United Kingdom},
 pages = {2--10},
 numpages = {9},
 url = {http://doi.acm.org/10.1145/2818314.2818320},
 doi = {10.1145/2818314.2818320},
 acmid = {2818320},
 publisher = {ACM},
 address = {New York, NY, USA},
 keywords = {Algorithmic control structures, assessment, computer science education, computing concepts, latent-trait, novice programmer, program flow, psychometric test},
}

@inproceedings{Maher:2015:FCS:2676723.2677252,
 author = {Maher, Mary Lou and Latulipe, Celine and Lipford, Heather and Rorrer, Audrey},
 title = {Flipped Classroom Strategies for CS Education},
 booktitle = {Proceedings of the 46th ACM Technical Symposium on Computer Science Education},
 series = {SIGCSE '15},
 year = {2015},
 isbn = {978-1-4503-2966-8},
 location = {Kansas City, Missouri, USA},
 pages = {218--223},
 numpages = {6},
 url = {http://doi.acm.org/10.1145/2676723.2677252},
 doi = {10.1145/2676723.2677252},
 acmid = {2677252},
 publisher = {ACM},
 address = {New York, NY, USA},
 keywords = {flipped classroom, online video, strategies for active learning},
}

@inproceedings{Park:2016:RHC:2899415.2899435,
 author = {Park, Thomas H. and Kim, Meen Chul and Chhabra, Sukrit and Lee, Brian and Forte, Andrea},
 title = {Reading Hierarchies in Code: Assessment of a Basic Computational Skill},
 booktitle = {Proceedings of the 2016 ACM Conference on Innovation and Technology in Computer Science Education},
 series = {ITiCSE '16},
 year = {2016},
 isbn = {978-1-4503-4231-5},
 location = {Arequipa, Peru},
 pages = {302--307},
 numpages = {6},
 url = {http://doi.acm.org/10.1145/2899415.2899435},
 doi = {10.1145/2899415.2899435},
 acmid = {2899435},
 publisher = {ACM},
 address = {New York, NY, USA},
 keywords = {assessment, computational thinking, program comprehension, web development},
}

@article{Yu:2008:ESL:1352079.1352129,
 author = {Yu, Xudong and Klein, Steve},
 title = {Enhancing Student Learning Using Concept Mapping and Learning by Teaching Environment},
 journal = {J. Comput. Sci. Coll.},
 issue_date = {April 2008},
 volume = {23},
 number = {4},
 month = apr,
 year = {2008},
 issn = {1937-4771},
 pages = {271--278},
 numpages = {8},
 url = {http://dl.acm.org/citation.cfm?id=1352079.1352129},
 acmid = {1352129},
 publisher = {Consortium for Computing Sciences in Colleges},
 address = {USA},
}

@inproceedings{Abyaa:2017:ALK:3175628.3175656,
 author = {Abyaa, Abir and Idrissi, Mohammed Khalidi and Bennani, Samir},
 title = {An Adult Learner's Knowledge Model Based on Ontologies and Rule Reasoning},
 booktitle = {Proceedings of the Mediterranean Symposium on Smart City Application},
 series = {SCAMS '17},
 year = {2017},
 isbn = {978-1-4503-5211-6},
 location = {Tangier, Morocco},
 pages = {4:1--4:6},
 articleno = {4},
 numpages = {6},
 url = {http://doi.acm.org/10.1145/3175628.3175656},
 doi = {10.1145/3175628.3175656},
 acmid = {3175656},
 publisher = {ACM},
 address = {New York, NY, USA},
 keywords = {OWL, adaptive learning, adult learner, learner model, ontology, rule modelling},
}

@inproceedings{Tafliovich:2016:EST:2839509.2844647,
 author = {Tafliovich, Anya and Petersen, Andrew and Campbell, Jennifer},
 title = {Evaluating Student Teams: Do Educators Know What Students Think?},
 booktitle = {Proceedings of the 47th ACM Technical Symposium on Computing Science Education},
 series = {SIGCSE '16},
 year = {2016},
 isbn = {978-1-4503-3685-7},
 location = {Memphis, Tennessee, USA},
 pages = {181--186},
 numpages = {6},
 url = {http://doi.acm.org/10.1145/2839509.2844647},
 doi = {10.1145/2839509.2844647},
 acmid = {2844647},
 publisher = {ACM},
 address = {New York, NY, USA},
 keywords = {evaluation, motivating students, student teamwork, undergraduate software development project},
}

@inproceedings{Pieterse:2018:TAS:3289406.3289413,
 author = {Pieterse, Vreda and Taylor, Estelle},
 title = {On the Triviality of the Assignment Statement},
 booktitle = {Proceedings of the 7th Computer Science Education Research Conference},
 series = {CSERC '18},
 year = {2018},
 isbn = {978-1-4503-6624-3},
 location = {Saint Petersburg, Russian Federation},
 pages = {51--57},
 numpages = {7},
 url = {http://doi.acm.org/10.1145/3289406.3289413},
 doi = {10.1145/3289406.3289413},
 acmid = {3289413},
 publisher = {ACM},
 address = {New York, NY, USA},
 keywords = {Novice programmers, assignment statement, mental models},
}

@inproceedings{Luxton-Reilly:2018:RIP:3197091.3205841,
 author = {Luxton-Reilly, Andrew and Simon and Albluwi, Ibrahim and Becker, Brett A. and Giannakos, Michail and Kumar, Amruth N. and Ott, Linda and Paterson, James and Scott, Michael James and Sheard, Judy and Szabo, Claudia},
 title = {A Review of Introductory Programming Research 2003--2017},
 booktitle = {Proceedings of the 23rd Annual ACM Conference on Innovation and Technology in Computer Science Education},
 series = {ITiCSE 2018},
 year = {2018},
 isbn = {978-1-4503-5707-4},
 location = {Larnaca, Cyprus},
 pages = {342--343},
 numpages = {2},
 url = {http://doi.acm.org/10.1145/3197091.3205841},
 doi = {10.1145/3197091.3205841},
 acmid = {3205841},
 publisher = {ACM},
 address = {New York, NY, USA},
 keywords = {CS1, ITiCSE working group, introductory programming, novice programming, systematic literature review},
}

@inproceedings{Nolan:2019:IGD:3286960.3286966,
 author = {Nolan, Keith and Mooney, Aidan and Bergin, Susan},
 title = {An Investigation of Gender Differences in Computer Science Using Physiological, Psychological and Behavioural Metrics},
 booktitle = {Proceedings of the Twenty-First Australasian Computing Education Conference},
 series = {ACE '19},
 year = {2019},
 isbn = {978-1-4503-6622-9},
 location = {Sydney, NSW, Australia},
 pages = {47--55},
 numpages = {9},
 url = {http://doi.acm.org/10.1145/3286960.3286966},
 doi = {10.1145/3286960.3286966},
 acmid = {3286966},
 publisher = {ACM},
 address = {New York, NY, USA},
 keywords = {CS1, Gender, physiological signals, programming},
}

@article{Lischner:2001:ESL:366413.364571,
 author = {Lischner, Ray},
 title = {Explorations: Structured Labs for First-time Programmers},
 journal = {SIGCSE Bull.},
 issue_date = {March 2001},
 volume = {33},
 number = {1},
 month = feb,
 year = {2001},
 issn = {0097-8418},
 pages = {154--158},
 numpages = {5},
 url = {http://doi.acm.org/10.1145/366413.364571},
 doi = {10.1145/366413.364571},
 acmid = {364571},
 publisher = {ACM},
 address = {New York, NY, USA},
}

@inproceedings{Lischner:2001:ESL:364447.364571,
 author = {Lischner, Ray},
 title = {Explorations: Structured Labs for First-time Programmers},
 booktitle = {Proceedings of the Thirty-second SIGCSE Technical Symposium on Computer Science Education},
 series = {SIGCSE '01},
 year = {2001},
 isbn = {1-58113-329-4},
 location = {Charlotte, North Carolina, USA},
 pages = {154--158},
 numpages = {5},
 url = {http://doi.acm.org/10.1145/364447.364571},
 doi = {10.1145/364447.364571},
 acmid = {364571},
 publisher = {ACM},
 address = {New York, NY, USA},
}

@inproceedings{Inventado:2018:UDP:3282308.3282340,
 author = {Inventado, Paul Salvador and Inventado, Sharris Gayle Francisco and Matsuda, Noboru and Li, Yeping and Scupelli, Peter and Ostrow, Korinn and Heffernan, Neil and Tu, Shihfen and Mason, Craig and Logue, Mary and McGuire, Pat},
 title = {Using Design Patterns for Math Preservice Teacher Education},
 booktitle = {Proceedings of the 23rd European Conference on Pattern Languages of Programs},
 series = {EuroPLoP '18},
 year = {2018},
 isbn = {978-1-4503-6387-7},
 location = {Irsee, Germany},
 pages = {31:1--31:8},
 articleno = {31},
 numpages = {8},
 url = {http://doi.acm.org/10.1145/3282308.3282340},
 doi = {10.1145/3282308.3282340},
 acmid = {3282340},
 publisher = {ACM},
 address = {New York, NY, USA},
 keywords = {ASSISTments, educational design patterns, evaluation, preservice teacher education},
}

@inproceedings{Jin:2019:CVA:3306500.3306584,
 author = {Jin, Laipeng and Yu, Dongchuan},
 title = {Characteristics of Visual Attention for the Assessment of Conceptual Change: An Eye-tracking Study},
 booktitle = {Proceedings of the 10th International Conference on E-Education, E-Business, E-Management and E-Learning},
 series = {IC4E '19},
 year = {2019},
 isbn = {978-1-4503-6602-1},
 location = {Tokyo, Japan},
 pages = {158--162},
 numpages = {5},
 url = {http://doi.acm.org/10.1145/3306500.3306584},
 doi = {10.1145/3306500.3306584},
 acmid = {3306584},
 publisher = {ACM},
 address = {New York, NY, USA},
 keywords = {assessment, conceptual change, eye-tracking, visual attention},
}

@inproceedings{English:2009:ESP:1562877.1563013,
 author = {English, John and Rosenthal, Tammy},
 title = {Evaluating Students' Programs Using Automated Assessment: A Case Study},
 booktitle = {Proceedings of the 14th Annual ACM SIGCSE Conference on Innovation and Technology in Computer Science Education},
 series = {ITiCSE '09},
 year = {2009},
 isbn = {978-1-60558-381-5},
 location = {Paris, France},
 pages = {371--371},
 numpages = {1},
 url = {http://doi.acm.org/10.1145/1562877.1563013},
 doi = {10.1145/1562877.1563013},
 acmid = {1563013},
 publisher = {ACM},
 address = {New York, NY, USA},
 keywords = {automated assessment, problem-based learning, technology-based learning},
}

@article{English:2009:ESP:1595496.1563013,
 author = {English, John and Rosenthal, Tammy},
 title = {Evaluating Students' Programs Using Automated Assessment: A Case Study},
 journal = {SIGCSE Bull.},
 issue_date = {September 2009},
 volume = {41},
 number = {3},
 month = jul,
 year = {2009},
 issn = {0097-8418},
 pages = {371--371},
 numpages = {1},
 url = {http://doi.acm.org/10.1145/1595496.1563013},
 doi = {10.1145/1595496.1563013},
 acmid = {1563013},
 publisher = {ACM},
 address = {New York, NY, USA},
 keywords = {automated assessment, problem-based learning, technology-based learning},
}

@inproceedings{Woodford:2005:MCQ:1082424.1082438,
 author = {Woodford, Karyn and Bancroft, Peter},
 title = {Multiple Choice Questions Not Considered Harmful},
 booktitle = {Proceedings of the 7th Australasian Conference on Computing Education - Volume 42},
 series = {ACE '05},
 year = {2005},
 isbn = {1-920682-24-4},
 location = {Newcastle, New South Wales, Australia},
 pages = {109--116},
 numpages = {8},
 url = {http://dl.acm.org/citation.cfm?id=1082424.1082438},
 acmid = {1082438},
 publisher = {Australian Computer Society, Inc.},
 address = {Darlinghurst, Australia, Australia},
 keywords = {assessment, bloom, large class assessment, multiple choice questions},
}

@inproceedings{Martinez:2018:UJG:3183377.3183397,
 author = {Martinez, Alexandra},
 title = {Use of JiTT in a Graduate Software Testing Course: An Experience Report},
 booktitle = {Proceedings of the 40th International Conference on Software Engineering: Software Engineering Education and Training},
 series = {ICSE-SEET '18},
 year = {2018},
 isbn = {978-1-4503-5660-2},
 location = {Gothenburg, Sweden},
 pages = {108--115},
 numpages = {8},
 url = {http://doi.acm.org/10.1145/3183377.3183397},
 doi = {10.1145/3183377.3183397},
 acmid = {3183397},
 publisher = {ACM},
 address = {New York, NY, USA},
 keywords = {JiTT, graduate course, just-in-time teaching, software testing},
}

@inproceedings{Jin:2018:LET:3159450.3162306,
 author = {Jin, Karen H.},
 title = {A "Loopy" Encounter: Teaching Elementary Students the Concept of Loops (Abstract Only)},
 booktitle = {Proceedings of the 49th ACM Technical Symposium on Computer Science Education},
 series = {SIGCSE '18},
 year = {2018},
 isbn = {978-1-4503-5103-4},
 location = {Baltimore, Maryland, USA},
 pages = {1099--1099},
 numpages = {1},
 url = {http://doi.acm.org/10.1145/3159450.3162306},
 doi = {10.1145/3159450.3162306},
 acmid = {3162306},
 publisher = {ACM},
 address = {New York, NY, USA},
 keywords = {K-12, computing education, loops},
}

@inproceedings{Andrews:1972:CYP:800155.805013,
 author = {Andrews, W. B.},
 title = {The Computer and You a Proposed New Course on the Impact of Computers on Society},
 booktitle = {Proceedings of the Second SIGCSE Technical Symposium on Education in Computer Science},
 series = {SIGCSE '72},
 year = {1972},
 pages = {103--109},
 numpages = {7},
 url = {http://doi.acm.org/10.1145/800155.805013},
 doi = {10.1145/800155.805013},
 acmid = {805013},
 publisher = {ACM},
 address = {New York, NY, USA},
}

@inproceedings{Barria-Pineda:2019:ENE:3314183.3323463,
 author = {Barria-Pineda, Jordan and Akhuseyinoglu, Kamil and Brusilovsky, Peter},
 title = {Explaining Need-based Educational Recommendations Using Interactive Open Learner Models},
 booktitle = {Adjunct Publication of the 27th Conference on User Modeling, Adaptation and Personalization},
 series = {UMAP'19 Adjunct},
 year = {2019},
 isbn = {978-1-4503-6711-0},
 location = {Larnaca, Cyprus},
 pages = {273--277},
 numpages = {5},
 url = {http://doi.acm.org/10.1145/3314183.3323463},
 doi = {10.1145/3314183.3323463},
 acmid = {3323463},
 publisher = {ACM},
 address = {New York, NY, USA},
 keywords = {educational recommender systems, explanations, open learner models},
}

@inproceedings{Altun:2013:LLR:2536536.2536582,
 author = {Altun, Halis and Korkmaz, Ozgen and Ozkaya, Armagan and Usta, Ertugrul},
 title = {Lessons Learned from Robot-in-class Projects Using LEGO NXT and Some Recommendations},
 booktitle = {Proceedings of the First International Conference on Technological Ecosystem for Enhancing Multiculturality},
 series = {TEEM '13},
 year = {2013},
 isbn = {978-1-4503-2345-1},
 location = {Salamanca, Spain},
 pages = {303--307},
 numpages = {5},
 url = {http://doi.acm.org/10.1145/2536536.2536582},
 doi = {10.1145/2536536.2536582},
 acmid = {2536582},
 publisher = {ACM},
 address = {New York, NY, USA},
 keywords = {nature of science, robots in education, science and engineering education},
}

@inproceedings{Kite:2019:RQC:3287324.3293765,
 author = {Kite, Vance and Park, Soonhye and Wiebe, Eric},
 title = {Recognizing and Questioning the CT Education Paradigm},
 booktitle = {Proceedings of the 50th ACM Technical Symposium on Computer Science Education},
 series = {SIGCSE '19},
 year = {2019},
 isbn = {978-1-4503-5890-3},
 location = {Minneapolis, MN, USA},
 pages = {1286--1286},
 numpages = {1},
 url = {http://doi.acm.org/10.1145/3287324.3293765},
 doi = {10.1145/3287324.3293765},
 acmid = {3293765},
 publisher = {ACM},
 address = {New York, NY, USA},
 keywords = {computational thinking, computational thinking paradigm},
}

@inproceedings{Triglianos:2017:EUI:3099023.3099082,
 author = {Triglianos, Vasileios and Labaj, Martin and Moro, Robert and Simko, Jakub and Hucko, Michal and Tvarozek, Jozef and Pautasso, Cesare and Bielikova, Maria},
 title = {Experiences Using an Interactive Presentation Platform in a Functional and Logic Programming Course},
 booktitle = {Adjunct Publication of the 25th Conference on User Modeling, Adaptation and Personalization},
 series = {UMAP '17},
 year = {2017},
 isbn = {978-1-4503-5067-9},
 location = {Bratislava, Slovakia},
 pages = {311--316},
 numpages = {6},
 url = {http://doi.acm.org/10.1145/3099023.3099082},
 doi = {10.1145/3099023.3099082},
 acmid = {3099082},
 publisher = {ACM},
 address = {New York, NY, USA},
 keywords = {asq, clickers, experience report, functional and logic programming, interactive lecture, technology enhanced learning},
}

@inproceedings{Jin:2018:NIA:3300942.3300959,
 author = {Jin, Laipeng and Jia, Huibin and Yu, Dongchuan},
 title = {A Novel Indicator for Assessing Conceptual Change: A Study Based on Functional Connectivity Measured with Near-infrared Spectroscopy},
 booktitle = {Proceedings of the 2018 International Conference on Education Technology Management},
 series = {ICETM 2018},
 year = {2018},
 isbn = {978-1-4503-6630-4},
 location = {Barcelona, Spain},
 pages = {82--86},
 numpages = {5},
 url = {http://doi.acm.org/10.1145/3300942.3300959},
 doi = {10.1145/3300942.3300959},
 acmid = {3300959},
 publisher = {ACM},
 address = {New York, NY, USA},
 keywords = {Assessment, Conceptual change, Functional connectivity, Functional near-infrared spectroscopy (fNIRS)},
}

@inproceedings{Lee:2011:PPT:2016911.2016934,
 author = {Lee, Michael J. and Ko, Andrew J.},
 title = {Personifying Programming Tool Feedback Improves Novice Programmers' Learning},
 booktitle = {Proceedings of the Seventh International Workshop on Computing Education Research},
 series = {ICER '11},
 year = {2011},
 isbn = {978-1-4503-0829-8},
 location = {Providence, Rhode Island, USA},
 pages = {109--116},
 numpages = {8},
 url = {http://doi.acm.org/10.1145/2016911.2016934},
 doi = {10.1145/2016911.2016934},
 acmid = {2016934},
 publisher = {ACM},
 address = {New York, NY, USA},
 keywords = {debugging, education, motivation, personification, programming},
}

@inproceedings{Wallace:2018:LDS:3159450.3162349,
 author = {Wallace, Charles},
 title = {Learning Discrete Structures Interactively With Alloy: (Abstract Only)},
 booktitle = {Proceedings of the 49th ACM Technical Symposium on Computer Science Education},
 series = {SIGCSE '18},
 year = {2018},
 isbn = {978-1-4503-5103-4},
 location = {Baltimore, Maryland, USA},
 pages = {1051--1051},
 numpages = {1},
 url = {http://doi.acm.org/10.1145/3159450.3162349},
 doi = {10.1145/3159450.3162349},
 acmid = {3162349},
 publisher = {ACM},
 address = {New York, NY, USA},
 keywords = {alloy, computer science education, discrete mathematics, logic, relational algebra, sat solver},
}

@inproceedings{Lee:2013:IAI:2493394.2493410,
 author = {Lee, Michael J. and Ko, Andrew J. and Kwan, Irwin},
 title = {In-game Assessments Increase Novice Programmers' Engagement and Level Completion Speed},
 booktitle = {Proceedings of the Ninth Annual International ACM Conference on International Computing Education Research},
 series = {ICER '13},
 year = {2013},
 isbn = {978-1-4503-2243-0},
 location = {San Diego, San California, USA},
 pages = {153--160},
 numpages = {8},
 url = {http://doi.acm.org/10.1145/2493394.2493410},
 doi = {10.1145/2493394.2493410},
 acmid = {2493410},
 publisher = {ACM},
 address = {New York, NY, USA},
 keywords = {assessment, debugging, educational game, engagement, programming, serious game, speed},
}

@inproceedings{Phothilimthana:2017:HHG:3059009.3059058,
 author = {Phothilimthana, Phitchaya Mangpo and Sridhara, Sumukh},
 title = {High-Coverage Hint Generation for Massive Courses: Do Automated Hints Help CS1 Students?},
 booktitle = {Proceedings of the 2017 ACM Conference on Innovation and Technology in Computer Science Education},
 series = {ITiCSE '17},
 year = {2017},
 isbn = {978-1-4503-4704-4},
 location = {Bologna, Italy},
 pages = {182--187},
 numpages = {6},
 url = {http://doi.acm.org/10.1145/3059009.3059058},
 doi = {10.1145/3059009.3059058},
 acmid = {3059058},
 publisher = {ACM},
 address = {New York, NY, USA},
 keywords = {automated tutor, computer-aided education, program analysis, program synthesis},
}

@article{Carey:1989:DAS:70609.70611,
 author = {Carey, T.},
 title = {Draft for ACM Self-assessment Procedure on Human-computer Interaction},
 journal = {SIGCHI Bull.},
 issue_date = {Oct. 1989},
 volume = {21},
 number = {2},
 month = oct,
 year = {1989},
 issn = {0736-6906},
 pages = {17--24},
 numpages = {8},
 url = {http://doi.acm.org/10.1145/70609.70611},
 doi = {10.1145/70609.70611},
 acmid = {70611},
 publisher = {ACM},
 address = {New York, NY, USA},
}

@inproceedings{Rosson:2001:TSP:365024.365109,
 author = {Rosson, Mary Beth and Seals, Cheryl D.},
 title = {Teachers As Simulation Programmers: Minimalist Learning and Reuse},
 booktitle = {Proceedings of the SIGCHI Conference on Human Factors in Computing Systems},
 series = {CHI '01},
 year = {2001},
 isbn = {1-58113-327-8},
 location = {Seattle, Washington, USA},
 pages = {237--244},
 numpages = {8},
 url = {http://doi.acm.org/10.1145/365024.365109},
 doi = {10.1145/365024.365109},
 acmid = {365109},
 publisher = {ACM},
 address = {New York, NY, USA},
 keywords = {simulations, teacher education, visual programming},
}

@article{Spohrer:1986:NMF:6138.6145,
 author = {Spohrer, James C. and Soloway, Elliot},
 title = {Novice Mistakes: Are the Folk Wisdoms Correct?},
 journal = {Commun. ACM},
 issue_date = {July 1986},
 volume = {29},
 number = {7},
 month = jul,
 year = {1986},
 issn = {0001-0782},
 pages = {624--632},
 numpages = {9},
 url = {http://doi.acm.org/10.1145/6138.6145},
 doi = {10.1145/6138.6145},
 acmid = {6145},
 publisher = {ACM},
 address = {New York, NY, USA},
}

@article{Katz:2005:CBR:1067309.1067316,
 author = {Katz, Jonathan},
 title = {Comparative Book Review: Cryptography: An Introduction by V. V. Yaschenko (American Mathematical Society, 2002); Cryptanalysis of Number Theoretic Ciphers by S.S. Wagstaff, Jr. (Chapman \&Amp; Hall/CRC Press, 2003); RSA and Public-Key Cryptography by R. A. Mollin (Chapman \&Amp; Hall/CRC Press, 2003); Foundations of Cryptography, Vol. 1: Basic Tools by O. Goldreich, (Cambridge University Press, 2001)},
 journal = {SIGACT News},
 issue_date = {June 2005},
 volume = {36},
 number = {2},
 month = jun,
 year = {2005},
 issn = {0163-5700},
 pages = {14--19},
 numpages = {6},
 url = {http://doi.acm.org/10.1145/1067309.1067316},
 doi = {10.1145/1067309.1067316},
 acmid = {1067316},
 publisher = {ACM},
 address = {New York, NY, USA},
}

