@inproceedings{Soares:2014:ESL:2669711.2669883,
 author = {Soares, Filomena and Le\~{a}o, Celina P. and Guedes, Anabela and Pereira, Isabel M. Br\'{a}s and Morais, Cristina and Esteves, M. Teresa Sena},
 title = {Engineering Students' Learning Styles in Fluid Mechanics},
 booktitle = {Proceedings of the Second International Conference on Technological Ecosystems for Enhancing Multiculturality},
 series = {TEEM '14},
 year = {2014},
 isbn = {978-1-4503-2896-8},
 location = {Salamanca, Spain},
 pages = {81--87},
 numpages = {7},
 url = {http://doi.acm.org/10.1145/2669711.2669883},
 doi = {10.1145/2669711.2669883},
 acmid = {2669883},
 publisher = {ACM},
 address = {New York, NY, USA},
 keywords = {engineering education, fluid mechanics, learning styles, students perceptions},
}

@inproceedings{Bonometti:2014:CET:2643604.2643628,
 author = {Bonometti, Stefano},
 title = {A Cross-media Environment for Teacher Training},
 booktitle = {Proceedings of the 2014 Workshop on Interaction Design in Educational Environments},
 series = {IDEE '14},
 year = {2014},
 isbn = {978-1-4503-3034-3},
 location = {Albacete, Spain},
 pages = {102:102--102:105},
 articleno = {102},
 numpages = {4},
 url = {http://doi.acm.org/10.1145/2643604.2643628},
 doi = {10.1145/2643604.2643628},
 acmid = {2643628},
 publisher = {ACM},
 address = {New York, NY, USA},
 keywords = {eLearning, experience learning, internship, learning environment},
}

@inproceedings{Demetriadis:2003:PSS:961511.961562,
 author = {Demetriadis, Stavros and Triantfillou, Evangelos and Pombortsis, Andreas},
 title = {A Phenomenographic Study of Students' Attitudes Toward the Use of Multiple Media for Learning},
 booktitle = {Proceedings of the 8th Annual Conference on Innovation and Technology in Computer Science Education},
 series = {ITiCSE '03},
 year = {2003},
 isbn = {1-58113-672-2},
 location = {Thessaloniki, Greece},
 pages = {183--187},
 numpages = {5},
 url = {http://doi.acm.org/10.1145/961511.961562},
 doi = {10.1145/961511.961562},
 acmid = {961562},
 publisher = {ACM},
 address = {New York, NY, USA},
 keywords = {learning styles, multimedia learning, students' attitudes},
}

@article{Demetriadis:2003:PSS:961290.961562,
 author = {Demetriadis, Stavros and Triantfillou, Evangelos and Pombortsis, Andreas},
 title = {A Phenomenographic Study of Students' Attitudes Toward the Use of Multiple Media for Learning},
 journal = {SIGCSE Bull.},
 issue_date = {September 2003},
 volume = {35},
 number = {3},
 month = jun,
 year = {2003},
 issn = {0097-8418},
 pages = {183--187},
 numpages = {5},
 url = {http://doi.acm.org/10.1145/961290.961562},
 doi = {10.1145/961290.961562},
 acmid = {961562},
 publisher = {ACM},
 address = {New York, NY, USA},
 keywords = {learning styles, multimedia learning, students' attitudes},
}

@inproceedings{Palavalli:2014:AGU:2669711.2669905,
 author = {Palavalli, Bharath M. and Krishna, Harsha and Jayagopi, Dinesh},
 title = {Analyzing Gaming-simulations Using Video Based Techniques},
 booktitle = {Proceedings of the Second International Conference on Technological Ecosystems for Enhancing Multiculturality},
 series = {TEEM '14},
 year = {2014},
 isbn = {978-1-4503-2896-8},
 location = {Salamanca, Spain},
 pages = {235--239},
 numpages = {5},
 url = {http://doi.acm.org/10.1145/2669711.2669905},
 doi = {10.1145/2669711.2669905},
 acmid = {2669905},
 publisher = {ACM},
 address = {New York, NY, USA},
 keywords = {analysis, gamification, gaming-simulations},
}

@inproceedings{Corriveau:2010:TSM:1920778.1920799,
 author = {Corriveau, Jean-Pierre and Shi, Wei},
 title = {Teaching Strategies to Millenial Students},
 booktitle = {Proceedings of the International Academic Conference on the Future of Game Design and Technology},
 series = {Futureplay '10},
 year = {2010},
 isbn = {978-1-4503-0235-7},
 location = {Vancouver, British Columbia, Canada},
 pages = {143--150},
 numpages = {8},
 url = {http://doi.acm.org/10.1145/1920778.1920799},
 doi = {10.1145/1920778.1920799},
 acmid = {1920799},
 publisher = {ACM},
 address = {New York, NY, USA},
 keywords = {business strategies, scripted animations, second life, serious games},
}

@inproceedings{Jantjies:2018:ELT:3300942.3300956,
 author = {Jantjies, Mmaki and Moodley, Trevor and Maart, Ronel},
 title = {Experiential Learning Through Virtual and Augmented Reality in Higher Education},
 booktitle = {Proceedings of the 2018 International Conference on Education Technology Management},
 series = {ICETM 2018},
 year = {2018},
 isbn = {978-1-4503-6630-4},
 location = {Barcelona, Spain},
 pages = {42--45},
 numpages = {4},
 url = {http://doi.acm.org/10.1145/3300942.3300956},
 doi = {10.1145/3300942.3300956},
 acmid = {3300956},
 publisher = {ACM},
 address = {New York, NY, USA},
 keywords = {Augmented Reality, Experiential Learning, South Africa, Virtual Reality, mobile learning},
}

@inproceedings{Rieks:2011:BTP:1940761.1940897,
 author = {Rieks, Angela Ramnarine- and Greene, Delicia Tiera and Costa, Mark R. and Flaherty, Mary Grace and Solinger, Carrie},
 title = {Bridging Theory and Practice: Connecting Coursework to Internships in LIS Programs},
 booktitle = {Proceedings of the 2011 iConference},
 series = {iConference '11},
 year = {2011},
 isbn = {978-1-4503-0121-3},
 location = {Seattle, Washington, USA},
 pages = {763--764},
 numpages = {2},
 url = {http://doi.acm.org/10.1145/1940761.1940897},
 doi = {10.1145/1940761.1940897},
 acmid = {1940897},
 publisher = {ACM},
 address = {New York, NY, USA},
 keywords = {assessment, education, internships, libraries, practicum},
}

@inproceedings{Onyango:2017:TIL:3160908.3160920,
 author = {Onyango, George and Gitonga, Rhoda and Rugar, Thaddaeus},
 title = {Technology Integrated Lesson Plan Based on Experiential Learning},
 booktitle = {Proceedings of the 2017 International Conference on Education and E-Learning},
 series = {ICEEL 2017},
 year = {2017},
 isbn = {978-1-4503-5377-9},
 location = {Bangkok, Thailand},
 pages = {34--40},
 numpages = {7},
 url = {http://doi.acm.org/10.1145/3160908.3160920},
 doi = {10.1145/3160908.3160920},
 acmid = {3160920},
 publisher = {ACM},
 address = {New York, NY, USA},
 keywords = {Bybees learning cycle, Kolb's experiential learning theory, Lesson plan, TPACK technology integration model},
}

@inproceedings{Helps:2008:ECN:1414558.1414565,
 author = {Helps, C. Richard G. and Ekstrom, J J.},
 title = {Evaluation of a Computer Networking Class in Information Technology},
 booktitle = {Proceedings of the 9th ACM SIGITE Conference on Information Technology Education},
 series = {SIGITE '08},
 year = {2008},
 isbn = {978-1-60558-329-7},
 location = {Cincinnati, OH, USA},
 pages = {259--268},
 numpages = {10},
 url = {http://doi.acm.org/10.1145/1414558.1414565},
 doi = {10.1145/1414558.1414565},
 acmid = {1414565},
 publisher = {ACM},
 address = {New York, NY, USA},
 keywords = {course design, course evaluation, networking},
}

@article{Sanderson:2003:WCS:948737.948747,
 author = {Sanderson, Pete},
 title = {Where's (the) Computer Science in Service-learning?},
 journal = {J. Comput. Sci. Coll.},
 issue_date = {October 2003},
 volume = {19},
 number = {1},
 month = oct,
 year = {2003},
 issn = {1937-4771},
 pages = {83--89},
 numpages = {7},
 url = {http://dl.acm.org/citation.cfm?id=948737.948747},
 acmid = {948747},
 publisher = {Consortium for Computing Sciences in Colleges},
 address = {USA},
}

@inproceedings{Kann:2016:EPI:2839509.2844610,
 author = {Kann, Viggo and H\"{o}gfeldt, Anna-Karin},
 title = {Effects of a Program Integrating Course for Students of Computer Science and Engineering},
 booktitle = {Proceedings of the 47th ACM Technical Symposium on Computing Science Education},
 series = {SIGCSE '16},
 year = {2016},
 isbn = {978-1-4503-3685-7},
 location = {Memphis, Tennessee, USA},
 pages = {510--515},
 numpages = {6},
 url = {http://doi.acm.org/10.1145/2839509.2844610},
 doi = {10.1145/2839509.2844610},
 acmid = {2844610},
 publisher = {ACM},
 address = {New York, NY, USA},
 keywords = {program coherence, reflection, self-regulated learning},
}

@inproceedings{Rowe:2011:AFI:2047594.2047630,
 author = {Rowe, Dale C. and Lunt, Barry M. and Helps, Richard G.},
 title = {An Assessment Framework for Identifying Information Technology Programs},
 booktitle = {Proceedings of the 2011 Conference on Information Technology Education},
 series = {SIGITE '11},
 year = {2011},
 isbn = {978-1-4503-1017-8},
 location = {West Point, New York, USA},
 pages = {123--128},
 numpages = {6},
 url = {http://doi.acm.org/10.1145/2047594.2047630},
 doi = {10.1145/2047594.2047630},
 acmid = {2047630},
 publisher = {ACM},
 address = {New York, NY, USA},
 keywords = {information technology, model curriculum},
}

@inproceedings{Hamada:2007:WTA:1227310.1227332,
 author = {Hamada, Mohamed},
 title = {Web-based Tools for Active Learning in Information Theory},
 booktitle = {Proceedings of the 38th SIGCSE Technical Symposium on Computer Science Education},
 series = {SIGCSE '07},
 year = {2007},
 isbn = {1-59593-361-1},
 location = {Covington, Kentucky, USA},
 pages = {60--64},
 numpages = {5},
 url = {http://doi.acm.org/10.1145/1227310.1227332},
 doi = {10.1145/1227310.1227332},
 acmid = {1227332},
 publisher = {ACM},
 address = {New York, NY, USA},
 keywords = {active learning, communication model, information theory},
}

@article{Hamada:2007:WTA:1227504.1227332,
 author = {Hamada, Mohamed},
 title = {Web-based Tools for Active Learning in Information Theory},
 journal = {SIGCSE Bull.},
 issue_date = {March 2007},
 volume = {39},
 number = {1},
 month = mar,
 year = {2007},
 issn = {0097-8418},
 pages = {60--64},
 numpages = {5},
 url = {http://doi.acm.org/10.1145/1227504.1227332},
 doi = {10.1145/1227504.1227332},
 acmid = {1227332},
 publisher = {ACM},
 address = {New York, NY, USA},
 keywords = {active learning, communication model, information theory},
}

@article{Almstrum:1993:CTR:164205.164219,
 author = {Almstrum, Vicki L. and Wu, Cheng-Chih},
 title = {The CSedRes Toolbox: A Resource to Support Research in Computer Science Education},
 journal = {SIGCSE Bull.},
 issue_date = {Dec. 1993},
 volume = {25},
 number = {4},
 month = dec,
 year = {1993},
 issn = {0097-8418},
 pages = {21--26},
 numpages = {6},
 url = {http://doi.acm.org/10.1145/164205.164219},
 doi = {10.1145/164205.164219},
 acmid = {164219},
 publisher = {ACM},
 address = {New York, NY, USA},
}

@article{Corder:2011:ISL:1835428.1835442,
 author = {Corder, Debbie and U., Alice},
 title = {Integrating Second Life to Enhance Global Intercultural Collaboration Projects},
 journal = {ACM Inroads},
 issue_date = {September 2010},
 volume = {1},
 number = {3},
 month = sep,
 year = {2011},
 issn = {2153-2184},
 pages = {43--50},
 numpages = {8},
 url = {http://doi.acm.org/10.1145/1835428.1835442},
 doi = {10.1145/1835428.1835442},
 acmid = {1835442},
 publisher = {ACM},
 address = {New York, NY, USA},
 keywords = {Second Life, avatar, blogs, critical reflection, global collaborative projects, intercultural competence, interdisciplinary, liminality, metacognitive skills, motivation, multi-user virtual environment (MUVE), self-assessment---authentic real world experience, socialisation, virtual collaboration, wikis},
}

@inproceedings{Esper:2012:EHA:2361276.2361297,
 author = {Esper, Sarah and Simon, Beth and Cutts, Quintin},
 title = {Exploratory Homeworks: An Active Learning Tool for Textbook Reading},
 booktitle = {Proceedings of the Ninth Annual International Conference on International Computing Education Research},
 series = {ICER '12},
 year = {2012},
 isbn = {978-1-4503-1604-0},
 location = {Auckland, New Zealand},
 pages = {105--110},
 numpages = {6},
 url = {http://doi.acm.org/10.1145/2361276.2361297},
 doi = {10.1145/2361276.2361297},
 acmid = {2361297},
 publisher = {ACM},
 address = {New York, NY, USA},
 keywords = {active learning, cognitive apprenticeship, constructivism, cs0, kolb learning cycle},
}

@article{Butler:2009:PRE:1619221.1619235,
 author = {Butler, Frederick and Butler, Melanie},
 title = {Preliminary Results of the Effects of Interactive Computer Labs},
 journal = {J. Comput. Sci. Coll.},
 issue_date = {October 2009},
 volume = {25},
 number = {1},
 month = oct,
 year = {2009},
 issn = {1937-4771},
 pages = {68--74},
 numpages = {7},
 url = {http://dl.acm.org/citation.cfm?id=1619221.1619235},
 acmid = {1619235},
 publisher = {Consortium for Computing Sciences in Colleges},
 address = {USA},
}

@inproceedings{Komisarczuk:2006:BGT:1151869.1151885,
 author = {Komisarczuk, Peter and Welch, Ian},
 title = {A Board Game for Teaching Internet Engineering},
 booktitle = {Proceedings of the 8th Australasian Conference on Computing Education - Volume 52},
 series = {ACE '06},
 year = {2006},
 isbn = {1-920682-34-1},
 location = {Hobart, Australia},
 pages = {117--123},
 numpages = {7},
 url = {http://dl.acm.org/citation.cfm?id=1151869.1151885},
 acmid = {1151885},
 publisher = {Australian Computer Society, Inc.},
 address = {Darlinghurst, Australia, Australia},
 keywords = {internet engineering, internet peering, team game},
}

@article{Harris:2007:PTI:1289280.1289292,
 author = {Harris, Ranida B.},
 title = {Some Positive Techniques for Improving Student Learning: Some Basics, Some Experiences, and More},
 journal = {J. Comput. Sci. Coll.},
 issue_date = {October 2007},
 volume = {23},
 number = {1},
 month = oct,
 year = {2007},
 issn = {1937-4771},
 pages = {64--69},
 numpages = {6},
 url = {http://dl.acm.org/citation.cfm?id=1289280.1289292},
 acmid = {1289292},
 publisher = {Consortium for Computing Sciences in Colleges},
 address = {USA},
}

@article{Cortina:2015:RBP:2739250.2723671,
 author = {Cortina, Thomas J.},
 title = {Reaching a Broader Population of Students Through "Unplugged" Activities},
 journal = {Commun. ACM},
 issue_date = {March 2015},
 volume = {58},
 number = {3},
 month = feb,
 year = {2015},
 issn = {0001-0782},
 pages = {25--27},
 numpages = {3},
 url = {http://doi.acm.org/10.1145/2723671},
 doi = {10.1145/2723671},
 acmid = {2723671},
 publisher = {ACM},
 address = {New York, NY, USA},
}

@inproceedings{Arpaci-Dusseau:2013:CSP:2445196.2445273,
 author = {Arpaci-Dusseau, Andrea and Astrachan, Owen and Barnett, Dwight and Bauer, Matthew and Carrell, Marilyn and Dovi, Rebecca and Franke, Baker and Gardner, Christina and Gray, Jeff and Griffin, Jean and Kick, Richard and Kuemmel, Andy and Morelli, Ralph and Muralidhar, Deepa and Osborne, R Brook and Uche, Chinma},
 title = {Computer Science Principles: Analysis of a Proposed Advanced Placement Course},
 booktitle = {Proceeding of the 44th ACM Technical Symposium on Computer Science Education},
 series = {SIGCSE '13},
 year = {2013},
 isbn = {978-1-4503-1868-6},
 location = {Denver, Colorado, USA},
 pages = {251--256},
 numpages = {6},
 url = {http://doi.acm.org/10.1145/2445196.2445273},
 doi = {10.1145/2445196.2445273},
 acmid = {2445273},
 publisher = {ACM},
 address = {New York, NY, USA},
 keywords = {advanced placement, national pilot, portfolio assessment},
}

@inproceedings{Cutts:2005:CLE:1082424.1082447,
 author = {Cutts, Quintin I. and Kennedy, Gregor E.},
 title = {Connecting Learning Environments Using Electronic Voting Systems},
 booktitle = {Proceedings of the 7th Australasian Conference on Computing Education - Volume 42},
 series = {ACE '05},
 year = {2005},
 isbn = {1-920682-24-4},
 location = {Newcastle, New South Wales, Australia},
 pages = {181--186},
 numpages = {6},
 url = {http://dl.acm.org/citation.cfm?id=1082424.1082447},
 acmid = {1082447},
 publisher = {Australian Computer Society, Inc.},
 address = {Darlinghurst, Australia, Australia},
 keywords = {cognitive processing, dialogue, feedback, introductory programming, learning environments},
}

@inproceedings{Howard:2005:PCI:1095714.1095786,
 author = {Howard, Elizabeth V.},
 title = {Promoting Communication and Inclusiveness in the IT Classroom},
 booktitle = {Proceedings of the 6th Conference on Information Technology Education},
 series = {SIGITE '05},
 year = {2005},
 isbn = {1-59593-252-6},
 location = {Newark, NJ, USA},
 pages = {311--317},
 numpages = {7},
 url = {http://doi.acm.org/10.1145/1095714.1095786},
 doi = {10.1145/1095714.1095786},
 acmid = {1095786},
 publisher = {ACM},
 address = {New York, NY, USA},
 keywords = {collaboration, communication skills, inclusiveness, interactive exercises, interactive games, soft skills},
}

@inproceedings{Hamidon:2018:LEL:3291078.3291079,
 author = {Hamidon, Zahari},
 title = {The Learner's Engagement in the Learning Process Designed Based on the Experiential Learning Theory in Post Graduate Program at Open University Malaysia},
 booktitle = {Proceedings of the 2018 2Nd International Conference on Education and E-Learning},
 series = {ICEEL 2018},
 year = {2018},
 isbn = {978-1-4503-6577-2},
 location = {Bali, Indonesia},
 pages = {26--31},
 numpages = {6},
 url = {http://doi.acm.org/10.1145/3291078.3291079},
 doi = {10.1145/3291078.3291079},
 acmid = {3291079},
 publisher = {ACM},
 address = {New York, NY, USA},
 keywords = {Experiential Learning, Learner's Engagement, Lesson Design},
}

@inproceedings{Hannunen:2018:SCI:3275116.3275145,
 author = {Hannunen, Jussi and Kujala, Tiina and Myll\"{a}rniemi, Jussi and Peltomaa, Iida-Maria and Poranen, Timo and Sipil\"{a}, Erja and Syrj\"{a}m\"{a}ki, Eija and Tuohim\"{a}ki, Petri},
 title = {Smart Campus Innovation Lab},
 booktitle = {Proceedings of the 22Nd International Academic Mindtrek Conference},
 series = {Mindtrek '18},
 year = {2018},
 isbn = {978-1-4503-6589-5},
 location = {Tampere, Finland},
 pages = {251--254},
 numpages = {4},
 url = {http://doi.acm.org/10.1145/3275116.3275145},
 doi = {10.1145/3275116.3275145},
 acmid = {3275145},
 publisher = {ACM},
 address = {New York, NY, USA},
 keywords = {Multidisciplinary projects, innovation, internal development},
}

@article{Stone:2007:IRW:1272848.1272881,
 author = {Stone, Jeffrey A. and Madigan, Elinor M.},
 title = {Integrating Reflective Writing in CS/IS},
 journal = {SIGCSE Bull.},
 issue_date = {June 2007},
 volume = {39},
 number = {2},
 month = jun,
 year = {2007},
 issn = {0097-8418},
 pages = {42--45},
 numpages = {4},
 url = {http://doi.acm.org/10.1145/1272848.1272881},
 doi = {10.1145/1272848.1272881},
 acmid = {1272881},
 publisher = {ACM},
 address = {New York, NY, USA},
 keywords = {computer science education, experiential learning, pedagogy, reflection, writing},
}

@inproceedings{Zhang:2011:ECL:2047594.2047666,
 author = {Zhang, Chi and Wang, Ju An},
 title = {Effects of Communication, Leadership, and Team Performance on Successful IT Capstone Projects: A Case Study},
 booktitle = {Proceedings of the 2011 Conference on Information Technology Education},
 series = {SIGITE '11},
 year = {2011},
 isbn = {978-1-4503-1017-8},
 location = {West Point, New York, USA},
 pages = {281--286},
 numpages = {6},
 url = {http://doi.acm.org/10.1145/2047594.2047666},
 doi = {10.1145/2047594.2047666},
 acmid = {2047666},
 publisher = {ACM},
 address = {New York, NY, USA},
 keywords = {IT Capstone projects, challenges, communication, group projects, leadership, success factors},
}

@inproceedings{Chattratichart:2007:TAD:1240866.1240890,
 author = {Chattratichart, Jarinee},
 title = {A Theory-based Approach to Designing Student Learning Context},
 booktitle = {CHI '07 Extended Abstracts on Human Factors in Computing Systems},
 series = {CHI EA '07},
 year = {2007},
 isbn = {978-1-59593-642-4},
 location = {San Jose, CA, USA},
 pages = {1721--1728},
 numpages = {8},
 url = {http://doi.acm.org/10.1145/1240866.1240890},
 doi = {10.1145/1240866.1240890},
 acmid = {1240890},
 publisher = {ACM},
 address = {New York, NY, USA},
 keywords = {HCI education, Kolb's experiential learning},
}

@inproceedings{Gitonga:2017:SEU:3160908.3160919,
 author = {Gitonga, Rhoda and Onyango, George and Rugar, Thaddaeus},
 title = {Students' Experiences in Using Haiku Learning Platform to Promote Problem Based Learning in a Blended Classroom in Kenya},
 booktitle = {Proceedings of the 2017 International Conference on Education and E-Learning},
 series = {ICEEL 2017},
 year = {2017},
 isbn = {978-1-4503-5377-9},
 location = {Bangkok, Thailand},
 pages = {30--33},
 numpages = {4},
 url = {http://doi.acm.org/10.1145/3160908.3160919},
 doi = {10.1145/3160908.3160919},
 acmid = {3160919},
 publisher = {ACM},
 address = {New York, NY, USA},
 keywords = {Blended learning, Haiku learning platform, Lesson plan, Problem-based learning},
}

@article{Du:2007:SSI:1227504.1227474,
 author = {Du, Wenliang and Teng, Zhouxuan and Wang, Ronghua},
 title = {SEED: A Suite of Instructional Laboratories for Computer SEcurity EDucation},
 journal = {SIGCSE Bull.},
 issue_date = {March 2007},
 volume = {39},
 number = {1},
 month = mar,
 year = {2007},
 issn = {0097-8418},
 pages = {486--490},
 numpages = {5},
 url = {http://doi.acm.org/10.1145/1227504.1227474},
 doi = {10.1145/1227504.1227474},
 acmid = {1227474},
 publisher = {ACM},
 address = {New York, NY, USA},
 keywords = {instructional operating system, laboratory, security},
}

@inproceedings{Du:2007:SSI:1227310.1227474,
 author = {Du, Wenliang and Teng, Zhouxuan and Wang, Ronghua},
 title = {SEED: A Suite of Instructional Laboratories for Computer SEcurity EDucation},
 booktitle = {Proceedings of the 38th SIGCSE Technical Symposium on Computer Science Education},
 series = {SIGCSE '07},
 year = {2007},
 isbn = {1-59593-361-1},
 location = {Covington, Kentucky, USA},
 pages = {486--490},
 numpages = {5},
 url = {http://doi.acm.org/10.1145/1227310.1227474},
 doi = {10.1145/1227310.1227474},
 acmid = {1227474},
 publisher = {ACM},
 address = {New York, NY, USA},
 keywords = {instructional operating system, laboratory, security},
}

@article{Galpin:2007:LSP:1269900.1268844,
 author = {Galpin, Vashti C. and Sanders, Ian D. and Chen, Pei-yu},
 title = {Learning Styles and Personality Types of Computer Science Students at a South African University},
 journal = {SIGCSE Bull.},
 issue_date = {September 2007},
 volume = {39},
 number = {3},
 month = jun,
 year = {2007},
 issn = {0097-8418},
 pages = {201--205},
 numpages = {5},
 url = {http://doi.acm.org/10.1145/1269900.1268844},
 doi = {10.1145/1269900.1268844},
 acmid = {1268844},
 publisher = {ACM},
 address = {New York, NY, USA},
 keywords = {learning style, personality type},
}

@inproceedings{Galpin:2007:LSP:1268784.1268844,
 author = {Galpin, Vashti C. and Sanders, Ian D. and Chen, Pei-yu},
 title = {Learning Styles and Personality Types of Computer Science Students at a South African University},
 booktitle = {Proceedings of the 12th Annual SIGCSE Conference on Innovation and Technology in Computer Science Education},
 series = {ITiCSE '07},
 year = {2007},
 isbn = {978-1-59593-610-3},
 location = {Dundee, Scotland},
 pages = {201--205},
 numpages = {5},
 url = {http://doi.acm.org/10.1145/1268784.1268844},
 doi = {10.1145/1268784.1268844},
 acmid = {1268844},
 publisher = {ACM},
 address = {New York, NY, USA},
 keywords = {learning style, personality type},
}

@inproceedings{Mora:2018:IIC:3289406.3289410,
 author = {Mora, Simone and Gianni, Francesco and Nichele, Stefano and Divitini, Monica},
 title = {Introducing IoT Competencies to First-Year University Students With The Tiles Toolkit},
 booktitle = {Proceedings of the 7th Computer Science Education Research Conference},
 series = {CSERC '18},
 year = {2018},
 isbn = {978-1-4503-6624-3},
 location = {Saint Petersburg, Russian Federation},
 pages = {26--34},
 numpages = {9},
 url = {http://doi.acm.org/10.1145/3289406.3289410},
 doi = {10.1145/3289406.3289410},
 acmid = {3289410},
 publisher = {ACM},
 address = {New York, NY, USA},
 keywords = {Computer Science Education, Experiential Learning, Internet of Things},
}

@inproceedings{Naidoo:2009:SPI:1562741.1562751,
 author = {Naidoo, R.},
 title = {The Soft Practice of the Information Systems Practitioner: Towards an Engaging Style for Future Graduate IS Education},
 booktitle = {Proceedings of the 2009 Annual Conference of the Southern African Computer Lecturers' Association},
 series = {SACLA '09},
 year = {2009},
 isbn = {978-1-60558-683-0},
 location = {Eastern Cape, South Africa},
 pages = {83--87},
 numpages = {5},
 url = {http://doi.acm.org/10.1145/1562741.1562751},
 doi = {10.1145/1562741.1562751},
 acmid = {1562751},
 publisher = {ACM},
 address = {New York, NY, USA},
 keywords = {IS practice, graduate courses, pedagogy},
}

@inproceedings{Boustedt:2011:SPD:2016911.2016926,
 author = {Boustedt, Jonas and Eckerdal, Anna and McCartney, Robert and Sanders, Kate and Thomas, Lynda and Zander, Carol},
 title = {Students' Perceptions of the Differences Between Formal and Informal Learning},
 booktitle = {Proceedings of the Seventh International Workshop on Computing Education Research},
 series = {ICER '11},
 year = {2011},
 isbn = {978-1-4503-0829-8},
 location = {Providence, Rhode Island, USA},
 pages = {61--68},
 numpages = {8},
 url = {http://doi.acm.org/10.1145/2016911.2016926},
 doi = {10.1145/2016911.2016926},
 acmid = {2016926},
 publisher = {ACM},
 address = {New York, NY, USA},
 keywords = {informal learning, self-directed learning},
}

@article{deBry:2011:LSB:2038836.2038837,
 author = {deBry, Roger},
 title = {A Learning Space for Beginning Programming Students},
 journal = {J. Comput. Sci. Coll.},
 issue_date = {December 2011},
 volume = {27},
 number = {2},
 month = dec,
 year = {2011},
 issn = {1937-4771},
 pages = {4--11},
 numpages = {8},
 url = {http://dl.acm.org/citation.cfm?id=2038836.2038837},
 acmid = {2038837},
 publisher = {Consortium for Computing Sciences in Colleges},
 address = {USA},
}

@inproceedings{Glowatz:2017:VAM:3173519.3173529,
 author = {Glowatz, Matt and Mangina, Eleni and Holland, Donal},
 title = {Virtual, Augmented and Mixed Reality Technology Based Simulations in Higher Education: Opportunities for Alternative Assessment Strategies},
 booktitle = {Proceedings of the 10th EAI International Conference on Simulation Tools and Techniques},
 series = {SIMUTOOLS '17},
 year = {2017},
 isbn = {978-1-4503-6388-4},
 location = {Hong Kong, China},
 pages = {72--76},
 numpages = {5},
 url = {http://doi.acm.org/10.1145/3173519.3173529},
 doi = {10.1145/3173519.3173529},
 acmid = {3173529},
 publisher = {ACM},
 address = {New York, NY, USA},
 keywords = {AR, Assessment Strategies, Gamification and Simulation-based Learning, Higher Education, MR, Reality Technologies, Student Learning, VR},
}

@article{Sivilotti:2007:CKL:1272729.1272741,
 author = {Sivilotti, Paolo A. G. and Pike, Scott M.},
 title = {A Collection of Kinesthetic Learning Activities for a Course on Distributed Computing: ACM SIGACT News Distributed Computing Column 26},
 journal = {SIGACT News},
 issue_date = {June 2007},
 volume = {38},
 number = {2},
 month = jun,
 year = {2007},
 issn = {0163-5700},
 pages = {56--74},
 numpages = {19},
 url = {http://doi.acm.org/10.1145/1272729.1272741},
 doi = {10.1145/1272729.1272741},
 acmid = {1272741},
 publisher = {ACM},
 address = {New York, NY, USA},
}

@inproceedings{Hamada:2012:LSA:2428736.2428795,
 author = {Hamada, Mohamed},
 title = {A Learning System for Audio Compression},
 booktitle = {Proceedings of the 14th International Conference on Information Integration and Web-based Applications \&\#38; Services},
 series = {IIWAS '12},
 year = {2012},
 isbn = {978-1-4503-1306-3},
 location = {Bali, Indonesia},
 pages = {328--331},
 numpages = {4},
 url = {http://doi.acm.org/10.1145/2428736.2428795},
 doi = {10.1145/2428736.2428795},
 acmid = {2428795},
 publisher = {ACM},
 address = {New York, NY, USA},
 keywords = {MP3 audio, compression techniques, learning system},
}

@inproceedings{Olson:2018:AAA:3241815.3241828,
 author = {Olson, Brandon and Gibbons, Thomas},
 title = {Applying an Agile Approach to Improve the Student Experience and Performance in a Capstone Project},
 booktitle = {Proceedings of the 19th Annual SIG Conference on Information Technology Education},
 series = {SIGITE '18},
 year = {2018},
 isbn = {978-1-4503-5954-2},
 location = {Fort Lauderdale, Florida, USA},
 pages = {87--87},
 numpages = {1},
 url = {http://doi.acm.org/10.1145/3241815.3241828},
 doi = {10.1145/3241815.3241828},
 acmid = {3241828},
 publisher = {ACM},
 address = {New York, NY, USA},
 keywords = {agile, capstone projects, community-based projects, scrum},
}

@article{Obrenovic:2012:RHE:2168931.2168945,
 author = {Obrenovi\'{c}, \v{Z}eljko},
 title = {Rethinking HCI Education: Teaching Interactive Computing Concepts Based on the Experiential Learning Paradigm},
 journal = {interactions},
 issue_date = {May + June 2012},
 volume = {19},
 number = {3},
 month = may,
 year = {2012},
 issn = {1072-5520},
 pages = {66--70},
 numpages = {5},
 url = {http://doi.acm.org/10.1145/2168931.2168945},
 doi = {10.1145/2168931.2168945},
 acmid = {2168945},
 publisher = {ACM},
 address = {New York, NY, USA},
}

@inproceedings{Sanders:2017:FPN:3105726.3106192,
 author = {Sanders, Kate and Boustedt, Jonas and Eckerdal, Anna and McCartney, Robert and Zander, Carol},
 title = {Folk Pedagogy: Nobody Doesn'T Like Active Learning},
 booktitle = {Proceedings of the 2017 ACM Conference on International Computing Education Research},
 series = {ICER '17},
 year = {2017},
 isbn = {978-1-4503-4968-0},
 location = {Tacoma, Washington, USA},
 pages = {145--154},
 numpages = {10},
 url = {http://doi.acm.org/10.1145/3105726.3106192},
 doi = {10.1145/3105726.3106192},
 acmid = {3106192},
 publisher = {ACM},
 address = {New York, NY, USA},
 keywords = {active learning, activity, folk pedagogy, reflection, social interaction, techniques},
}

@inproceedings{Kharitonova:2019:RSD:3287324.3287498,
 author = {Kharitonova, Yekaterina and Luo, Yi and Park, Jeho},
 title = {Redesigning a Software Development Course As a Preparation for a Capstone: An Experience Report},
 booktitle = {Proceedings of the 50th ACM Technical Symposium on Computer Science Education},
 series = {SIGCSE '19},
 year = {2019},
 isbn = {978-1-4503-5890-3},
 location = {Minneapolis, MN, USA},
 pages = {153--159},
 numpages = {7},
 url = {http://doi.acm.org/10.1145/3287324.3287498},
 doi = {10.1145/3287324.3287498},
 acmid = {3287498},
 publisher = {ACM},
 address = {New York, NY, USA},
 keywords = {agile software development, project-based learning (pbl), teamwork and soft skills},
}

@inproceedings{Kay:2018:DMS:3279720.3279738,
 author = {Kay, Andrew and Wong, Shun Ha Sylvia},
 title = {Discovering Missing Stages in the Teaching of Algorithm Analysis: An APOS-based Study},
 booktitle = {Proceedings of the 18th Koli Calling International Conference on Computing Education Research},
 series = {Koli Calling '18},
 year = {2018},
 isbn = {978-1-4503-6535-2},
 location = {Koli, Finland},
 pages = {18:1--18:5},
 articleno = {18},
 numpages = {5},
 url = {http://doi.acm.org/10.1145/3279720.3279738},
 doi = {10.1145/3279720.3279738},
 acmid = {3279738},
 publisher = {ACM},
 address = {New York, NY, USA},
 keywords = {APOS theory, algorithm analysis, computing education},
}

@article{Verner:2004:RCL:1071620.1071622,
 author = {Verner, Igor M. and Ahlgren, David J.},
 title = {Robot Contest As a Laboratory for Experiential Engineering Education},
 journal = {J. Educ. Resour. Comput.},
 issue_date = {June 2004},
 volume = {4},
 number = {2},
 month = jun,
 year = {2004},
 issn = {1531-4278},
 articleno = {2},
 url = {http://doi.acm.org/10.1145/1071620.1071622},
 doi = {10.1145/1071620.1071622},
 acmid = {1071622},
 publisher = {ACM},
 address = {New York, NY, USA},
 keywords = {assessment, competition, design project, education, fire-fighting, learning by doing, olympiad, robot, robotics},
}

@inproceedings{Chiou:2012:DPN:2365946.2365948,
 author = {Chiou, Chuang-Kai and Tseng, Judy C.R.},
 title = {Design of a Personalized Navigation Support System for Context-aware Ubiquitous Learning Environment},
 booktitle = {Proceedings of the 2012 RecSys Workshop on Personalizing the Local Mobile Experience},
 series = {LocalPeMA '12},
 year = {2012},
 isbn = {978-1-4503-1639-2},
 location = {Dublin, Ireland},
 pages = {1--6},
 numpages = {6},
 url = {http://doi.acm.org/10.1145/2365946.2365948},
 doi = {10.1145/2365946.2365948},
 acmid = {2365948},
 publisher = {ACM},
 address = {New York, NY, USA},
 keywords = {learning orientation theory, learning style, navigation support, personalization, ubiquitous learning},
}

@inproceedings{Coleman:2012:CAC:2157136.2157220,
 author = {Coleman, Ben and Lang, Matthew},
 title = {Collaboration Across the Curriculum: A Disciplined Approach Todeveloping Team Skills},
 booktitle = {Proceedings of the 43rd ACM Technical Symposium on Computer Science Education},
 series = {SIGCSE '12},
 year = {2012},
 isbn = {978-1-4503-1098-7},
 location = {Raleigh, North Carolina, USA},
 pages = {277--282},
 numpages = {6},
 url = {http://doi.acm.org/10.1145/2157136.2157220},
 doi = {10.1145/2157136.2157220},
 acmid = {2157220},
 publisher = {ACM},
 address = {New York, NY, USA},
 keywords = {collaboration, communication, curriculum, teamwork},
}

@article{Burgess:2006:ALS:1089182.1089190,
 author = {Burgess, Gerald Alan and Hanshaw, Catherine},
 title = {Application of Learning Styles and Approaches in Computing Sciences Classes},
 journal = {J. Comput. Sci. Coll.},
 issue_date = {February 2006},
 volume = {21},
 number = {3},
 month = feb,
 year = {2006},
 issn = {1937-4771},
 pages = {60--68},
 numpages = {9},
 url = {http://dl.acm.org/citation.cfm?id=1089182.1089190},
 acmid = {1089190},
 publisher = {Consortium for Computing Sciences in Colleges},
 address = {USA},
}

@article{Miller:1993:MDS:164205.164223,
 author = {Miller, Diane M.},
 title = {MIS As a Discipline: A Structured Definition},
 journal = {SIGCSE Bull.},
 issue_date = {Dec. 1993},
 volume = {25},
 number = {4},
 month = dec,
 year = {1993},
 issn = {0097-8418},
 pages = {27--32},
 numpages = {6},
 url = {http://doi.acm.org/10.1145/164205.164223},
 doi = {10.1145/164205.164223},
 acmid = {164223},
 publisher = {ACM},
 address = {New York, NY, USA},
}

@inproceedings{Ruhi:2014:PPE:2656450.2656490,
 author = {Ruhi, Umar},
 title = {Prospects \&\#38; Practices for End-user Development Activities in Business Computing Education},
 booktitle = {Proceedings of the 15th Annual Conference on Information Technology Education},
 series = {SIGITE '14},
 year = {2014},
 isbn = {978-1-4503-2686-5},
 location = {Atlanta, Georgia, USA},
 pages = {1--2},
 numpages = {2},
 url = {http://doi.acm.org/10.1145/2656450.2656490},
 doi = {10.1145/2656450.2656490},
 acmid = {2656490},
 publisher = {ACM},
 address = {New York, NY, USA},
 keywords = {EUD, education, end-user development, information literacy, information science, information systems, pedagogy},
}

@article{Sanderson:2000:PAS:331795.331859,
 author = {Sanderson, Pete and Vollmar, Ken},
 title = {A Primer for Applying Service Learning to Computer Science},
 journal = {SIGCSE Bull.},
 issue_date = {Mar. 2000},
 volume = {32},
 number = {1},
 month = mar,
 year = {2000},
 issn = {0097-8418},
 pages = {222--226},
 numpages = {5},
 url = {http://doi.acm.org/10.1145/331795.331859},
 doi = {10.1145/331795.331859},
 acmid = {331859},
 publisher = {ACM},
 address = {New York, NY, USA},
}

@inproceedings{Sanderson:2000:PAS:330908.331859,
 author = {Sanderson, Pete and Vollmar, Ken},
 title = {A Primer for Applying Service Learning to Computer Science},
 booktitle = {Proceedings of the Thirty-first SIGCSE Technical Symposium on Computer Science Education},
 series = {SIGCSE '00},
 year = {2000},
 isbn = {1-58113-213-1},
 location = {Austin, Texas, USA},
 pages = {222--226},
 numpages = {5},
 url = {http://doi.acm.org/10.1145/330908.331859},
 doi = {10.1145/330908.331859},
 acmid = {331859},
 publisher = {ACM},
 address = {New York, NY, USA},
}

@inproceedings{Ras:2008:IAU:1414004.1414058,
 author = {Ras, Eric},
 title = {Improving Application and Understanding of Experience Packages Through Learning Spaces},
 booktitle = {Proceedings of the Second ACM-IEEE International Symposium on Empirical Software Engineering and Measurement},
 series = {ESEM '08},
 year = {2008},
 isbn = {978-1-59593-971-5},
 location = {Kaiserslautern, Germany},
 pages = {297--299},
 numpages = {3},
 url = {http://doi.acm.org/10.1145/1414004.1414058},
 doi = {10.1145/1414004.1414058},
 acmid = {1414058},
 publisher = {ACM},
 address = {New York, NY, USA},
 keywords = {controlled experiment, experience factory, experience management, experience package, experiential learning, learning space},
}

@inproceedings{McCartney:2010:CSL:1930464.1930470,
 author = {McCartney, Robert and Eckerdal, Anna and Mostr\"{o}m, Jan Erik and Sanders, Kate and Thomas, Lynda and Zander, Carol},
 title = {Computing Students Learning Computing Informally},
 booktitle = {Proceedings of the 10th Koli Calling International Conference on Computing Education Research},
 series = {Koli Calling '10},
 year = {2010},
 isbn = {978-1-4503-0520-4},
 location = {Koli, Finland},
 pages = {43--48},
 numpages = {6},
 url = {http://doi.acm.org/10.1145/1930464.1930470},
 doi = {10.1145/1930464.1930470},
 acmid = {1930470},
 publisher = {ACM},
 address = {New York, NY, USA},
 keywords = {informal learning, self-directed learning},
}

@inproceedings{Santos:2015:CCL:2729094.2742602,
 author = {Santos, Alan R. and Sales, Afonso and Fernandes, Paulo and Nichols, Mark},
 title = {Combining Challenge-Based Learning and Scrum Framework for Mobile Application Development},
 booktitle = {Proceedings of the 2015 ACM Conference on Innovation and Technology in Computer Science Education},
 series = {ITiCSE '15},
 year = {2015},
 isbn = {978-1-4503-3440-2},
 location = {Vilnius, Lithuania},
 pages = {189--194},
 numpages = {6},
 url = {http://doi.acm.org/10.1145/2729094.2742602},
 doi = {10.1145/2729094.2742602},
 acmid = {2742602},
 publisher = {ACM},
 address = {New York, NY, USA},
 keywords = {CBL, mobile application development, scrum},
}

@inproceedings{Sabin:2008:CEL:1414558.1414600,
 author = {Sabin, Mihaela},
 title = {A Collaborative and Experiential Learning Model Powered by Real-world Projects},
 booktitle = {Proceedings of the 9th ACM SIGITE Conference on Information Technology Education},
 series = {SIGITE '08},
 year = {2008},
 isbn = {978-1-60558-329-7},
 location = {Cincinnati, OH, USA},
 pages = {157--164},
 numpages = {8},
 url = {http://doi.acm.org/10.1145/1414558.1414600},
 doi = {10.1145/1414558.1414600},
 acmid = {1414600},
 publisher = {ACM},
 address = {New York, NY, USA},
 keywords = {guided instruction, interactive teaching, real-world team projects, self assessment and assessment of teamwork},
}

@inproceedings{Gutica:2018:ISE:3197091.3205836,
 author = {Gutica, Mirela},
 title = {Improving Students\&\#39; Engagement with Large-team Software Development Projects},
 booktitle = {Proceedings of the 23rd Annual ACM Conference on Innovation and Technology in Computer Science Education},
 series = {ITiCSE 2018},
 year = {2018},
 isbn = {978-1-4503-5707-4},
 location = {Larnaca, Cyprus},
 pages = {356--357},
 numpages = {2},
 url = {http://doi.acm.org/10.1145/3197091.3205836},
 doi = {10.1145/3197091.3205836},
 acmid = {3205836},
 publisher = {ACM},
 address = {New York, NY, USA},
 keywords = {Software development, agile development, large-team project, student engagement, teamwork},
}

@article{Whitehurst:1998:USM:290320.283558,
 author = {Whitehurst, R. Alan and Powell, Christopher L. and Izatt, Jason S.},
 title = {Utilising the Student Model in Distance Learning},
 journal = {SIGCSE Bull.},
 issue_date = {Sept. 1998},
 volume = {30},
 number = {3},
 month = aug,
 year = {1998},
 issn = {0097-8418},
 pages = {254--256},
 numpages = {3},
 url = {http://doi.acm.org/10.1145/290320.283558},
 doi = {10.1145/290320.283558},
 acmid = {283558},
 publisher = {ACM},
 address = {New York, NY, USA},
}

@inproceedings{Whitehurst:1998:USM:282991.283558,
 author = {Whitehurst, R. Alan and Powell, Christopher L. and Izatt, Jason S.},
 title = {Utilising the Student Model in Distance Learning},
 booktitle = {Proceedings of the 6th Annual Conference on the Teaching of Computing and the 3rd Annual Conference on Integrating Technology into Computer Science Education: Changing the Delivery of Computer Science Education},
 series = {ITiCSE '98},
 year = {1998},
 isbn = {1-58113-000-7},
 location = {Dublin City Univ., Ireland},
 pages = {254--256},
 numpages = {3},
 url = {http://doi.acm.org/10.1145/282991.283558},
 doi = {10.1145/282991.283558},
 acmid = {283558},
 publisher = {ACM},
 address = {New York, NY, USA},
}

@article{Wu:1998:CMC:274790.274315,
 author = {Wu, Cheng-Chih and Dale, Nell B. and Bethel, Lowell J.},
 title = {Conceptual Models and Cognitive Learning Styles in Teaching Recursion},
 journal = {SIGCSE Bull.},
 issue_date = {Mar. 1998},
 volume = {30},
 number = {1},
 month = mar,
 year = {1998},
 issn = {0097-8418},
 pages = {292--296},
 numpages = {5},
 url = {http://doi.acm.org/10.1145/274790.274315},
 doi = {10.1145/274790.274315},
 acmid = {274315},
 publisher = {ACM},
 address = {New York, NY, USA},
}

@inproceedings{Wu:1998:CMC:273133.274315,
 author = {Wu, Cheng-Chih and Dale, Nell B. and Bethel, Lowell J.},
 title = {Conceptual Models and Cognitive Learning Styles in Teaching Recursion},
 booktitle = {Proceedings of the Twenty-ninth SIGCSE Technical Symposium on Computer Science Education},
 series = {SIGCSE '98},
 year = {1998},
 isbn = {0-89791-994-7},
 location = {Atlanta, Georgia, USA},
 pages = {292--296},
 numpages = {5},
 url = {http://doi.acm.org/10.1145/273133.274315},
 doi = {10.1145/273133.274315},
 acmid = {274315},
 publisher = {ACM},
 address = {New York, NY, USA},
}

@inproceedings{Antle:2010:FDC:1935701.1935721,
 author = {Antle, Alissa N. and Bevans, Allen and Tanenbaum, Josh and Seaborn, Katie and Wang, Sijie},
 title = {Futura: Design for Collaborative Learning and Game Play on a Multi-touch Digital Tabletop},
 booktitle = {Proceedings of the Fifth International Conference on Tangible, Embedded, and Embodied Interaction},
 series = {TEI '11},
 year = {2011},
 isbn = {978-1-4503-0478-8},
 location = {Funchal, Portugal},
 pages = {93--100},
 numpages = {8},
 url = {http://doi.acm.org/10.1145/1935701.1935721},
 doi = {10.1145/1935701.1935721},
 acmid = {1935721},
 publisher = {ACM},
 address = {New York, NY, USA},
 keywords = {collaboration, design evaluation, design rationale, educational games, interactive surfaces, multi-touch interaction, simulation games, tabletop games},
}

@inproceedings{Hardy:2018:CCD:3160489.3160494,
 author = {Hardy, Dianna and Myers, Trina and Sankupellay, Mangalam},
 title = {Cohorts and Cultures: Developing Future Design Thinkers},
 booktitle = {Proceedings of the 20th Australasian Computing Education Conference},
 series = {ACE '18},
 year = {2018},
 isbn = {978-1-4503-6340-2},
 location = {Brisbane, Queensland, Australia},
 pages = {9--16},
 numpages = {8},
 url = {http://doi.acm.org/10.1145/3160489.3160494},
 doi = {10.1145/3160489.3160494},
 acmid = {3160494},
 publisher = {ACM},
 address = {New York, NY, USA},
 keywords = {design sprint, design thinking, employability},
}

@article{Apiola:2012:CLE:2275597.2275600,
 author = {Apiola, Mikko and Lattu, Matti and Pasanen, Tomi A.},
 title = {Creativity-Supporting Learning Environment---CSLE},
 journal = {Trans. Comput. Educ.},
 issue_date = {July 2012},
 volume = {12},
 number = {3},
 month = jul,
 year = {2012},
 issn = {1946-6226},
 pages = {11:1--11:25},
 articleno = {11},
 numpages = {25},
 url = {http://doi.acm.org/10.1145/2275597.2275600},
 doi = {10.1145/2275597.2275600},
 acmid = {2275600},
 publisher = {ACM},
 address = {New York, NY, USA},
 keywords = {Robotics, creativity, motivation, open learning environment},
}

@inproceedings{Holmes:2014:LLM:2591062.2591160,
 author = {Holmes, Reid and Craig, Michelle and Reid, Karen and Stroulia, Eleni},
 title = {Lessons Learned Managing Distributed Software Engineering Courses},
 booktitle = {Companion Proceedings of the 36th International Conference on Software Engineering},
 series = {ICSE Companion 2014},
 year = {2014},
 isbn = {978-1-4503-2768-8},
 location = {Hyderabad, India},
 pages = {321--324},
 numpages = {4},
 url = {http://doi.acm.org/10.1145/2591062.2591160},
 doi = {10.1145/2591062.2591160},
 acmid = {2591160},
 publisher = {ACM},
 address = {New York, NY, USA},
 keywords = {OSS, Software engineering education, project-based courses},
}

@article{Bakar:2011:FMC:1963533.1963534,
 author = {Bakar, Ahmad Zaki Abu},
 title = {The Forgotten Majority of Computing Have-nots},
 journal = {ACM Inroads},
 issue_date = {June 2011},
 volume = {2},
 number = {2},
 month = jun,
 year = {2011},
 issn = {2153-2184},
 pages = {4--10},
 numpages = {7},
 url = {http://doi.acm.org/10.1145/1963533.1963534},
 doi = {10.1145/1963533.1963534},
 acmid = {1963534},
 publisher = {ACM},
 address = {New York, NY, USA},
 keywords = {Digital disparity, curriculum design, experiential learning},
}

@inproceedings{Gama:2018:HFL:3197091.3197138,
 author = {Gama, Kiev and Alencar Gon\c{c}alves, Breno and Alessio, Pedro},
 title = {Hackathons in the Formal Learning Process},
 booktitle = {Proceedings of the 23rd Annual ACM Conference on Innovation and Technology in Computer Science Education},
 series = {ITiCSE 2018},
 year = {2018},
 isbn = {978-1-4503-5707-4},
 location = {Larnaca, Cyprus},
 pages = {248--253},
 numpages = {6},
 url = {http://doi.acm.org/10.1145/3197091.3197138},
 doi = {10.1145/3197091.3197138},
 acmid = {3197138},
 publisher = {ACM},
 address = {New York, NY, USA},
 keywords = {Challenge-based learning, Hackathon, IoT, Situated Learning},
}

@article{Atkinson:2002:GOA:772636.772675,
 author = {Atkinson, Tom and Atkinson, Rhonda H. and Smith, Diane},
 title = {GOALS (Graduate Online Active Learning Strategies)},
 journal = {J. Comput. Sci. Coll.},
 issue_date = {February 2002},
 volume = {17},
 number = {3},
 month = feb,
 year = {2002},
 issn = {1937-4771},
 pages = {251--264},
 numpages = {14},
 url = {http://dl.acm.org/citation.cfm?id=772636.772675},
 acmid = {772675},
 publisher = {Consortium for Computing Sciences in Colleges},
 address = {USA},
}

@inproceedings{Wells:2004:CKS:979968.980013,
 author = {Wells, Marilyn A. and Brook, Phillip W.},
 title = {Conversational KM: Student Driven Learning},
 booktitle = {Proceedings of the Sixth Australasian Conference on Computing Education - Volume 30},
 series = {ACE '04},
 year = {2004},
 location = {Dunedin, New Zealand},
 pages = {335--341},
 numpages = {7},
 url = {http://dl.acm.org/citation.cfm?id=979968.980013},
 acmid = {980013},
 publisher = {Australian Computer Society, Inc.},
 address = {Darlinghurst, Australia, Australia},
 keywords = {Web-based learning, collaboration, cooperation, knowledge acquisition, knowledge management, knowledge sharing},
}

@inproceedings{Alekh:2018:ASF:3213818.3213830,
 author = {Alekh, Velayudhan and Vennila, Vilvanathan and Nair, Rahul and Susmitha, Vattigunta and Muraleedharan, Anirudh and Alkoyak-Yildiz, Meltem and Akshay, Nagarajan and Bhavani, Rao R.},
 title = {Aim for the Sky: Fostering a Constructionist Learning Environment for Teaching Maker Skills to Children in India},
 booktitle = {Proceedings of the Conference on Creativity and Making in Education},
 series = {FabLearn Europe'18},
 year = {2018},
 isbn = {978-1-4503-5371-7},
 location = {Trondheim, Norway},
 pages = {87--94},
 numpages = {8},
 url = {http://doi.acm.org/10.1145/3213818.3213830},
 doi = {10.1145/3213818.3213830},
 acmid = {3213830},
 publisher = {ACM},
 address = {New York, NY, USA},
 keywords = {21st century skills, Experiential learning, Higher order thinking skills, Product design, STEM, co-creation, constraint based design, constructionism, middle school education, participatory design},
}

@article{McKenna:2004:GBB:1060071.1060077,
 author = {McKenna, Peter},
 title = {Gender and Black Boxes in the Programming Curriculum},
 journal = {J. Educ. Resour. Comput.},
 issue_date = {March 2004},
 volume = {4},
 number = {1},
 month = mar,
 year = {2004},
 issn = {1531-4278},
 articleno = {6},
 url = {http://doi.acm.org/10.1145/1060071.1060077},
 doi = {10.1145/1060071.1060077},
 acmid = {1060077},
 publisher = {ACM},
 address = {New York, NY, USA},
 keywords = {Gender, black boxes, programming styles},
}

@inproceedings{Ham:2019:SGI:3287324.3287355,
 author = {Ham, Yeajin and Myers, Brandon},
 title = {Supporting Guided Inquiry with Cooperative Learning in Computer Organization},
 booktitle = {Proceedings of the 50th ACM Technical Symposium on Computer Science Education},
 series = {SIGCSE '19},
 year = {2019},
 isbn = {978-1-4503-5890-3},
 location = {Minneapolis, MN, USA},
 pages = {273--279},
 numpages = {7},
 url = {http://doi.acm.org/10.1145/3287324.3287355},
 doi = {10.1145/3287324.3287355},
 acmid = {3287355},
 publisher = {ACM},
 address = {New York, NY, USA},
 keywords = {collaborative learning, computer architecture, computer organization, cooperative learning, guided inquiry, pogil},
}

@inproceedings{Brown:2010:SPC:1971681.1971689,
 author = {Brown, Richard and Shoop, Elizabeth and Adams, Joel and Clifton, Curtis and Gardner, Mark and Haupt, Michael and Hinsbeeck, Peter},
 title = {Strategies for Preparing Computer Science Students for the Multicore World},
 booktitle = {Proceedings of the 2010 ITiCSE Working Group Reports},
 series = {ITiCSE-WGR '10},
 year = {2010},
 isbn = {978-1-4503-0677-5},
 location = {Ankara, Turkey},
 pages = {97--115},
 numpages = {19},
 url = {http://doi.acm.org/10.1145/1971681.1971689},
 doi = {10.1145/1971681.1971689},
 acmid = {1971689},
 publisher = {ACM},
 address = {New York, NY, USA},
 keywords = {multi-core computing, parallelism},
}

@article{Du:2008:SSI:1348713.1348716,
 author = {Du, Wenliang and Wang, Ronghua},
 title = {SEED: A Suite of Instructional Laboratories for Computer Security Education},
 journal = {J. Educ. Resour. Comput.},
 issue_date = {March 2008},
 volume = {8},
 number = {1},
 month = mar,
 year = {2008},
 issn = {1531-4278},
 pages = {3:1--3:24},
 articleno = {3},
 numpages = {24},
 url = {http://doi.acm.org/10.1145/1348713.1348716},
 doi = {10.1145/1348713.1348716},
 acmid = {1348716},
 publisher = {ACM},
 address = {New York, NY, USA},
 keywords = {education, instructional laboratories, security},
}

@inproceedings{Hellmig:2015:UAC:2818314.2818337,
 author = {Hellmig, Lutz and Hempel, Tino},
 title = {Using -- Analysing -- Creating -- Embedding: A Framework for Scaffolded Problem-Based Discovery Learning in Informatics' Education},
 booktitle = {Proceedings of the Workshop in Primary and Secondary Computing Education},
 series = {WiPSCE '15},
 year = {2015},
 isbn = {978-1-4503-3753-3},
 location = {London, United Kingdom},
 pages = {17--20},
 numpages = {4},
 url = {http://doi.acm.org/10.1145/2818314.2818337},
 doi = {10.1145/2818314.2818337},
 acmid = {2818337},
 publisher = {ACM},
 address = {New York, NY, USA},
 keywords = {discovery learning, inductive learning, learner centered, scaffolding},
}

@article{Leidig:2006:UCN:1140123.1140165,
 author = {Leidig, Paul M. and Ferguson, Roger and Leidig, Jonathan},
 title = {The Use of Community-based Non-profit Organizations in Information Systems Capstone Projects},
 journal = {SIGCSE Bull.},
 issue_date = {September 2006},
 volume = {38},
 number = {3},
 month = jun,
 year = {2006},
 issn = {0097-8418},
 pages = {148--152},
 numpages = {5},
 url = {http://doi.acm.org/10.1145/1140123.1140165},
 doi = {10.1145/1140123.1140165},
 acmid = {1140165},
 publisher = {ACM},
 address = {New York, NY, USA},
 keywords = {capstone projects, community-based projects, non-profit organizations},
}

@inproceedings{Leidig:2006:UCN:1140124.1140165,
 author = {Leidig, Paul M. and Ferguson, Roger and Leidig, Jonathan},
 title = {The Use of Community-based Non-profit Organizations in Information Systems Capstone Projects},
 booktitle = {Proceedings of the 11th Annual SIGCSE Conference on Innovation and Technology in Computer Science Education},
 series = {ITICSE '06},
 year = {2006},
 isbn = {1-59593-055-8},
 location = {Bologna, Italy},
 pages = {148--152},
 numpages = {5},
 url = {http://doi.acm.org/10.1145/1140124.1140165},
 doi = {10.1145/1140124.1140165},
 acmid = {1140165},
 publisher = {ACM},
 address = {New York, NY, USA},
 keywords = {capstone projects, community-based projects, non-profit organizations},
}

@inproceedings{Urness:2017:HOL:3059009.3059014,
 author = {Urness, Timothy},
 title = {A Hybrid Open/Closed Lab for CS 1},
 booktitle = {Proceedings of the 2017 ACM Conference on Innovation and Technology in Computer Science Education},
 series = {ITiCSE '17},
 year = {2017},
 isbn = {978-1-4503-4704-4},
 location = {Bologna, Italy},
 pages = {46--51},
 numpages = {6},
 url = {http://doi.acm.org/10.1145/3059009.3059014},
 doi = {10.1145/3059009.3059014},
 acmid = {3059014},
 publisher = {ACM},
 address = {New York, NY, USA},
 keywords = {closed labs, cs 1, open labs},
}

@inproceedings{Guibert:2005:VDA:1148550.1148569,
 author = {Guibert, Nicolas and Guittet, Laurent and Girard, Patrick},
 title = {Validation D'Une Approche \guillemotleft Bas{\'e}e Sur Exemples ' Pour L'Apprentissage De La Programmation},
 booktitle = {Proceedings of the 17th Conference on L'Interaction Homme-Machine},
 series = {IHM '05},
 year = {2005},
 isbn = {1-59593-192-9},
 location = {Toulouse, France},
 pages = {147--154},
 numpages = {8},
 url = {http://doi.acm.org/10.1145/1148550.1148569},
 doi = {10.1145/1148550.1148569},
 acmid = {1148569},
 publisher = {ACM},
 address = {New York, NY, USA},
 keywords = {computer-aided learning \& teaching, experimentations, programming by demonstration, psychology \& didactics of programming},
}

@inproceedings{Bednarik:2012:SWS:2401796.2401811,
 author = {Bednarik, Roman and Herout, Adam},
 title = {What Students Want: A Study on the Role of the Supervisor of Final Works in Computing Education},
 booktitle = {Proceedings of the 12th Koli Calling International Conference on Computing Education Research},
 series = {Koli Calling '12},
 year = {2012},
 isbn = {978-1-4503-1795-5},
 location = {Koli, Finland},
 pages = {118--125},
 numpages = {8},
 url = {http://doi.acm.org/10.1145/2401796.2401811},
 doi = {10.1145/2401796.2401811},
 acmid = {2401811},
 publisher = {ACM},
 address = {New York, NY, USA},
 keywords = {MSc. \& BSc. final thesis, need for cognition, supervision, thesis supervisor},
}

@inproceedings{Riese:2019:PIC:3304221.3319754,
 author = {Riese, Emma and B\"{a}lter, Olle and Hedin, Bj\"{o}rn and Kann, Viggo},
 title = {Programme Integrating Courses Fighting to Get Engineers to Reflect on Non-technical Topics},
 booktitle = {Proceedings of the 2019 ACM Conference on Innovation and Technology in Computer Science Education},
 series = {ITiCSE '19},
 year = {2019},
 isbn = {978-1-4503-6301-3},
 location = {Aberdeen, Scotland Uk},
 pages = {133--139},
 numpages = {7},
 url = {http://doi.acm.org/10.1145/3304221.3319754},
 doi = {10.1145/3304221.3319754},
 acmid = {3319754},
 publisher = {ACM},
 address = {New York, NY, USA},
 keywords = {assessment, engineering students, higher education, programme integrating course, reflection},
}

@article{Lewandowski:1998:CST:274790.274319,
 author = {Lewandowski, Gary and Morehead, Amy},
 title = {Computer Science Through the Eyes of Dead Monkeys: Learning Styles and Interaction in CS I},
 journal = {SIGCSE Bull.},
 issue_date = {Mar. 1998},
 volume = {30},
 number = {1},
 month = mar,
 year = {1998},
 issn = {0097-8418},
 pages = {312--316},
 numpages = {5},
 url = {http://doi.acm.org/10.1145/274790.274319},
 doi = {10.1145/274790.274319},
 acmid = {274319},
 publisher = {ACM},
 address = {New York, NY, USA},
}

@inproceedings{Lewandowski:1998:CST:273133.274319,
 author = {Lewandowski, Gary and Morehead, Amy},
 title = {Computer Science Through the Eyes of Dead Monkeys: Learning Styles and Interaction in CS I},
 booktitle = {Proceedings of the Twenty-ninth SIGCSE Technical Symposium on Computer Science Education},
 series = {SIGCSE '98},
 year = {1998},
 isbn = {0-89791-994-7},
 location = {Atlanta, Georgia, USA},
 pages = {312--316},
 numpages = {5},
 url = {http://doi.acm.org/10.1145/273133.274319},
 doi = {10.1145/273133.274319},
 acmid = {274319},
 publisher = {ACM},
 address = {New York, NY, USA},
}

@inproceedings{Potgieter:2004:CIW:979968.980001,
 author = {Potgieter, B. Christo},
 title = {Change and Innovation We Expect of ICT Teaching Staff},
 booktitle = {Proceedings of the Sixth Australasian Conference on Computing Education - Volume 30},
 series = {ACE '04},
 year = {2004},
 location = {Dunedin, New Zealand},
 pages = {247--253},
 numpages = {7},
 url = {http://dl.acm.org/citation.cfm?id=979968.980001},
 acmid = {980001},
 publisher = {Australian Computer Society, Inc.},
 address = {Darlinghurst, Australia, Australia},
 keywords = {change, innovation, teaching},
}

@inproceedings{Newman:2003:OEG:858403.858415,
 author = {Newman, Ian and Daniels, Mats and Faulkner, Xristine},
 title = {Open Ended Group Projects a 'Tool' for More Effective Teaching},
 booktitle = {Proceedings of the Fifth Australasian Conference on Computing Education - Volume 20},
 series = {ACE '03},
 year = {2003},
 isbn = {0-909925-98-4},
 location = {Adelaide, Australia},
 pages = {95--103},
 numpages = {9},
 url = {http://dl.acm.org/citation.cfm?id=858403.858415},
 acmid = {858415},
 publisher = {Australian Computer Society, Inc.},
 address = {Darlinghurst, Australia, Australia},
 keywords = {OEPG, constructivism, motivation, problem based learning},
}

@inproceedings{Furtado:2018:MTS:3183440.3195052,
 author = {Furtado, Julio Cezar Costa and Oliveira, Sandro Ronaldo Bezerra},
 title = {A Methodology to Teaching Statistical Process Control for Software Engineers},
 booktitle = {Proceedings of the 40th International Conference on Software Engineering: Companion Proceeedings},
 series = {ICSE '18},
 year = {2018},
 isbn = {978-1-4503-5663-3},
 location = {Gothenburg, Sweden},
 pages = {137--138},
 numpages = {2},
 url = {http://doi.acm.org/10.1145/3183440.3195052},
 doi = {10.1145/3183440.3195052},
 acmid = {3195052},
 publisher = {ACM},
 address = {New York, NY, USA},
 keywords = {computer course, software engineering education, statistical process control, teaching methodology},
}

@inproceedings{Price:2010:ART:1709886.1709913,
 author = {Price, Sara and Sheridan, Jennifer G. and Pontual Falc\~{a}o, Taciana},
 title = {Action and Representation in Tangible Systems: Implications for Design of Learning Interactions},
 booktitle = {Proceedings of the Fourth International Conference on Tangible, Embedded, and Embodied Interaction},
 series = {TEI '10},
 year = {2010},
 isbn = {978-1-60558-841-4},
 location = {Cambridge, Massachusetts, USA},
 pages = {145--152},
 numpages = {8},
 url = {http://doi.acm.org/10.1145/1709886.1709913},
 doi = {10.1145/1709886.1709913},
 acmid = {1709913},
 publisher = {ACM},
 address = {New York, NY, USA},
 keywords = {action, design, interaction, learning opportunities, tangible systems},
}

@article{Fuller:2007:DCS:1345375.1345438,
 author = {Fuller, Ursula and Johnson, Colin G. and Ahoniemi, Tuukka and Cukierman, Diana and Hern\'{a}n-Losada, Isidoro and Jackova, Jana and Lahtinen, Essi and Lewis, Tracy L. and Thompson, Donna McGee and Riedesel, Charles and Thompson, Errol},
 title = {Developing a Computer Science-specific Learning Taxonomy},
 journal = {SIGCSE Bull.},
 issue_date = {December 2007},
 volume = {39},
 number = {4},
 month = dec,
 year = {2007},
 issn = {0097-8418},
 pages = {152--170},
 numpages = {19},
 url = {http://doi.acm.org/10.1145/1345375.1345438},
 doi = {10.1145/1345375.1345438},
 acmid = {1345438},
 publisher = {ACM},
 address = {New York, NY, USA},
 keywords = {assessment, benchmarking, computer science education, credit transfer, curricula, taxonomies of learning},
}

@inproceedings{Fuller:2007:DCS:1345443.1345438,
 author = {Fuller, Ursula and Johnson, Colin G. and Ahoniemi, Tuukka and Cukierman, Diana and Hern\'{a}n-Losada, Isidoro and Jackova, Jana and Lahtinen, Essi and Lewis, Tracy L. and Thompson, Donna McGee and Riedesel, Charles and Thompson, Errol},
 title = {Developing a Computer Science-specific Learning Taxonomy},
 booktitle = {Working Group Reports on ITiCSE on Innovation and Technology in Computer Science Education},
 series = {ITiCSE-WGR '07},
 year = {2007},
 location = {Dundee, Scotland},
 pages = {152--170},
 numpages = {19},
 url = {http://doi.acm.org/10.1145/1345443.1345438},
 doi = {10.1145/1345443.1345438},
 acmid = {1345438},
 publisher = {ACM},
 address = {New York, NY, USA},
 keywords = {assessment, benchmarking, computer science education, credit transfer, curricula, taxonomies of learning},
}

@inproceedings{Kim:2018:DCE:3290511.3290524,
 author = {Kim, Eunyoung and Beuran, Razvan},
 title = {On Designing a Cybersecurity Educational Program for Higher Education},
 booktitle = {Proceedings of the 10th International Conference on Education Technology and Computers},
 series = {ICETC '18},
 year = {2018},
 isbn = {978-1-4503-6517-8},
 location = {Tokyo, Japan},
 pages = {195--200},
 numpages = {6},
 url = {http://doi.acm.org/10.1145/3290511.3290524},
 doi = {10.1145/3290511.3290524},
 acmid = {3290524},
 publisher = {ACM},
 address = {New York, NY, USA},
 keywords = {curriculum design, cybersecurity education, educational content, pedagogical methods},
}

@article{Plimmer:2006:PTE:1140123.1140141,
 author = {Plimmer, Beryl and Amor, Robert},
 title = {Peer Teaching Extends HCI Learning},
 journal = {SIGCSE Bull.},
 issue_date = {September 2006},
 volume = {38},
 number = {3},
 month = jun,
 year = {2006},
 issn = {0097-8418},
 pages = {53--57},
 numpages = {5},
 url = {http://doi.acm.org/10.1145/1140123.1140141},
 doi = {10.1145/1140123.1140141},
 acmid = {1140141},
 publisher = {ACM},
 address = {New York, NY, USA},
 keywords = {HCI education, group projects, peer teaching},
}

@inproceedings{Plimmer:2006:PTE:1140124.1140141,
 author = {Plimmer, Beryl and Amor, Robert},
 title = {Peer Teaching Extends HCI Learning},
 booktitle = {Proceedings of the 11th Annual SIGCSE Conference on Innovation and Technology in Computer Science Education},
 series = {ITICSE '06},
 year = {2006},
 isbn = {1-59593-055-8},
 location = {Bologna, Italy},
 pages = {53--57},
 numpages = {5},
 url = {http://doi.acm.org/10.1145/1140124.1140141},
 doi = {10.1145/1140124.1140141},
 acmid = {1140141},
 publisher = {ACM},
 address = {New York, NY, USA},
 keywords = {HCI education, group projects, peer teaching},
}

@inproceedings{Zilora:2015:IPC:2808006.2808029,
 author = {Zilora, Stephen J.},
 title = {Industry-Emulated Projects in the Classroom},
 booktitle = {Proceedings of the 16th Annual Conference on Information Technology Education},
 series = {SIGITE '15},
 year = {2015},
 isbn = {978-1-4503-3835-6},
 location = {Chicago, Illinois, USA},
 pages = {115--119},
 numpages = {5},
 url = {http://doi.acm.org/10.1145/2808006.2808029},
 doi = {10.1145/2808006.2808029},
 acmid = {2808029},
 publisher = {ACM},
 address = {New York, NY, USA},
 keywords = {capstone, course, curriculum, industry, information technology, international, project, team},
}

@inproceedings{Tsang:2018:ELT:3209635.3209645,
 author = {Tsang, Herbert H. and Hanbidge, Alice Schmidt and Tin, Tony},
 title = {Experiential Learning Through Inter-University Collaboration Research Project in Academic Integrity},
 booktitle = {Proceedings of the 23rd Western Canadian Conference on Computing Education},
 series = {WCCCE '18},
 year = {2018},
 isbn = {978-1-4503-5805-7},
 location = {Victoria, BC, Canada},
 pages = {5:1--5:6},
 articleno = {5},
 numpages = {6},
 url = {http://doi.acm.org/10.1145/3209635.3209645},
 doi = {10.1145/3209635.3209645},
 acmid = {3209645},
 publisher = {ACM},
 address = {New York, NY, USA},
 keywords = {Education methods, academic integrity, computing science education, core values, experiential learning, m-learning, mobile learning, plagiarism, real-world experience, research},
}

@inproceedings{Naps:2003:EEI:960875.960540,
 author = {Naps, Thomas and Cooper, Stephen and Koldehofe, Boris and Leska, Charles and R\"{o}\ssling, Guido and Dann, Wanda and Korhonen, Ari and Malmi, Lauri and Rantakokko, Jarmo and Ross, Rockford J. and Anderson, Jay and Fleischer, Rudolf and Kuittinen, Marja and McNally, Myles},
 title = {Evaluating the Educational Impact of Visualization},
 booktitle = {Working Group Reports from ITiCSE on Innovation and Technology in Computer Science Education},
 series = {ITiCSE-WGR '03},
 year = {2003},
 location = {Thessaloniki, Greece},
 pages = {124--136},
 numpages = {13},
 url = {http://doi.acm.org/10.1145/960492.960540},
 doi = {10.1145/960492.960540},
 acmid = {960540},
 publisher = {ACM},
 address = {New York, NY, USA},
 keywords = {animation, pedagogy, visualization},
}

@article{Naps:2003:EEI:960492.960540,
 author = {Naps, Thomas and Cooper, Stephen and Koldehofe, Boris and Leska, Charles and R\"{o}\ssling, Guido and Dann, Wanda and Korhonen, Ari and Malmi, Lauri and Rantakokko, Jarmo and Ross, Rockford J. and Anderson, Jay and Fleischer, Rudolf and Kuittinen, Marja and McNally, Myles},
 title = {Evaluating the Educational Impact of Visualization},
 journal = {SIGCSE Bull.},
 issue_date = {December 2003},
 volume = {35},
 number = {4},
 month = jun,
 year = {2003},
 issn = {0097-8418},
 pages = {124--136},
 numpages = {13},
 url = {http://doi.acm.org/10.1145/960492.960540},
 doi = {10.1145/960492.960540},
 acmid = {960540},
 publisher = {ACM},
 address = {New York, NY, USA},
 keywords = {animation, pedagogy, visualization},
}

@inproceedings{Alaoutinen:2010:ELS:1930464.1930465,
 author = {Alaoutinen, Satu},
 title = {Effects of Learning Style and Student Background on Self-assessment and Course Performance},
 booktitle = {Proceedings of the 10th Koli Calling International Conference on Computing Education Research},
 series = {Koli Calling '10},
 year = {2010},
 isbn = {978-1-4503-0520-4},
 location = {Koli, Finland},
 pages = {5--12},
 numpages = {8},
 url = {http://doi.acm.org/10.1145/1930464.1930465},
 doi = {10.1145/1930464.1930465},
 acmid = {1930465},
 publisher = {ACM},
 address = {New York, NY, USA},
 keywords = {Bloom's revised taxonomy, learning style, programming, self-assessment},
}

@inproceedings{Anderson:2012:EUP:2380552.2380595,
 author = {Anderson, Mark and Gavan, Collette},
 title = {Engaging Undergraduate Programming Students: Experiences Using Lego Mindstorms NXT},
 booktitle = {Proceedings of the 13th Annual Conference on Information Technology Education},
 series = {SIGITE '12},
 year = {2012},
 isbn = {978-1-4503-1464-0},
 location = {Calgary, Alberta, Canada},
 pages = {139--144},
 numpages = {6},
 url = {http://doi.acm.org/10.1145/2380552.2380595},
 doi = {10.1145/2380552.2380595},
 acmid = {2380595},
 publisher = {ACM},
 address = {New York, NY, USA},
 keywords = {programming, student engagement, teaching},
}

@inproceedings{Morgan:2017:EMS:3141880.3141887,
 author = {Morgan, Michael and Nyl{\'e}n, Aletta and Butler, Matthew and Eckerdal, Anna and Thota, Neena and Kinnunen, P\"{a}ivi},
 title = {Examining Manual and Semi-automated Methods of Analysing MOOC Data for Computing Education},
 booktitle = {Proceedings of the 17th Koli Calling International Conference on Computing Education Research},
 series = {Koli Calling '17},
 year = {2017},
 isbn = {978-1-4503-5301-4},
 location = {Koli, Finland},
 pages = {153--157},
 numpages = {5},
 url = {http://doi.acm.org/10.1145/3141880.3141887},
 doi = {10.1145/3141880.3141887},
 acmid = {3141887},
 publisher = {ACM},
 address = {New York, NY, USA},
 keywords = {MOOC, data analysis, online discussion, programming},
}

@inproceedings{Hogue:2010:SGC:1994486.1994494,
 author = {Hogue, Andrew and Kapralos, Bill and Pierce, Teresa},
 title = {A Serious Game for Collaborative Intercultural Business Communication},
 booktitle = {Proceedings of the 13th International Conference on Humans and Computers},
 series = {HC '10},
 year = {2010},
 location = {Aizu-Wakamatsu, Japan},
 pages = {15--21},
 numpages = {7},
 url = {http://dl.acm.org/citation.cfm?id=1994486.1994494},
 acmid = {1994494},
 publisher = {University of Aizu Press},
 address = {Fukushima-ken, Japan, Japan},
 keywords = {Second Life, collaborative learning environment, cultural sensitivity, interactive learning, learner-centered teaching, serious games},
}

@inproceedings{Baumer:2009:FMC:1640233.1640280,
 author = {Baumer, Eric P.S. and Tomlinson, Bill and Richland, Lindsey E. and Hansen, Janice},
 title = {Fostering Metaphorical Creativity Using Computational Metaphor Identification},
 booktitle = {Proceedings of the Seventh ACM Conference on Creativity and Cognition},
 series = {C\&\#38;C '09},
 year = {2009},
 isbn = {978-1-60558-865-0},
 location = {Berkeley, California, USA},
 pages = {315--324},
 numpages = {10},
 url = {http://doi.acm.org/10.1145/1640233.1640280},
 doi = {10.1145/1640233.1640280},
 acmid = {1640280},
 publisher = {ACM},
 address = {New York, NY, USA},
 keywords = {computational metaphor identification, creativity, metaphor, science education},
}

@article{Schipper:2002:CLS:772636.772652,
 author = {Schipper, Rachel A. and Krist, Paula S.},
 title = {Consideration of Learning Style, Field Orientation, Format, Citizen Status, and Time in Online Internet Instruction},
 journal = {J. Comput. Sci. Coll.},
 issue_date = {February 2002},
 volume = {17},
 number = {3},
 month = feb,
 year = {2002},
 issn = {1937-4771},
 pages = {73--83},
 numpages = {11},
 url = {http://dl.acm.org/citation.cfm?id=772636.772652},
 acmid = {772652},
 publisher = {Consortium for Computing Sciences in Colleges},
 address = {USA},
}

@article{RoBling:2008:ELM:1473195.1473239,
 author = {R\"{o}\ssling, Guido and Joy, Mike and Moreno, Andr{\'e}s and Radenski, Atanas and Malmi, Lauri and Kerren, Andreas and Naps, Thomas and Ross, Rockford J. and Clancy, Michael and Korhonen, Ari and Oechsle, Rainer and Iturbide, J. \'{A}ngel Vel\'{a}zquez},
 title = {Enhancing Learning Management Systems to Better Support Computer Science Education},
 journal = {SIGCSE Bull.},
 issue_date = {December 2008},
 volume = {40},
 number = {4},
 month = nov,
 year = {2008},
 issn = {0097-8418},
 pages = {142--166},
 numpages = {25},
 url = {http://doi.acm.org/10.1145/1473195.1473239},
 doi = {10.1145/1473195.1473239},
 acmid = {1473239},
 publisher = {ACM},
 address = {New York, NY, USA},
 keywords = {CALMS, LMS, computer science education, computing augmented learning management system, learning management system},
}

@article{Becker:2011:SET:1961574.1961631,
 author = {Becker, Deborah and Hecker, Connie},
 title = {Student Engagement Through Applied Learning: The "Live" Business Partnership Model},
 journal = {J. Comput. Sci. Coll.},
 issue_date = {May 2011},
 volume = {26},
 number = {5},
 month = may,
 year = {2011},
 issn = {1937-4771},
 pages = {275--282},
 numpages = {8},
 url = {http://dl.acm.org/citation.cfm?id=1961574.1961631},
 acmid = {1961631},
 publisher = {Consortium for Computing Sciences in Colleges},
 address = {USA},
 keywords = {applied learning, community service, experiential learning, project management, student engagement},
}

@inproceedings{Cosculluela:2018:SPA:3282308.3282327,
 author = {Cosculluela, Jos{\'e} Carlos Ciria},
 title = {A Set of Patterns in Adult Education},
 booktitle = {Proceedings of the 23rd European Conference on Pattern Languages of Programs},
 series = {EuroPLoP '18},
 year = {2018},
 isbn = {978-1-4503-6387-7},
 location = {Irsee, Germany},
 pages = {18:1--18:12},
 articleno = {18},
 numpages = {12},
 url = {http://doi.acm.org/10.1145/3282308.3282327},
 doi = {10.1145/3282308.3282327},
 acmid = {3282327},
 publisher = {ACM},
 address = {New York, NY, USA},
 keywords = {Adult Education, Andragogy, Educational patterns, Lifelong learning},
}

@inproceedings{Latu:2004:TIP:979968.979991,
 author = {Latu, Savae and Young, Alison},
 title = {Teaching ICT to Pacific Island Background Students},
 booktitle = {Proceedings of the Sixth Australasian Conference on Computing Education - Volume 30},
 series = {ACE '04},
 year = {2004},
 location = {Dunedin, New Zealand},
 pages = {169--175},
 numpages = {7},
 url = {http://dl.acm.org/citation.cfm?id=979968.979991},
 acmid = {979991},
 publisher = {Australian Computer Society, Inc.},
 address = {Darlinghurst, Australia, Australia},
}

@inproceedings{Crowley:2005:OSC:1095714.1095730,
 author = {Crowley, Ed},
 title = {Open Source Centric Information Security Lab Development},
 booktitle = {Proceedings of the 6th Conference on Information Technology Education},
 series = {SIGITE '05},
 year = {2005},
 isbn = {1-59593-252-6},
 location = {Newark, NJ, USA},
 pages = {57--63},
 numpages = {7},
 url = {http://doi.acm.org/10.1145/1095714.1095730},
 doi = {10.1145/1095714.1095730},
 acmid = {1095730},
 publisher = {ACM},
 address = {New York, NY, USA},
 keywords = {Linux, knoppix, live CD, security},
}

@inproceedings{Molleri:2018:LGP:3209087.3209094,
 author = {Moll{\'e}ri, Jefferson Seide and Gonzalez-Huerta, Javier and Henningsson, Kennet},
 title = {A Legacy Game for Project Management in Software Engineering Courses},
 booktitle = {Proceedings of the 3rd European Conference of Software Engineering Education},
 series = {ECSEE'18},
 year = {2018},
 isbn = {978-1-4503-6383-9},
 location = {Seeon/ Bavaria, Germany},
 pages = {72--76},
 numpages = {5},
 url = {http://doi.acm.org/10.1145/3209087.3209094},
 doi = {10.1145/3209087.3209094},
 acmid = {3209094},
 publisher = {ACM},
 address = {New York, NY, USA},
 keywords = {Education, Gaming, Project Management Course, Software Development Process},
}

@inproceedings{Holmes:2018:DES:3183377.3183380,
 author = {Holmes, Reid and Allen, Meghan and Craig, Michelle},
 title = {Dimensions of Experientialism for Software Engineering Education},
 booktitle = {Proceedings of the 40th International Conference on Software Engineering: Software Engineering Education and Training},
 series = {ICSE-SEET '18},
 year = {2018},
 isbn = {978-1-4503-5660-2},
 location = {Gothenburg, Sweden},
 pages = {31--39},
 numpages = {9},
 url = {http://doi.acm.org/10.1145/3183377.3183380},
 doi = {10.1145/3183377.3183380},
 acmid = {3183380},
 publisher = {ACM},
 address = {New York, NY, USA},
 keywords = {capstone, experiential learning, software engineering education},
}

@article{Gasson:2018:SEL:3290768.3290774,
 author = {Gasson, Susan and Waters, James},
 title = {Simulating Experiential Learning in Professional Online Courses},
 journal = {SIGMIS Database},
 issue_date = {November 2018},
 volume = {49},
 number = {4},
 month = nov,
 year = {2018},
 issn = {0095-0033},
 pages = {46--77},
 numpages = {32},
 url = {http://doi.acm.org/10.1145/3290768.3290774},
 doi = {10.1145/3290768.3290774},
 acmid = {3290774},
 publisher = {ACM},
 address = {New York, NY, USA},
 keywords = {collective framing and problematization, community learning, peer learning, professional online education, situated learning},
}

@inproceedings{Adams:1996:IMP:237466.237646,
 author = {Adams, Elizabeth S. and Carswell, Linda and Kumar, Amruth and Meyer, Jeanine and Ellis, Ainslie and Hall, Patrick and Motil, John},
 title = {Interactive Multimedia Pedagogies: Report of the Working Group on Interactive Multimedia Pedagogy},
 booktitle = {Proceedings of the 1st Conference on Integrating Technology into Computer Science Education},
 series = {ITiCSE '96},
 year = {1996},
 isbn = {0-89791-844-4},
 location = {Barcelona, Spain},
 pages = {182--191},
 numpages = {10},
 url = {http://doi.acm.org/10.1145/237466.237646},
 doi = {10.1145/237466.237646},
 acmid = {237646},
 publisher = {ACM},
 address = {New York, NY, USA},
}

@article{Adams:1996:IMP:1013718.237646,
 author = {Adams, Elizabeth S. and Carswell, Linda and Kumar, Amruth and Meyer, Jeanine and Ellis, Ainslie and Hall, Patrick and Motil, John},
 title = {Interactive Multimedia Pedagogies: Report of the Working Group on Interactive Multimedia Pedagogy},
 journal = {SIGCUE Outlook},
 issue_date = {Jan.-July, 1996},
 volume = {24},
 number = {1-3},
 month = jan,
 year = {1996},
 issn = {0163-5735},
 pages = {182--191},
 numpages = {10},
 url = {http://doi.acm.org/10.1145/1013718.237646},
 doi = {10.1145/1013718.237646},
 acmid = {237646},
 publisher = {ACM},
 address = {New York, NY, USA},
}

@article{Adams:1996:IMP:237477.237646,
 author = {Adams, Elizabeth S. and Carswell, Linda and Kumar, Amruth and Meyer, Jeanine and Ellis, Ainslie and Hall, Patrick and Motil, John},
 title = {Interactive Multimedia Pedagogies: Report of the Working Group on Interactive Multimedia Pedagogy},
 journal = {SIGCSE Bull.},
 issue_date = {1996},
 volume = {28},
 number = {SI},
 month = jan,
 year = {1996},
 issn = {0097-8418},
 pages = {182--191},
 numpages = {10},
 url = {http://doi.acm.org/10.1145/237477.237646},
 doi = {10.1145/237477.237646},
 acmid = {237646},
 publisher = {ACM},
 address = {New York, NY, USA},
}

@inproceedings{Sikorski:1998:TCY:286498.286520,
 author = {Sikorski, Marcin},
 title = {Teaching Computers the Young and the Adults: Observations on Learning Style Differences},
 booktitle = {CHI 98 Conference Summary on Human Factors in Computing Systems},
 series = {CHI '98},
 year = {1998},
 isbn = {1-58113-028-7},
 location = {Los Angeles, California, USA},
 pages = {42--43},
 numpages = {2},
 url = {http://doi.acm.org/10.1145/286498.286520},
 doi = {10.1145/286498.286520},
 acmid = {286520},
 publisher = {ACM},
 address = {New York, NY, USA},
 keywords = {Poland, computers in eduation, learning styles},
}

@inproceedings{Ludovico:2017:MLL:3139513.3139519,
 author = {Ludovico, Luca Andrea and Malchiodi, Dario and Zecca, Luisa},
 title = {A Multimodal LEGO\textregistered-based Learning Activity Mixing Musical Notation and Computer Programming},
 booktitle = {Proceedings of the 1st ACM SIGCHI International Workshop on Multimodal Interaction for Education},
 series = {MIE 2017},
 year = {2017},
 isbn = {978-1-4503-5557-5},
 location = {Glasgow, UK},
 pages = {44--48},
 numpages = {5},
 url = {http://doi.acm.org/10.1145/3139513.3139519},
 doi = {10.1145/3139513.3139519},
 acmid = {3139519},
 publisher = {ACM},
 address = {New York, NY, USA},
 keywords = {Algomotricity, Education, Informatics education, Music, Visual Programming},
}

@article{Maj:2001:ETC:775339.775362,
 author = {Maj, S. P. and Veal, D. and Twiss, R.},
 title = {Education, Training and Curriculum Commercialisation - a Reality Check},
 journal = {J. Comput. Sci. Coll.},
 issue_date = {December 2001},
 volume = {17},
 number = {2},
 month = dec,
 year = {2001},
 issn = {1937-4771},
 pages = {122--131},
 numpages = {10},
 url = {http://dl.acm.org/citation.cfm?id=775339.775362},
 acmid = {775362},
 publisher = {Consortium for Computing Sciences in Colleges},
 address = {USA},
}

@inproceedings{Atolagbe:1997:ISD:268437.268789,
 author = {Atolagbe, Tajudeen A. and Hlupic, Vlatka and Taylor, Simon J. E. and Paul, Ray J.},
 title = {Interactive Strategies for Developing Intuitive Knowledge As Basis for Simulation Modeling Education},
 booktitle = {Proceedings of the 29th Conference on Winter Simulation},
 series = {WSC '97},
 year = {1997},
 isbn = {0-7803-4278-X},
 location = {Atlanta, Georgia, USA},
 pages = {1394--1402},
 numpages = {9},
 url = {http://dx.doi.org/10.1145/268437.268789},
 doi = {10.1145/268437.268789},
 acmid = {268789},
 publisher = {IEEE Computer Society},
 address = {Washington, DC, USA},
}

@inproceedings{Daniels:2010:CCW:1862219.1862231,
 author = {Daniels, Mats and Cajander, \AAsa},
 title = {Constructive Controversy As a Way to Create "True Collaboration" in an Open Ended Group Project Setting},
 booktitle = {Proceedings of the Twelfth Australasian Conference on Computing Education - Volume 103},
 series = {ACE '10},
 year = {2010},
 isbn = {978-1-920682-84-2},
 location = {Brisbane, Australia},
 pages = {73--78},
 numpages = {6},
 url = {http://dl.acm.org/citation.cfm?id=1862219.1862231},
 acmid = {1862231},
 publisher = {Australian Computer Society, Inc.},
 address = {Darlinghurst, Australia, Australia},
 keywords = {action research, constructive controversy, open ended group problems},
}

@inproceedings{Bohlen:1993:ELS:158011.158236,
 author = {Bohlen, George A. and Ferratt, Thomas W.},
 title = {The Effect of Learning Style and Method of Instruction on the Achievement, Efficiency and Satisfaction of End-users Learning Computer Software},
 booktitle = {Proceedings of the 1993 Conference on Computer Personnel Research},
 series = {SIGCPR '93},
 year = {1993},
 isbn = {0-89791-572-0},
 location = {St Louis, Missouri, USA},
 pages = {273--283},
 numpages = {11},
 url = {http://doi.acm.org/10.1145/158011.158236},
 doi = {10.1145/158011.158236},
 acmid = {158236},
 publisher = {ACM},
 address = {New York, NY, USA},
}

@inproceedings{Goldstein:2019:UWH:3304221.3319757,
 author = {Goldstein, Seth Copen and Zhang, Hongyi and Sakr, Majd and An, Haokang and Dashti, Cameron},
 title = {Understanding How Work Habits Influence Student Performance},
 booktitle = {Proceedings of the 2019 ACM Conference on Innovation and Technology in Computer Science Education},
 series = {ITiCSE '19},
 year = {2019},
 isbn = {978-1-4503-6301-3},
 location = {Aberdeen, Scotland Uk},
 pages = {154--160},
 numpages = {7},
 url = {http://doi.acm.org/10.1145/3304221.3319757},
 doi = {10.1145/3304221.3319757},
 acmid = {3319757},
 publisher = {ACM},
 address = {New York, NY, USA},
 keywords = {educational data mining, learning analytics, online education, project-based learning, student performance, work habits},
}

@inproceedings{Papadopoulos:2007:CIW:1268784.1268826,
 author = {Papadopoulos, Pantelis M. and Demetriadis, Stavros N. and Stamelos, Ioannis G.},
 title = {Case-based Instruction on the Web for Teaching Software Project Management},
 booktitle = {Proceedings of the 12th Annual SIGCSE Conference on Innovation and Technology in Computer Science Education},
 series = {ITiCSE '07},
 year = {2007},
 isbn = {978-1-59593-610-3},
 location = {Dundee, Scotland},
 pages = {136--140},
 numpages = {5},
 url = {http://doi.acm.org/10.1145/1268784.1268826},
 doi = {10.1145/1268784.1268826},
 acmid = {1268826},
 publisher = {ACM},
 address = {New York, NY, USA},
 keywords = {case-based learning, software project management education, student scaffolding},
}

@article{Papadopoulos:2007:CIW:1269900.1268826,
 author = {Papadopoulos, Pantelis M. and Demetriadis, Stavros N. and Stamelos, Ioannis G.},
 title = {Case-based Instruction on the Web for Teaching Software Project Management},
 journal = {SIGCSE Bull.},
 issue_date = {September 2007},
 volume = {39},
 number = {3},
 month = jun,
 year = {2007},
 issn = {0097-8418},
 pages = {136--140},
 numpages = {5},
 url = {http://doi.acm.org/10.1145/1269900.1268826},
 doi = {10.1145/1269900.1268826},
 acmid = {1268826},
 publisher = {ACM},
 address = {New York, NY, USA},
 keywords = {case-based learning, software project management education, student scaffolding},
}

@inproceedings{Bogue:1989:ALA:73760.73829,
 author = {Bogue, E.-L.},
 title = {Active Learning Approaches to Training: Encouraging the Self-taught User},
 booktitle = {Proceedings of the 17th Annual ACM SIGUCCS Conference on User Services},
 series = {SIGUCCS '89},
 year = {1989},
 isbn = {0-89791-330-2},
 location = {Bethesda, Maryland, USA},
 pages = {447--452},
 numpages = {6},
 url = {http://doi.acm.org/10.1145/73760.73829},
 doi = {10.1145/73760.73829},
 acmid = {73829},
 publisher = {ACM},
 address = {New York, NY, USA},
}

@inproceedings{Kurkovsky:2019:ALL:3287324.3287444,
 author = {Kurkovsky, Stan and Ludi, Stephanie and Clark, Linda},
 title = {Active Learning with LEGO for Software Requirements},
 booktitle = {Proceedings of the 50th ACM Technical Symposium on Computer Science Education},
 series = {SIGCSE '19},
 year = {2019},
 isbn = {978-1-4503-5890-3},
 location = {Minneapolis, MN, USA},
 pages = {218--224},
 numpages = {7},
 url = {http://doi.acm.org/10.1145/3287324.3287444},
 doi = {10.1145/3287324.3287444},
 acmid = {3287444},
 publisher = {ACM},
 address = {New York, NY, USA},
 keywords = {active learning, case studies, lego, software engineering, software requirements},
}

@inproceedings{Brown:2014:AUT:2538862.2538964,
 author = {Brown, Christopher and Pastel, Robert and Seigel, Marika and Wallace, Charles and Ott, Linda},
 title = {Adding Unit Test Experience to a Usability Centered Project Course},
 booktitle = {Proceedings of the 45th ACM Technical Symposium on Computer Science Education},
 series = {SIGCSE '14},
 year = {2014},
 isbn = {978-1-4503-2605-6},
 location = {Atlanta, Georgia, USA},
 pages = {259--264},
 numpages = {6},
 url = {http://doi.acm.org/10.1145/2538862.2538964},
 doi = {10.1145/2538862.2538964},
 acmid = {2538964},
 publisher = {ACM},
 address = {New York, NY, USA},
 keywords = {HCI, experiential learning, unit testing},
}

@inproceedings{Clow:2012:LAC:2330601.2330636,
 author = {Clow, Doug},
 title = {The Learning Analytics Cycle: Closing the Loop Effectively},
 booktitle = {Proceedings of the 2Nd International Conference on Learning Analytics and Knowledge},
 series = {LAK '12},
 year = {2012},
 isbn = {978-1-4503-1111-3},
 location = {Vancouver, British Columbia, Canada},
 pages = {134--138},
 numpages = {5},
 url = {http://doi.acm.org/10.1145/2330601.2330636},
 doi = {10.1145/2330601.2330636},
 acmid = {2330636},
 publisher = {ACM},
 address = {New York, NY, USA},
 keywords = {academic analytics, analytics, feedback, learning analytics, policy},
}

@inproceedings{Ukrop:2019:RDP:3287324.3287448,
 author = {Ukrop, Martin and \v{S}v\'{a}bensk\'{y}, Valdemar and Nehyba, Jan},
 title = {Reflective Diary for Professional Development of Novice Teachers},
 booktitle = {Proceedings of the 50th ACM Technical Symposium on Computer Science Education},
 series = {SIGCSE '19},
 year = {2019},
 isbn = {978-1-4503-5890-3},
 location = {Minneapolis, MN, USA},
 pages = {1088--1094},
 numpages = {7},
 url = {http://doi.acm.org/10.1145/3287324.3287448},
 doi = {10.1145/3287324.3287448},
 acmid = {3287448},
 publisher = {ACM},
 address = {New York, NY, USA},
 keywords = {learning journal, reflective practice, teacher training, teaching assistants, teaching skills},
}

@inproceedings{Pulimood:2016:SIM:2839509.2844636,
 author = {Pulimood, Sarah Monisha and Pearson, Kim and Bates, Diane C.},
 title = {A Study on the Impact of Multidisciplinary Collaboration on Computational Thinking},
 booktitle = {Proceedings of the 47th ACM Technical Symposium on Computing Science Education},
 series = {SIGCSE '16},
 year = {2016},
 isbn = {978-1-4503-3685-7},
 location = {Memphis, Tennessee, USA},
 pages = {30--35},
 numpages = {6},
 url = {http://doi.acm.org/10.1145/2839509.2844636},
 doi = {10.1145/2839509.2844636},
 acmid = {2844636},
 publisher = {ACM},
 address = {New York, NY, USA},
 keywords = {collaboration, community engaged learning, computational thinking},
}

@inproceedings{Henriksen:2004:GCO:1028664.1028701,
 author = {Henriksen, Poul and K\"{o}lling, Michael},
 title = {Greenfoot: Combining Object Visualisation with Interaction},
 booktitle = {Companion to the 19th Annual ACM SIGPLAN Conference on Object-oriented Programming Systems, Languages, and Applications},
 series = {OOPSLA '04},
 year = {2004},
 isbn = {1-58113-833-4},
 location = {Vancouver, BC, CANADA},
 pages = {73--82},
 numpages = {10},
 url = {http://doi.acm.org/10.1145/1028664.1028701},
 doi = {10.1145/1028664.1028701},
 acmid = {1028701},
 publisher = {ACM},
 address = {New York, NY, USA},
 keywords = {experimentation, java, micro worlds, objects-first, pedagogy, visualisation},
}

@inproceedings{Kwasnik:2014:NCC:2643572.2643580,
 author = {Kwasnik, Marta},
 title = {Nature of Creativity in Computer Science Education. Designing Innovative Workshops for CS Students},
 booktitle = {Proceedings of the 2014 Mulitmedia, Interaction, Design and Innovation International Conference on Multimedia, Interaction, Design and Innovation},
 series = {MIDI '14},
 year = {2014},
 isbn = {978-1-4503-2779-4},
 location = {Warsaw, Poland},
 pages = {8:1--8:7},
 articleno = {8},
 numpages = {7},
 url = {http://doi.acm.org/10.1145/2643572.2643580},
 doi = {10.1145/2643572.2643580},
 acmid = {2643580},
 publisher = {ACM},
 address = {New York, NY, USA},
 keywords = {Creativity, human factors, soft skills},
}

@inproceedings{Sentance:2017:PRM:3017680.3017752,
 author = {Sentance, Sue and Csizmadia, Andrew},
 title = {Professional Recognition Matters: Certification for In-service Computer Science Teachers},
 booktitle = {Proceedings of the 2017 ACM SIGCSE Technical Symposium on Computer Science Education},
 series = {SIGCSE '17},
 year = {2017},
 isbn = {978-1-4503-4698-6},
 location = {Seattle, Washington, USA},
 pages = {537--542},
 numpages = {6},
 url = {http://doi.acm.org/10.1145/3017680.3017752},
 doi = {10.1145/3017680.3017752},
 acmid = {3017752},
 publisher = {ACM},
 address = {New York, NY, USA},
 keywords = {K-12 teachers, accreditation, certification, computer science curriculum, in-service teacher education, professional development},
}

@inproceedings{Riccioni:2008:EET:1411732.1411735,
 author = {Riccioni, Anna and Denti, Enrico and Laschi, Roberto},
 title = {An Experimental Environment for Teaching Java Security},
 booktitle = {Proceedings of the 6th International Symposium on Principles and Practice of Programming in Java},
 series = {PPPJ '08},
 year = {2008},
 isbn = {978-1-60558-223-8},
 location = {Modena, Italy},
 pages = {13--22},
 numpages = {10},
 url = {http://doi.acm.org/10.1145/1411732.1411735},
 doi = {10.1145/1411732.1411735},
 acmid = {1411735},
 publisher = {ACM},
 address = {New York, NY, USA},
 keywords = {Java cryptography extension, computer engineering education, virtual laboratory},
}

@inproceedings{Rivard:2012:LWD:2317956.2318002,
 author = {Rivard, Kathryn and Faste, Haakon},
 title = {How Learning Works in Design Education: Educating for Creative Awareness Through Formative Reflexivity},
 booktitle = {Proceedings of the Designing Interactive Systems Conference},
 series = {DIS '12},
 year = {2012},
 isbn = {978-1-4503-1210-3},
 location = {Newcastle Upon Tyne, United Kingdom},
 pages = {298--307},
 numpages = {10},
 url = {http://doi.acm.org/10.1145/2317956.2318002},
 doi = {10.1145/2317956.2318002},
 acmid = {2318002},
 publisher = {ACM},
 address = {New York, NY, USA},
 keywords = {creativity, design education, feedback, fluency, formative failure, integration, knowledge, motivation, practice, transfer},
}

@inproceedings{Joyner:2015:IIM:2678025.2701398,
 author = {Joyner, David A. and Goel, Ashok K.},
 title = {Improving Inquiry-Driven Modeling in Science Education Through Interaction with Intelligent Tutoring Agents},
 booktitle = {Proceedings of the 20th International Conference on Intelligent User Interfaces},
 series = {IUI '15},
 year = {2015},
 isbn = {978-1-4503-3306-1},
 location = {Atlanta, Georgia, USA},
 pages = {5--16},
 numpages = {12},
 url = {http://doi.acm.org/10.1145/2678025.2701398},
 doi = {10.1145/2678025.2701398},
 acmid = {2701398},
 publisher = {ACM},
 address = {New York, NY, USA},
 keywords = {constructionism, discovery-based learning, guided instruction, inquiry-based learning, metacognitive tutoring, scientific discovery, scientific inquiry},
}

@article{Clarke:1998:TEA:274790.274296,
 author = {Clarke, Matthew C.},
 title = {Teaching the Empirical Approach to Designing Human-computer Interaction via an Experiential Group Project},
 journal = {SIGCSE Bull.},
 issue_date = {Mar. 1998},
 volume = {30},
 number = {1},
 month = mar,
 year = {1998},
 issn = {0097-8418},
 pages = {198--201},
 numpages = {4},
 url = {http://doi.acm.org/10.1145/274790.274296},
 doi = {10.1145/274790.274296},
 acmid = {274296},
 publisher = {ACM},
 address = {New York, NY, USA},
}

@inproceedings{Clarke:1998:TEA:273133.274296,
 author = {Clarke, Matthew C.},
 title = {Teaching the Empirical Approach to Designing Human-computer Interaction via an Experiential Group Project},
 booktitle = {Proceedings of the Twenty-ninth SIGCSE Technical Symposium on Computer Science Education},
 series = {SIGCSE '98},
 year = {1998},
 isbn = {0-89791-994-7},
 location = {Atlanta, Georgia, USA},
 pages = {198--201},
 numpages = {4},
 url = {http://doi.acm.org/10.1145/273133.274296},
 doi = {10.1145/273133.274296},
 acmid = {274296},
 publisher = {ACM},
 address = {New York, NY, USA},
}

@inproceedings{Doherty:2017:LIO:3121113.3121241,
 author = {Doherty, Stanley},
 title = {Leveraging Industry Onboarding Materials in the Curriculum},
 booktitle = {Proceedings of the 35th ACM International Conference on the Design of Communication},
 series = {SIGDOC '17},
 year = {2017},
 isbn = {978-1-4503-5160-7},
 location = {Halifax, Nova Scotia, Canada},
 pages = {36:1--36:5},
 articleno = {36},
 numpages = {5},
 url = {http://doi.acm.org/10.1145/3121113.3121241},
 doi = {10.1145/3121113.3121241},
 acmid = {3121241},
 publisher = {ACM},
 address = {New York, NY, USA},
 keywords = {DITA, GitHub, experiential learning, markdown, new hires, onboarding, technical communication},
}

@article{Ortenblad:2009:TOE:1595389.1595452,
 author = {\"{O}rtenblad, Anders},
 title = {Teaching an Online Experience-based Leadership Course},
 journal = {eLearn},
 issue_date = {July 2009},
 volume = {2009},
 number = {7},
 month = jul,
 year = {2009},
 issn = {1535-394X},
 articleno = {10},
 url = {http://doi.acm.org/10.1145/1595389.1595452},
 doi = {10.1145/1595389.1595452},
 acmid = {1595452},
 publisher = {ACM},
 address = {New York, NY, USA},
}

@article{Allenstein:2008:QSS:1352322.1352301,
 author = {Allenstein, Brett and Yost, Andrew and Wagner, Paul and Morrison, Joline},
 title = {A Query Simulation System to Illustrate Database Query Execution},
 journal = {SIGCSE Bull.},
 issue_date = {March 2008},
 volume = {40},
 number = {1},
 month = mar,
 year = {2008},
 issn = {0097-8418},
 pages = {493--497},
 numpages = {5},
 url = {http://doi.acm.org/10.1145/1352322.1352301},
 doi = {10.1145/1352322.1352301},
 acmid = {1352301},
 publisher = {ACM},
 address = {New York, NY, USA},
 keywords = {computer-based simulation, database query processing, visualization},
}

@inproceedings{Allenstein:2008:QSS:1352135.1352301,
 author = {Allenstein, Brett and Yost, Andrew and Wagner, Paul and Morrison, Joline},
 title = {A Query Simulation System to Illustrate Database Query Execution},
 booktitle = {Proceedings of the 39th SIGCSE Technical Symposium on Computer Science Education},
 series = {SIGCSE '08},
 year = {2008},
 isbn = {978-1-59593-799-5},
 location = {Portland, OR, USA},
 pages = {493--497},
 numpages = {5},
 url = {http://doi.acm.org/10.1145/1352135.1352301},
 doi = {10.1145/1352135.1352301},
 acmid = {1352301},
 publisher = {ACM},
 address = {New York, NY, USA},
 keywords = {computer-based simulation, database query processing, visualization},
}

@article{Nicholson:2007:LLS:1231091.1231096,
 author = {Nicholson, Darren and Hamilton, Diane and McFarland, Daniel},
 title = {Leveraging Learning Styles to Improve Student Learning: The Interactive Learning Model and Learning Combination Inventory},
 journal = {J. Comput. Sci. Coll.},
 issue_date = {June 2007},
 volume = {22},
 number = {6},
 month = jun,
 year = {2007},
 issn = {1937-4771},
 pages = {8--17},
 numpages = {10},
 url = {http://dl.acm.org/citation.cfm?id=1231091.1231096},
 acmid = {1231096},
 publisher = {Consortium for Computing Sciences in Colleges},
 address = {USA},
}

@inproceedings{Rivera-Pelayo:2012:AQS:2330601.2330631,
 author = {Rivera-Pelayo, Ver\'{o}nica and Zacharias, Valentin and M\"{u}ller, Lars and Braun, Simone},
 title = {Applying Quantified Self Approaches to Support Reflective Learning},
 booktitle = {Proceedings of the 2Nd International Conference on Learning Analytics and Knowledge},
 series = {LAK '12},
 year = {2012},
 isbn = {978-1-4503-1111-3},
 location = {Vancouver, British Columbia, Canada},
 pages = {111--114},
 numpages = {4},
 url = {http://doi.acm.org/10.1145/2330601.2330631},
 doi = {10.1145/2330601.2330631},
 acmid = {2330631},
 publisher = {ACM},
 address = {New York, NY, USA},
 keywords = {framework, learning analytics, mobile applications, quantified self, reflective learning},
}

@inproceedings{Pieterse:2012:ISE:2421277.2421283,
 author = {Pieterse, Vreda and Thompson, Lisa and Marshall, Linda and Venter, Dina M.},
 title = {An Intensive Software Engineering Learning Experience},
 booktitle = {Proceedings of Second Computer Science Education Research Conference},
 series = {CSERC '12},
 year = {2012},
 isbn = {978-1-4503-1858-7},
 location = {Wroclaw, Poland},
 pages = {47--54},
 numpages = {8},
 url = {http://doi.acm.org/10.1145/2421277.2421283},
 doi = {10.1145/2421277.2421283},
 acmid = {2421283},
 publisher = {ACM},
 address = {New York, NY, USA},
 keywords = {diligent isolate, social loafing, teaching software engineering, teaching teamwork},
}

@inproceedings{Al-Hamdani:2009:MFT:1940976.1940982,
 author = {Al-Hamdani, Wasim A.},
 title = {Missing Factors in Teaching Cryptography Algorithms for Information Security Tracks},
 booktitle = {2009 Information Security Curriculum Development Conference},
 series = {InfoSecCD '09},
 year = {2009},
 isbn = {978-1-60558-661-8},
 location = {Kennesaw, Georgia},
 pages = {15--20},
 numpages = {6},
 url = {http://doi.acm.org/10.1145/1940976.1940982},
 doi = {10.1145/1940976.1940982},
 acmid = {1940982},
 publisher = {ACM},
 address = {New York, NY, USA},
 keywords = {applied cryptography, cryptography curriculum, cryptography curriculum for computer science, cryptography curriculum for information security, cryptography curriculum for mathematics, standard cryptography},
}

@inproceedings{Alhathli:2017:LMS:3099023.3099079,
 author = {Alhathli, Manal and Masthoff, Judith and Siddharthan, Advaith},
 title = {Should Learning Material's Selection Be Adapted to Learning Style and Personality?},
 booktitle = {Adjunct Publication of the 25th Conference on User Modeling, Adaptation and Personalization},
 series = {UMAP '17},
 year = {2017},
 isbn = {978-1-4503-5067-9},
 location = {Bratislava, Slovakia},
 pages = {275--280},
 numpages = {6},
 url = {http://doi.acm.org/10.1145/3099023.3099079},
 doi = {10.1145/3099023.3099079},
 acmid = {3099079},
 publisher = {ACM},
 address = {New York, NY, USA},
 keywords = {educational recommender, learning material, learning styles, personality, personalization},
}

@article{Sedig:2001:RIM:371127.371159,
 author = {Sedig, Kamran and Klawe, Maria and Westrom, Marvin},
 title = {Role of Interface Manipulation Style and Scaffolding on Cognition and Concept Learning in Learnware},
 journal = {ACM Trans. Comput.-Hum. Interact.},
 issue_date = {March 2001},
 volume = {8},
 number = {1},
 month = mar,
 year = {2001},
 issn = {1073-0516},
 pages = {34--59},
 numpages = {26},
 url = {http://doi.acm.org/10.1145/371127.371159},
 doi = {10.1145/371127.371159},
 acmid = {371159},
 publisher = {ACM},
 address = {New York, NY, USA},
 keywords = {cognition, direct manipulation, education, human-computer interaction, learning, learnware, problem solving, reflection, transformation geometry},
}

@inproceedings{Krogstie:2012:CMR:2362456.2362458,
 author = {Krogstie, Birgit and Krogstie, John and Maiden, Neil and Lockerbie, James and Wessel, Daniel and Knipfer, Kristin},
 title = {Collaborative Modelling of Reflection to Inform the Development and Evaluation of Work-based Learning Technologies},
 booktitle = {Proceedings of the 12th International Conference on Knowledge Management and Knowledge Technologies},
 series = {i-KNOW '12},
 year = {2012},
 isbn = {978-1-4503-1242-4},
 location = {Graz, Austria},
 pages = {1:1--1:8},
 articleno = {1},
 numpages = {8},
 url = {http://doi.acm.org/10.1145/2362456.2362458},
 doi = {10.1145/2362456.2362458},
 acmid = {2362458},
 publisher = {ACM},
 address = {New York, NY, USA},
 keywords = {collaborative knowledge construction, model quality},
}

@article{Taylor:1997:UOS:268809.268845,
 author = {Taylor, Jacqueline},
 title = {Using Online Seminars to Demonstrate the Social Psychological Impacts of Computer-mediated Communication Systems},
 journal = {SIGCSE Bull.},
 issue_date = {Sept. 1997},
 volume = {29},
 number = {3},
 month = jun,
 year = {1997},
 issn = {0097-8418},
 pages = {80--84},
 numpages = {5},
 url = {http://doi.acm.org/10.1145/268809.268845},
 doi = {10.1145/268809.268845},
 acmid = {268845},
 publisher = {ACM},
 address = {New York, NY, USA},
}

@inproceedings{Taylor:1997:UOS:268819.268845,
 author = {Taylor, Jacqueline},
 title = {Using Online Seminars to Demonstrate the Social Psychological Impacts of Computer-mediated Communication Systems},
 booktitle = {Proceedings of the 2Nd Conference on Integrating Technology into Computer Science Education},
 series = {ITiCSE '97},
 year = {1997},
 isbn = {0-89791-923-8},
 location = {Uppsala, Sweden},
 pages = {80--84},
 numpages = {5},
 url = {http://doi.acm.org/10.1145/268819.268845},
 doi = {10.1145/268819.268845},
 acmid = {268845},
 publisher = {ACM},
 address = {New York, NY, USA},
}

@inproceedings{Camacho:2009:DEC:1599503.1599536,
 author = {Camacho, Heilyn and Dirckinck-Holmfeld, Lone},
 title = {Designing Environments for Collaborative Learning: Facilitating the Adoption of ICT in Small and Medium Sized Enterprises in Costa Rica},
 booktitle = {Proceedings of the 9th International Conference on Computer Supported Collaborative Learning - Volume 2},
 series = {CSCL'09},
 year = {2009},
 isbn = {978-1-4092-8598-4},
 location = {Rhodes, Greece},
 pages = {97--99},
 numpages = {3},
 url = {http://dl.acm.org/citation.cfm?id=1599503.1599536},
 acmid = {1599536},
 publisher = {International Society of the Learning Sciences},
}

@article{Sharples:2002:DIM:594351.594358,
 author = {Sharples, Mike and Corlett, Dan and Westmancott, Oliver},
 title = {The Design and Implementation of a Mobile Learning Resource},
 journal = {Personal Ubiquitous Comput.},
 issue_date = {May 2002},
 volume = {6},
 number = {3},
 month = jan,
 year = {2002},
 issn = {1617-4909},
 pages = {220--234},
 numpages = {15},
 url = {https://doi.org/10.1007/s007790200021},
 doi = {10.1007/s007790200021},
 acmid = {594358},
 publisher = {Springer-Verlag},
 address = {London, UK, UK},
}

@inproceedings{Ammari:2012:DGP:2330601.2330650,
 author = {Ammari, Ahmad and Lau, Lydia and Dimitrova, Vania},
 title = {Deriving Group Profiles from Social Media to Facilitate the Design of Simulated Environments for Learning},
 booktitle = {Proceedings of the 2Nd International Conference on Learning Analytics and Knowledge},
 series = {LAK '12},
 year = {2012},
 isbn = {978-1-4503-1111-3},
 location = {Vancouver, British Columbia, Canada},
 pages = {198--207},
 numpages = {10},
 url = {http://doi.acm.org/10.1145/2330601.2330650},
 doi = {10.1145/2330601.2330650},
 acmid = {2330650},
 publisher = {ACM},
 address = {New York, NY, USA},
 keywords = {augmented user models, data mining for learning, learning analytics, learning needs, mining social media, social profiles},
}

@inproceedings{Srikant:2017:IDS:3017680.3017717,
 author = {Srikant, Shashank and Aggarwal, Varun},
 title = {Introducing Data Science to School Kids},
 booktitle = {Proceedings of the 2017 ACM SIGCSE Technical Symposium on Computer Science Education},
 series = {SIGCSE '17},
 year = {2017},
 isbn = {978-1-4503-4698-6},
 location = {Seattle, Washington, USA},
 pages = {561--566},
 numpages = {6},
 url = {http://doi.acm.org/10.1145/3017680.3017717},
 doi = {10.1145/3017680.3017717},
 acmid = {3017717},
 publisher = {ACM},
 address = {New York, NY, USA},
 keywords = {K-12 education, computational thinking, data science, supervised learning, visualization},
}

@inproceedings{Shaw:2005:EES:1082424.1082441,
 author = {Shaw, Katherine and Dermoudy, Julian},
 title = {Engendering an Empathy for Software Engineering},
 booktitle = {Proceedings of the 7th Australasian Conference on Computing Education - Volume 42},
 series = {ACE '05},
 year = {2005},
 isbn = {1-920682-24-4},
 location = {Newcastle, New South Wales, Australia},
 pages = {135--144},
 numpages = {10},
 url = {http://dl.acm.org/citation.cfm?id=1082424.1082441},
 acmid = {1082441},
 publisher = {Australian Computer Society, Inc.},
 address = {Darlinghurst, Australia, Australia},
 keywords = {experiential learning, simulation, software engineering education},
}

@inproceedings{Ihantola:2005:TEC:1089786.1089798,
 author = {Ihantola, Petri and Karavirta, Ville and Korhonen, Ari and Nikander, Jussi},
 title = {Taxonomy of Effortless Creation of Algorithm Visualizations},
 booktitle = {Proceedings of the First International Workshop on Computing Education Research},
 series = {ICER '05},
 year = {2005},
 isbn = {1-59593-043-4},
 location = {Seattle, WA, USA},
 pages = {123--133},
 numpages = {11},
 url = {http://doi.acm.org/10.1145/1089786.1089798},
 doi = {10.1145/1089786.1089798},
 acmid = {1089798},
 publisher = {ACM},
 address = {New York, NY, USA},
 keywords = {algorithm visualization, effortlessness, interaction},
}

@inproceedings{Dzvonyar:2018:TCS:3194779.3194782,
 author = {Dzvonyar, Dora and Alperowitz, Lukas and Henze, Dominic and Bruegge, Bernd},
 title = {Team Composition in Software Engineering Project Courses},
 booktitle = {Proceedings of the 2Nd International Workshop on Software Engineering Education for Millennials},
 series = {SEEM '18},
 year = {2018},
 isbn = {978-1-4503-5750-0},
 location = {Gothenburg, Sweden},
 pages = {16--23},
 numpages = {8},
 url = {http://doi.acm.org/10.1145/3194779.3194782},
 doi = {10.1145/3194779.3194782},
 acmid = {3194782},
 publisher = {ACM},
 address = {New York, NY, USA},
 keywords = {agile methods, applied education, experiential learning, project course, software engineering, team composition, teamwork},
}

@inproceedings{Greeff:2010:DUP:1899503.1899546,
 author = {Greeff, Mard{\'e} and Williams, Quentin and Alberts, Ron{\'e}ll and Pretorius, Harriet},
 title = {Determining the User Profile for an Adaptable Training Platform},
 booktitle = {Proceedings of the 2010 Annual Research Conference of the South African Institute of Computer Scientists and Information Technologists},
 series = {SAICSIT '10},
 year = {2010},
 isbn = {978-1-60558-950-3},
 location = {Bela Bela, South Africa},
 pages = {365--369},
 numpages = {5},
 url = {http://doi.acm.org/10.1145/1899503.1899546},
 doi = {10.1145/1899503.1899546},
 acmid = {1899546},
 publisher = {ACM},
 address = {New York, NY, USA},
 keywords = {abilities, learning style, perceptual learning preference, training, user profile},
}

@article{Steghofer:2018:IES:3239167.3152098,
 author = {Stegh\"{o}fer, Jan-Philipp and Burden, H{\aa}kan and Hebig, Regina and Calikli, Gul and Feldt, Robert and Hammouda, Imed and Horkoff, Jennifer and Knauss, Eric and Liebel, Grischa},
 title = {Involving External Stakeholders in Project Courses},
 journal = {ACM Trans. Comput. Educ.},
 issue_date = {July 2018},
 volume = {18},
 number = {2},
 month = jul,
 year = {2018},
 issn = {1946-6226},
 pages = {8:1--8:32},
 articleno = {8},
 numpages = {32},
 url = {http://doi.acm.org/10.1145/3152098},
 doi = {10.1145/3152098},
 acmid = {3152098},
 publisher = {ACM},
 address = {New York, NY, USA},
 keywords = {Capstone projects, external stakeholders},
}

@inproceedings{DiFranzo:2019:SMT:3290605.3300533,
 author = {DiFranzo, Dominic and Choi, Yoon Hyung and Purington, Amanda and Taft, Jessie G. and Whitlock, Janis and Bazarova, Natalya N.},
 title = {Social Media TestDrive: Real-World Social Media Education for the Next Generation},
 booktitle = {Proceedings of the 2019 CHI Conference on Human Factors in Computing Systems},
 series = {CHI '19},
 year = {2019},
 isbn = {978-1-4503-5970-2},
 location = {Glasgow, Scotland Uk},
 pages = {303:1--303:11},
 articleno = {303},
 numpages = {11},
 url = {http://doi.acm.org/10.1145/3290605.3300533},
 doi = {10.1145/3290605.3300533},
 acmid = {3300533},
 publisher = {ACM},
 address = {New York, NY, USA},
 keywords = {digital citizen, education, social media, youth development},
}

@inproceedings{Faisal:2015:AEF:2837185.2837249,
 author = {Faisal, Maha H. and AlAmeeri, Aisha W. and Alsumait, Asmaa A.},
 title = {An Adaptive e-Learning Framework: Crowdsourcing Approach},
 booktitle = {Proceedings of the 17th International Conference on Information Integration and Web-based Applications \& Services},
 series = {iiWAS '15},
 year = {2015},
 isbn = {978-1-4503-3491-4},
 location = {Brussels, Belgium},
 pages = {13:1--13:5},
 articleno = {13},
 numpages = {5},
 url = {http://doi.acm.org/10.1145/2837185.2837249},
 doi = {10.1145/2837185.2837249},
 acmid = {2837249},
 publisher = {ACM},
 address = {New York, NY, USA},
 keywords = {E-learning, adaptive E-learning, crowdsourcing, human-computer interaction, recommender systems},
}

@inproceedings{Hubbard:2017:ELT:3027385.3027390,
 author = {Hubbard, Ryan and Sipolins, Aldis and Zhou, Lin},
 title = {Enhancing Learning Through Virtual Reality and Neurofeedback: A First Step},
 booktitle = {Proceedings of the Seventh International Learning Analytics \&\#38; Knowledge Conference},
 series = {LAK '17},
 year = {2017},
 isbn = {978-1-4503-4870-6},
 location = {Vancouver, British Columbia, Canada},
 pages = {398--403},
 numpages = {6},
 url = {http://doi.acm.org/10.1145/3027385.3027390},
 doi = {10.1145/3027385.3027390},
 acmid = {3027390},
 publisher = {ACM},
 address = {New York, NY, USA},
 keywords = {EEG, human-computer interaction, neurofeedback, virtual reality},
}

@inproceedings{Harrell:2018:MUC:3219104.3219138,
 author = {Harrell, Stephen Lien and Brazil, Marisa and Younts, Alex and Dietz, Daniel T. and Smith, Preston and Gough, Erik and Zhu, Xiao and Andino, Gladys K.},
 title = {Mentoring Undergraduates into Cyber-Facilitator Roles},
 booktitle = {Proceedings of the Practice and Experience on Advanced Research Computing},
 series = {PEARC '18},
 year = {2018},
 isbn = {978-1-4503-6446-1},
 location = {Pittsburgh, PA, USA},
 pages = {70:1--70:7},
 articleno = {70},
 numpages = {7},
 url = {http://doi.acm.org/10.1145/3219104.3219138},
 doi = {10.1145/3219104.3219138},
 acmid = {3219138},
 publisher = {ACM},
 address = {New York, NY, USA},
 keywords = {Cyber-Facilitator, HPC, Research Computing, Student, System Administration},
}

@inproceedings{Arya:2019:GGG:3316287.3316289,
 author = {Arya, Ali and Gold, Susan and Farber, Matthew and Miklasz, Kevin},
 title = {GGJ-Next: The Global Game Jam for Youth},
 booktitle = {Proceedings of the International Conference on Game Jams, Hackathons and Game Creation Events 2019},
 series = {ICGJ 2019},
 year = {2019},
 isbn = {978-1-4503-6205-4},
 location = {San Francisco, CA, USA},
 pages = {8:1--8:4},
 articleno = {8},
 numpages = {4},
 url = {http://doi.acm.org/10.1145/3316287.3316289},
 doi = {10.1145/3316287.3316289},
 acmid = {3316289},
 publisher = {ACM},
 address = {New York, NY, USA},
 keywords = {Global Game Jam, Learning, STEAM, Youth},
}

@inproceedings{Guibert:2007:PEM:1541436.1541466,
 author = {Guibert, Nicolas and Girard, Patrick and Guittet, Laurent},
 title = {Protocoles Et M\'{E}Triques Pour L'Analyse De L'Activit\'{E} Dans Un Environnement Interactif D'Apprentissage De L'Algorithmique},
 booktitle = {Proceedings of the 19th Conference on L'Interaction Homme-Machine},
 series = {IHM '07},
 year = {2007},
 isbn = {978-1-59593-791-9},
 location = {Paris, France},
 pages = {151--158},
 numpages = {8},
 url = {http://doi.acm.org/10.1145/1541436.1541466},
 doi = {10.1145/1541436.1541466},
 acmid = {1541466},
 publisher = {ACM},
 address = {New York, NY, USA},
 keywords = {HCI, assessment protocols, cognitive ergonomics, eye-tracking, logs analysis, psychology of programming},
}

@inproceedings{Iqbal:2010:SLI:1967486.1967545,
 author = {Iqbal, Tassawar and Hammerm\"{u}ller, Klaus and Tjoa, A. Min},
 title = {Second Life for Illiterates: A 3D Virtual World Platform for Adult Basic Education},
 booktitle = {Proceedings of the 12th International Conference on Information Integration and Web-based Applications \&\#38; Services},
 series = {iiWAS '10},
 year = {2010},
 isbn = {978-1-4503-0421-4},
 location = {Paris, France},
 pages = {373--380},
 numpages = {8},
 url = {http://doi.acm.org/10.1145/1967486.1967545},
 doi = {10.1145/1967486.1967545},
 acmid = {1967545},
 publisher = {ACM},
 address = {New York, NY, USA},
 keywords = {3D virtual world (VW), adaptive interfaces, adult basic education (ABE), second life (SL), techno-literacy},
}

@inproceedings{Krusche:2016:EEL:2839509.2844599,
 author = {Krusche, Stephan and Reichart, Barbara and Tolstoi, Paul and Bruegge, Bernd},
 title = {Experiences from an Experiential Learning Course on Games Development},
 booktitle = {Proceedings of the 47th ACM Technical Symposium on Computing Science Education},
 series = {SIGCSE '16},
 year = {2016},
 isbn = {978-1-4503-3685-7},
 location = {Memphis, Tennessee, USA},
 pages = {582--587},
 numpages = {6},
 url = {http://doi.acm.org/10.1145/2839509.2844599},
 doi = {10.1145/2839509.2844599},
 acmid = {2844599},
 publisher = {ACM},
 address = {New York, NY, USA},
 keywords = {blended learning, cooperative learning, interactive tutorials, problem-based learning, software engineering},
}

@article{Frezza:2019:ASP:3303943.3231710,
 author = {Frezza, S. and Daniels, M. and Wilkin, A.},
 title = {Assessing Students\&\#x2019; IT Professional Values in a Global Project Setting},
 journal = {ACM Trans. Comput. Educ.},
 issue_date = {February 2019},
 volume = {19},
 number = {2},
 month = jan,
 year = {2019},
 issn = {1946-6226},
 pages = {9:1--9:34},
 articleno = {9},
 numpages = {34},
 url = {http://doi.acm.org/10.1145/3231710},
 doi = {10.1145/3231710},
 acmid = {3231710},
 publisher = {ACM},
 address = {New York, NY, USA},
 keywords = {Global software engineering, affective domain assessment, dispositional knowledge, engineering values assessment},
}

@article{Benkrid:2012:DHD:2382564.2382565,
 author = {Benkrid, Khaled and Clayton, Thomas},
 title = {Digital Hardware Design Teaching: An Alternative Approach},
 journal = {Trans. Comput. Educ.},
 issue_date = {November 2012},
 volume = {12},
 number = {4},
 month = nov,
 year = {2012},
 issn = {1946-6226},
 pages = {13:1--13:20},
 articleno = {13},
 numpages = {20},
 url = {http://doi.acm.org/10.1145/2382564.2382565},
 doi = {10.1145/2382564.2382565},
 acmid = {2382565},
 publisher = {ACM},
 address = {New York, NY, USA},
 keywords = {Digital hardware design, FPGA, Verilog, computer engineering, constructive alignment, curriculum design, electrical and electronics engineering, reconfigurable hardware},
}

@inproceedings{Chavez:2009:VAD:1666611.1666617,
 author = {Chavez, Mark J. and Gregory, Andrew and Yeung, Lau and Xueli, Wang},
 title = {Voyage to the Age of the Dinosaurs Project, an Experiential Learning Situation with Undergraduates, Graduates and Visiting Professionals},
 booktitle = {ACM SIGGRAPH ASIA 2009 Educators Program},
 series = {SIGGRAPH ASIA '09},
 year = {2009},
 location = {Yokohama, Japan},
 pages = {6:1--6:4},
 articleno = {6},
 numpages = {4},
 url = {http://doi.acm.org/10.1145/1666611.1666617},
 doi = {10.1145/1666611.1666617},
 acmid = {1666617},
 publisher = {ACM},
 address = {New York, NY, USA},
 keywords = {dinosaurs, games, geo science, learning sciences},
}

@inproceedings{Seow:2008:TFS:1599871.1599912,
 author = {Seow, Peter and Zhang, BaoHui and So, Hyo-Jeong and Looi, Chee-Kit and Chen, Wenli},
 title = {Towards a Framework for Seamless Learning Environments},
 booktitle = {Proceedings of the 8th International Conference on International Conference for the Learning Sciences - Volume 2},
 series = {ICLS'08},
 year = {2008},
 location = {Utrecht, The Netherlands},
 pages = {327--334},
 numpages = {8},
 url = {http://dl.acm.org/citation.cfm?id=1599871.1599912},
 acmid = {1599912},
 publisher = {International Society of the Learning Sciences},
}

@inproceedings{Koh:2016:PFL:2883851.2883914,
 author = {Koh, Elizabeth and Shibani, Antonette and Tan, Jennifer Pei-Ling and Hong, Helen},
 title = {A Pedagogical Framework for Learning Analytics in Collaborative Inquiry Tasks: An Example from a Teamwork Competency Awareness Program},
 booktitle = {Proceedings of the Sixth International Conference on Learning Analytics \& Knowledge},
 series = {LAK '16},
 year = {2016},
 isbn = {978-1-4503-4190-5},
 location = {Edinburgh, United Kingdom},
 pages = {74--83},
 numpages = {10},
 url = {http://doi.acm.org/10.1145/2883851.2883914},
 doi = {10.1145/2883851.2883914},
 acmid = {2883914},
 publisher = {ACM},
 address = {New York, NY, USA},
 keywords = {assessment, collaboration, dispositional analytics, evaluation, learning design, pedagogical model, teamwork, teamwork competency, twenty-first century skills},
}

@inproceedings{Graf:2009:AAL:1632189.1632300,
 author = {Graf, Sabine and Kinshuk},
 title = {Advanced Adaptivity in Learning Management Systems by Considering Learning Styles},
 booktitle = {Proceedings of the 2009 IEEE/WIC/ACM International Joint Conference on Web Intelligence and Intelligent Agent Technology - Volume 03},
 series = {WI-IAT '09},
 year = {2009},
 isbn = {978-0-7695-3801-3},
 pages = {235--238},
 numpages = {4},
 url = {https://doi.org/10.1109/WI-IAT.2009.271},
 doi = {10.1109/WI-IAT.2009.271},
 acmid = {1632300},
 publisher = {IEEE Computer Society},
 address = {Washington, DC, USA},
 keywords = {adaptivity, student modelling, learning management systems, learning styles},
}

@inproceedings{Brown:2006:RCS:1135777.1135827,
 author = {Brown, Elizabeth and Brailsford, Tim and Fisher, Tony and Moore, Adam and Ashman, Helen},
 title = {Reappraising Cognitive Styles in Adaptive Web Applications},
 booktitle = {Proceedings of the 15th International Conference on World Wide Web},
 series = {WWW '06},
 year = {2006},
 isbn = {1-59593-323-9},
 location = {Edinburgh, Scotland},
 pages = {327--335},
 numpages = {9},
 url = {http://doi.acm.org/10.1145/1135777.1135827},
 doi = {10.1145/1135777.1135827},
 acmid = {1135827},
 publisher = {ACM},
 address = {New York, NY, USA},
 keywords = {adaptive hypermedia, cognitive styles, user modelling, user trials, web applications},
}

@inproceedings{Pemberton:2009:CAR:1599503.1599540,
 author = {Pemberton, Lyn and Winter, Marcus},
 title = {Collaborative Augmented Reality in Schools},
 booktitle = {Proceedings of the 9th International Conference on Computer Supported Collaborative Learning - Volume 2},
 series = {CSCL'09},
 year = {2009},
 isbn = {978-1-4092-8598-4},
 location = {Rhodes, Greece},
 pages = {109--111},
 numpages = {3},
 url = {http://dl.acm.org/citation.cfm?id=1599503.1599540},
 acmid = {1599540},
 publisher = {International Society of the Learning Sciences},
}

@inproceedings{Fletcher:2010:DTL:1878335.1878399,
 author = {Fletcher, Kathryn},
 title = {Diary of a Trainer: Learning to Create Online Learning Experiences},
 booktitle = {Proceedings of the 38th  Annual ACM SIGUCCS Fall Conference: Navigation and Discovery},
 series = {SIGUCCS '10},
 year = {2010},
 isbn = {978-1-4503-0003-2},
 location = {Norfolk, Virginia, USA},
 pages = {257--264},
 numpages = {8},
 url = {http://doi.acm.org/10.1145/1878335.1878399},
 doi = {10.1145/1878335.1878399},
 acmid = {1878399},
 publisher = {ACM},
 address = {New York, NY, USA},
 keywords = {blackboard vista, e-learning, instructional design,, online course development},
}

@inproceedings{Gama:2019:DCP:3304221.3319777,
 author = {Gama, Kiev},
 title = {Developing Course Projects in a Hack Day: An Experience Report},
 booktitle = {Proceedings of the 2019 ACM Conference on Innovation and Technology in Computer Science Education},
 series = {ITiCSE '19},
 year = {2019},
 isbn = {978-1-4503-6301-3},
 location = {Aberdeen, Scotland Uk},
 pages = {388--394},
 numpages = {7},
 url = {http://doi.acm.org/10.1145/3304221.3319777},
 doi = {10.1145/3304221.3319777},
 acmid = {3319777},
 publisher = {ACM},
 address = {New York, NY, USA},
 keywords = {challenge-based learning, hackathon, peer learning, project-based learning},
}

@inproceedings{Atif:2010:LSP:1874590.1874614,
 author = {Atif, Yacine},
 title = {Learning Services Provisioning Using Semantic Web Technologies},
 booktitle = {Proceedings of the 1st International Conference on Intelligent Semantic Web-Services and Applications},
 series = {ISWSA '10},
 year = {2010},
 isbn = {978-1-4503-0475-7},
 location = {Amman, Jordan},
 pages = {24:1--24:5},
 articleno = {24},
 numpages = {5},
 url = {http://doi.acm.org/10.1145/1874590.1874614},
 doi = {10.1145/1874590.1874614},
 acmid = {1874614},
 publisher = {ACM},
 address = {New York, NY, USA},
 keywords = {learner profile, learning technology, semantic web, web service},
}

@inproceedings{Wee:2008:RMP:1599871.1599928,
 author = {Wee, Juan Dee and Looi, Chee-Kit},
 title = {Re-inventing Maths Problem Design: Using Guided Collaborative Critique (GCC) in Chat Environments},
 booktitle = {Proceedings of the 8th International Conference on International Conference for the Learning Sciences - Volume 2},
 series = {ICLS'08},
 year = {2008},
 location = {Utrecht, The Netherlands},
 pages = {459--466},
 numpages = {8},
 url = {http://dl.acm.org/citation.cfm?id=1599871.1599928},
 acmid = {1599928},
 publisher = {International Society of the Learning Sciences},
 keywords = {collaborative environment, computer-mediated communication, mathematical discourse, uptakes},
}

@inproceedings{Stash:2004:ALS:1013367.1013387,
 author = {Stash, Natalia Victorovna and Cristea, Alexandra Ioana and De Bra, Paul M.},
 title = {Authoring of Learning Styles in Adaptive Hypermedia: Problems and Solutions},
 booktitle = {Proceedings of the 13th International World Wide Web Conference on Alternate Track Papers \&Amp; Posters},
 series = {WWW Alt. '04},
 year = {2004},
 isbn = {1-58113-912-8},
 location = {New York, NY, USA},
 pages = {114--123},
 numpages = {10},
 url = {http://doi.acm.org/10.1145/1013367.1013387},
 doi = {10.1145/1013367.1013387},
 acmid = {1013387},
 publisher = {ACM},
 address = {New York, NY, USA},
 keywords = {adaptive hypermedia, authoring of adaptive hypermedia, learning styles, user modeling},
}

@inproceedings{Magerko:2008:IAD:1496984.1497021,
 author = {Magerko, Brian and Heeter, Carrie and Fitzgerald, Joe and Medler, Ben},
 title = {Intelligent Adaptation of Digital Game-based Learning},
 booktitle = {Proceedings of the 2008 Conference on Future Play: Research, Play, Share},
 series = {Future Play '08},
 year = {2008},
 isbn = {978-1-60558-218-4},
 location = {Toronto, Ontario, Canada},
 pages = {200--203},
 numpages = {4},
 url = {http://doi.acm.org/10.1145/1496984.1497021},
 doi = {10.1145/1496984.1497021},
 acmid = {1497021},
 publisher = {ACM},
 address = {New York, NY, USA},
 keywords = {adaptive games, player types, user modeling},
}

@article{Gaeta:2009:GBS:1502539.1502581,
 author = {Gaeta, Angelo and Gaeta, Matteo and Ritrovato, Pierluigi},
 title = {A Grid Based Software Architecture for Delivery of Adaptive and Personalised Learning Experiences},
 journal = {Personal Ubiquitous Comput.},
 issue_date = {March     2009},
 volume = {13},
 number = {3},
 month = mar,
 year = {2009},
 issn = {1617-4909},
 pages = {207--217},
 numpages = {11},
 url = {http://dx.doi.org/10.1007/s00779-007-0183-y},
 doi = {10.1007/s00779-007-0183-y},
 acmid = {1502581},
 publisher = {Springer-Verlag},
 address = {London, UK, UK},
 keywords = {Architecture for ubiquitous e-learning, Grid, IMS-LD, SOA, User-adaptive learning and personalisation},
}

