@inproceedings{Brown:2014:AUT:2538862.2538964,
 author = {Brown, Christopher and Pastel, Robert and Seigel, Marika and Wallace, Charles and Ott, Linda},
 title = {Adding Unit Test Experience to a Usability Centered Project Course},
 booktitle = {Proceedings of the 45th ACM Technical Symposium on Computer Science Education},
 series = {SIGCSE '14},
 year = {2014},
 isbn = {978-1-4503-2605-6},
 location = {Atlanta, Georgia, USA},
 pages = {259--264},
 numpages = {6},
 url = {http://doi.acm.org/10.1145/2538862.2538964},
 doi = {10.1145/2538862.2538964},
 acmid = {2538964},
 publisher = {ACM},
 address = {New York, NY, USA},
 keywords = {HCI, experiential learning, unit testing},
}

@inproceedings{Derbinsky:2017:SMI:3017680.3022346,
 author = {Derbinsky, Nate and Suresh, Durga},
 title = {Sustainable Methods for Impactful Service Learning in Computer Science (Abstract Only)},
 booktitle = {Proceedings of the 2017 ACM SIGCSE Technical Symposium on Computer Science Education},
 series = {SIGCSE '17},
 year = {2017},
 isbn = {978-1-4503-4698-6},
 location = {Seattle, Washington, USA},
 pages = {723--723},
 numpages = {1},
 url = {http://doi.acm.org/10.1145/3017680.3022346},
 doi = {10.1145/3017680.3022346},
 acmid = {3022346},
 publisher = {ACM},
 address = {New York, NY, USA},
 keywords = {curriculum, experiential learning, service learning},
}

@inproceedings{Chattratichart:2007:TAD:1240866.1240890,
 author = {Chattratichart, Jarinee},
 title = {A Theory-based Approach to Designing Student Learning Context},
 booktitle = {CHI '07 Extended Abstracts on Human Factors in Computing Systems},
 series = {CHI EA '07},
 year = {2007},
 isbn = {978-1-59593-642-4},
 location = {San Jose, CA, USA},
 pages = {1721--1728},
 numpages = {8},
 url = {http://doi.acm.org/10.1145/1240866.1240890},
 doi = {10.1145/1240866.1240890},
 acmid = {1240890},
 publisher = {ACM},
 address = {New York, NY, USA},
 keywords = {HCI education, Kolb's experiential learning},
}

@inproceedings{Gorka:2007:DRC:1324302.1324309,
 author = {Gorka, Sandra and Miller, Jacob R. and Howe, Brandon J.},
 title = {Developing Realistic Capstone Projects in Conjunction with Industry},
 booktitle = {Proceedings of the 8th ACM SIGITE Conference on Information Technology Education},
 series = {SIGITE '07},
 year = {2007},
 isbn = {978-1-59593-920-3},
 location = {Destin, Florida, USA},
 pages = {27--32},
 numpages = {6},
 url = {http://doi.acm.org/10.1145/1324302.1324309},
 doi = {10.1145/1324302.1324309},
 acmid = {1324309},
 publisher = {ACM},
 address = {New York, NY, USA},
 keywords = {accreditation, capstone, curriculum, experiential learning},
}

@inproceedings{Twitchell:2007:SMG:1409908.1409919,
 author = {Twitchell, Douglas P.},
 title = {SecurityCom: A Multi-player Game for Researching and Teaching Information Security Teams},
 booktitle = {Proceedings of the 4th Annual Conference on Information Security Curriculum Development},
 series = {InfoSecCD '07},
 year = {2007},
 isbn = {978-1-59593-909-8},
 location = {Kennesaw, Georgia},
 pages = {10:1--10:1},
 articleno = {10},
 numpages = {1},
 url = {http://doi.acm.org/10.1145/1409908.1409919},
 doi = {10.1145/1409908.1409919},
 acmid = {1409919},
 publisher = {ACM},
 address = {New York, NY, USA},
 keywords = {experiential learning, gaming, security education},
}

@inproceedings{Mani:2012:ALC:2157136.2157391,
 author = {Mani, Murali and Mazumder, Quamrul},
 title = {Active Learning in Computer Science Education Using Meta-cognition (Abstract Only)},
 booktitle = {Proceedings of the 43rd ACM Technical Symposium on Computer Science Education},
 series = {SIGCSE '12},
 year = {2012},
 isbn = {978-1-4503-1098-7},
 location = {Raleigh, North Carolina, USA},
 pages = {671--671},
 numpages = {1},
 url = {http://doi.acm.org/10.1145/2157136.2157391},
 doi = {10.1145/2157136.2157391},
 acmid = {2157391},
 publisher = {ACM},
 address = {New York, NY, USA},
 keywords = {active learning, experiential learning, meta-cognition},
}

@article{Bakar:2011:FMC:1963533.1963534,
 author = {Bakar, Ahmad Zaki Abu},
 title = {The Forgotten Majority of Computing Have-nots},
 journal = {ACM Inroads},
 issue_date = {June 2011},
 volume = {2},
 number = {2},
 month = jun,
 year = {2011},
 issn = {2153-2184},
 pages = {4--10},
 numpages = {7},
 url = {http://doi.acm.org/10.1145/1963533.1963534},
 doi = {10.1145/1963533.1963534},
 acmid = {1963534},
 publisher = {ACM},
 address = {New York, NY, USA},
 keywords = {Digital disparity, curriculum design, experiential learning},
}

@inproceedings{Homkes:2008:AS:1414558.1414564,
 author = {Homkes, Rick},
 title = {Assessing It Service-learning},
 booktitle = {Proceedings of the 9th ACM SIGITE Conference on Information Technology Education},
 series = {SIGITE '08},
 year = {2008},
 isbn = {978-1-60558-329-7},
 location = {Cincinnati, OH, USA},
 pages = {17--22},
 numpages = {6},
 url = {http://doi.acm.org/10.1145/1414558.1414564},
 doi = {10.1145/1414558.1414564},
 acmid = {1414564},
 publisher = {ACM},
 address = {New York, NY, USA},
 keywords = {experiential learning, problem-based learning, service-learning},
}

@inproceedings{Shaw:2005:EES:1082424.1082441,
 author = {Shaw, Katherine and Dermoudy, Julian},
 title = {Engendering an Empathy for Software Engineering},
 booktitle = {Proceedings of the 7th Australasian Conference on Computing Education - Volume 42},
 series = {ACE '05},
 year = {2005},
 isbn = {1-920682-24-4},
 location = {Newcastle, New South Wales, Australia},
 pages = {135--144},
 numpages = {10},
 url = {http://dl.acm.org/citation.cfm?id=1082424.1082441},
 acmid = {1082441},
 publisher = {Australian Computer Society, Inc.},
 address = {Darlinghurst, Australia, Australia},
 keywords = {experiential learning, simulation, software engineering education},
}

@inproceedings{Stone:2012:CPC:2157136.2157166,
 author = {Stone, Jeffrey A. and MacKellar, Bonnie and Madigan, Elinor M. and Pearce, Janice L.},
 title = {Community-based Projects for Computing Majors: Opportunities, Challenges and Best Practices},
 booktitle = {Proceedings of the 43rd ACM Technical Symposium on Computer Science Education},
 series = {SIGCSE '12},
 year = {2012},
 isbn = {978-1-4503-1098-7},
 location = {Raleigh, North Carolina, USA},
 pages = {85--86},
 numpages = {2},
 url = {http://doi.acm.org/10.1145/2157136.2157166},
 doi = {10.1145/2157136.2157166},
 acmid = {2157166},
 publisher = {ACM},
 address = {New York, NY, USA},
 keywords = {community projects, experiential learning, service learning},
}

@inproceedings{Al-khalifa:2010:OGS:1867651.1867683,
 author = {Al-khalifa, Hend},
 title = {Overcoming Gender Segregation in Service Learning Projects: A Case from Saudi Arabia},
 booktitle = {Proceedings of the 2010 ACM Conference on Information Technology Education},
 series = {SIGITE '10},
 year = {2010},
 isbn = {978-1-4503-0343-9},
 location = {Midland, Michigan, USA},
 pages = {121--124},
 numpages = {4},
 url = {http://doi.acm.org/10.1145/1867651.1867683},
 doi = {10.1145/1867651.1867683},
 acmid = {1867683},
 publisher = {ACM},
 address = {New York, NY, USA},
 keywords = {experiential learning, gender, service learning, web accessibility},
}

@inproceedings{Yuan:2016:AEE:2839509.2850550,
 author = {Yuan, Xiaohong and Xu, Jinsheng and Yu, Huiming and Kim, Junghee and Kim, Taehee},
 title = {Assessing the Effectiveness of Experiential-Learning-Based Teaching Tools in Cybersecurity Courses (Abstract Only)},
 booktitle = {Proceedings of the 47th ACM Technical Symposium on Computing Science Education},
 series = {SIGCSE '16},
 year = {2016},
 isbn = {978-1-4503-3685-7},
 location = {Memphis, Tennessee, USA},
 pages = {693--693},
 numpages = {1},
 url = {http://doi.acm.org/10.1145/2839509.2850550},
 doi = {10.1145/2839509.2850550},
 acmid = {2850550},
 publisher = {ACM},
 address = {New York, NY, USA},
 keywords = {assessment, cybersecurity, experiential-learning-based teaching tools},
}

@inproceedings{Ecker:2004:IIC:1029533.1029549,
 author = {Ecker, Pamela S. and Caudill, Jason and Hoctor, David and Meyer, Colleen},
 title = {Implementing an Interdisciplinary Capstone Course for Associate Degree Information Technology Programs},
 booktitle = {Proceedings of the 5th Conference on Information Technology Education},
 series = {CITC5 '04},
 year = {2004},
 isbn = {1-58113-936-5},
 location = {Salt Lake City, UT, USA},
 pages = {60--65},
 numpages = {6},
 url = {http://doi.acm.org/10.1145/1029533.1029549},
 doi = {10.1145/1029533.1029549},
 acmid = {1029549},
 publisher = {ACM},
 address = {New York, NY, USA},
 keywords = {capstone courses, experiential learning, student projects, teamwork},
}

@inproceedings{Hamidon:2018:LEL:3291078.3291079,
 author = {Hamidon, Zahari},
 title = {The Learner's Engagement in the Learning Process Designed Based on the Experiential Learning Theory in Post Graduate Program at Open University Malaysia},
 booktitle = {Proceedings of the 2018 2Nd International Conference on Education and E-Learning},
 series = {ICEEL 2018},
 year = {2018},
 isbn = {978-1-4503-6577-2},
 location = {Bali, Indonesia},
 pages = {26--31},
 numpages = {6},
 url = {http://doi.acm.org/10.1145/3291078.3291079},
 doi = {10.1145/3291078.3291079},
 acmid = {3291079},
 publisher = {ACM},
 address = {New York, NY, USA},
 keywords = {Experiential Learning, Learner's Engagement, Lesson Design},
}

@inproceedings{Holmes:2018:DES:3183377.3183380,
 author = {Holmes, Reid and Allen, Meghan and Craig, Michelle},
 title = {Dimensions of Experientialism for Software Engineering Education},
 booktitle = {Proceedings of the 40th International Conference on Software Engineering: Software Engineering Education and Training},
 series = {ICSE-SEET '18},
 year = {2018},
 isbn = {978-1-4503-5660-2},
 location = {Gothenburg, Sweden},
 pages = {31--39},
 numpages = {9},
 url = {http://doi.acm.org/10.1145/3183377.3183380},
 doi = {10.1145/3183377.3183380},
 acmid = {3183380},
 publisher = {ACM},
 address = {New York, NY, USA},
 keywords = {capstone, experiential learning, software engineering education},
}

@inproceedings{Iyengar:2009:TES:1631728.1631739,
 author = {Iyengar, Sudharsan R.},
 title = {Teaching Enterprise Software Development in Undergraduate Curriculum},
 booktitle = {Proceedings of the 10th ACM Conference on SIG-information Technology Education},
 series = {SIGITE '09},
 year = {2009},
 isbn = {978-1-60558-765-3},
 location = {Fairfax, Virginia, USA},
 pages = {29--32},
 numpages = {4},
 url = {http://doi.acm.org/10.1145/1631728.1631739},
 doi = {10.1145/1631728.1631739},
 acmid = {1631739},
 publisher = {ACM},
 address = {New York, NY, USA},
 keywords = {enterprise systems, experiential learning, systems development, teaching},
}

@inproceedings{Neyem:2014:ISE:2538862.2538920,
 author = {Neyem, Andres and Benedetto, Jose I. and Chacon, Andres F.},
 title = {Improving Software Engineering Education Through an Empirical Approach: Lessons Learned from Capstone Teaching Experiences},
 booktitle = {Proceedings of the 45th ACM Technical Symposium on Computer Science Education},
 series = {SIGCSE '14},
 year = {2014},
 isbn = {978-1-4503-2605-6},
 location = {Atlanta, Georgia, USA},
 pages = {391--396},
 numpages = {6},
 url = {http://doi.acm.org/10.1145/2538862.2538920},
 doi = {10.1145/2538862.2538920},
 acmid = {2538920},
 publisher = {ACM},
 address = {New York, NY, USA},
 keywords = {capstone, education, experiential learning, requirements, software engineering},
}

@inproceedings{Fowler:2018:PPG:3241815.3241862,
 author = {Fowler, Allan and Ni, Xuelei (Sherry) and Preston, Jon},
 title = {The Pedagogical Potential of Game Jams},
 booktitle = {Proceedings of the 19th Annual SIG Conference on Information Technology Education},
 series = {SIGITE '18},
 year = {2018},
 isbn = {978-1-4503-5954-2},
 location = {Fort Lauderdale, Florida, USA},
 pages = {112--116},
 numpages = {5},
 url = {http://doi.acm.org/10.1145/3241815.3241862},
 doi = {10.1145/3241815.3241862},
 acmid = {3241862},
 publisher = {ACM},
 address = {New York, NY, USA},
 keywords = {computing education, experiential learning, game jam, hackathon, learning, pedagogy},
}

@inproceedings{Chen:2008:IEL:1401032.1401052,
 author = {Chen, Mei-Fen},
 title = {Integrate Experiential Learning to Simulate a Website Design Project Process},
 booktitle = {ACM SIGGRAPH 2008 Talks},
 series = {SIGGRAPH '08},
 year = {2008},
 isbn = {978-1-60558-343-3},
 location = {Los Angeles, California},
 pages = {15:1--15:1},
 articleno = {15},
 numpages = {1},
 url = {http://doi.acm.org/10.1145/1401032.1401052},
 doi = {10.1145/1401032.1401052},
 acmid = {1401052},
 publisher = {ACM},
 address = {New York, NY, USA},
}

@article{Becker:2011:SET:1961574.1961631,
 author = {Becker, Deborah and Hecker, Connie},
 title = {Student Engagement Through Applied Learning: The "Live" Business Partnership Model},
 journal = {J. Comput. Sci. Coll.},
 issue_date = {May 2011},
 volume = {26},
 number = {5},
 month = may,
 year = {2011},
 issn = {1937-4771},
 pages = {275--282},
 numpages = {8},
 url = {http://dl.acm.org/citation.cfm?id=1961574.1961631},
 acmid = {1961631},
 publisher = {Consortium for Computing Sciences in Colleges},
 address = {USA},
 keywords = {applied learning, community service, experiential learning, project management, student engagement},
}

@inproceedings{Brown:2013:UPE:2528908.2528921,
 author = {Brown, Mark and Crawford, Jeff and Nordstrom, Steve and Scholl, Fred and Mhlanga, Fortune},
 title = {Understanding the Presence of Experiential Learning Opportunity Programs in the Information Security Field},
 booktitle = {Proceedings of the 2013 on InfoSecCD '13: Information Security Curriculum Development Conference},
 series = {InfoSecCD '13},
 year = {2013},
 isbn = {978-1-4503-2547-9},
 location = {Kennesaw GA, USA},
 pages = {53:53--53:59},
 articleno = {53},
 numpages = {7},
 url = {http://doi.acm.org/10.1145/2528908.2528921},
 doi = {10.1145/2528908.2528921},
 acmid = {2528921},
 publisher = {ACM},
 address = {New York, NY, USA},
 keywords = {Co-operative Education, Experiential Learning, Information Security, Internship},
}

@inproceedings{Dorodchi:2017:APF:3059009.3073004,
 author = {Dorodchi, Mohsen and Dehbozorgi, Nasrin},
 title = {Addressing the Paradox of Fun and Rigor in Learning Programming},
 booktitle = {Proceedings of the 2017 ACM Conference on Innovation and Technology in Computer Science Education},
 series = {ITiCSE '17},
 year = {2017},
 isbn = {978-1-4503-4704-4},
 location = {Bologna, Italy},
 pages = {370--370},
 numpages = {1},
 url = {http://doi.acm.org/10.1145/3059009.3073004},
 doi = {10.1145/3059009.3073004},
 acmid = {3073004},
 publisher = {ACM},
 address = {New York, NY, USA},
 keywords = {collaborative learning, cs1, experiential learning, introductory programming, teamwork activities},
}

@inproceedings{Mountrouidou:2016:BPC:2839509.2850542,
 author = {Mountrouidou, Xenia and Li, Xiangyang},
 title = {Broadening the Path to Cybersecurity Profession in Predominantly Undergraduate and Liberal Arts Institutions (Abstract Only)},
 booktitle = {Proceedings of the 47th ACM Technical Symposium on Computing Science Education},
 series = {SIGCSE '16},
 year = {2016},
 isbn = {978-1-4503-3685-7},
 location = {Memphis, Tennessee, USA},
 pages = {688--688},
 numpages = {1},
 url = {http://doi.acm.org/10.1145/2839509.2850542},
 doi = {10.1145/2839509.2850542},
 acmid = {2850542},
 publisher = {ACM},
 address = {New York, NY, USA},
 keywords = {cybersecurity, experiential learning, geni, liberal arts colleges, undergraduate education},
}

@article{Stone:2007:IRW:1272848.1272881,
 author = {Stone, Jeffrey A. and Madigan, Elinor M.},
 title = {Integrating Reflective Writing in CS/IS},
 journal = {SIGCSE Bull.},
 issue_date = {June 2007},
 volume = {39},
 number = {2},
 month = jun,
 year = {2007},
 issn = {0097-8418},
 pages = {42--45},
 numpages = {4},
 url = {http://doi.acm.org/10.1145/1272848.1272881},
 doi = {10.1145/1272848.1272881},
 acmid = {1272881},
 publisher = {ACM},
 address = {New York, NY, USA},
 keywords = {computer science education, experiential learning, pedagogy, reflection, writing},
}

@inproceedings{Jantjies:2018:ELT:3300942.3300956,
 author = {Jantjies, Mmaki and Moodley, Trevor and Maart, Ronel},
 title = {Experiential Learning Through Virtual and Augmented Reality in Higher Education},
 booktitle = {Proceedings of the 2018 International Conference on Education Technology Management},
 series = {ICETM 2018},
 year = {2018},
 isbn = {978-1-4503-6630-4},
 location = {Barcelona, Spain},
 pages = {42--45},
 numpages = {4},
 url = {http://doi.acm.org/10.1145/3300942.3300956},
 doi = {10.1145/3300942.3300956},
 acmid = {3300956},
 publisher = {ACM},
 address = {New York, NY, USA},
 keywords = {Augmented Reality, Experiential Learning, South Africa, Virtual Reality, mobile learning},
}

@article{Sabin:2010:ACE:1791129.1791136,
 author = {Sabin, Mihaela},
 title = {Assessing Collaborative and Experiential Learning},
 journal = {J. Comput. Sci. Coll.},
 issue_date = {June 2010},
 volume = {25},
 number = {6},
 month = jun,
 year = {2010},
 issn = {1937-4771},
 pages = {26--33},
 numpages = {8},
 url = {http://dl.acm.org/citation.cfm?id=1791129.1791136},
 acmid = {1791136},
 publisher = {Consortium for Computing Sciences in Colleges},
 address = {USA},
}

@article{Rychlewski:2005:CPI:1047846.1047868,
 author = {Rychlewski, Walt and Teat, Marty and Burris, Eddy and Mehta, Ritesh and Webb, Jason},
 title = {A Collaborative Program for Interdisciplinary Experiential Learning},
 journal = {J. Comput. Sci. Coll.},
 issue_date = {April 2005},
 volume = {20},
 number = {4},
 month = apr,
 year = {2005},
 issn = {1937-4771},
 pages = {142--142},
 numpages = {1},
 url = {http://dl.acm.org/citation.cfm?id=1047846.1047868},
 acmid = {1047868},
 publisher = {Consortium for Computing Sciences in Colleges},
 address = {USA},
}

@inproceedings{Reichlmay:2006:CIS:1137842.1137848,
 author = {Reichlmay, Thomas J.},
 title = {Collaborating with Industry: Strategies for an Undergraduate Software Engineering Program},
 booktitle = {Proceedings of the 2006 International Workshop on Summit on Software Engineering Education},
 series = {SSEE '06},
 year = {2006},
 isbn = {1-59593-407-3},
 location = {Shanghai, China},
 pages = {13--16},
 numpages = {4},
 url = {http://doi.acm.org/10.1145/1137842.1137848},
 doi = {10.1145/1137842.1137848},
 acmid = {1137848},
 publisher = {ACM},
 address = {New York, NY, USA},
 keywords = {best practice, capstone projects, education, experiential learning, industry, software engineering},
}

@inproceedings{Doherty:2017:LIO:3121113.3121241,
 author = {Doherty, Stanley},
 title = {Leveraging Industry Onboarding Materials in the Curriculum},
 booktitle = {Proceedings of the 35th ACM International Conference on the Design of Communication},
 series = {SIGDOC '17},
 year = {2017},
 isbn = {978-1-4503-5160-7},
 location = {Halifax, Nova Scotia, Canada},
 pages = {36:1--36:5},
 articleno = {36},
 numpages = {5},
 url = {http://doi.acm.org/10.1145/3121113.3121241},
 doi = {10.1145/3121113.3121241},
 acmid = {3121241},
 publisher = {ACM},
 address = {New York, NY, USA},
 keywords = {DITA, GitHub, experiential learning, markdown, new hires, onboarding, technical communication},
}

@inproceedings{Mora:2018:IIC:3289406.3289410,
 author = {Mora, Simone and Gianni, Francesco and Nichele, Stefano and Divitini, Monica},
 title = {Introducing IoT Competencies to First-Year University Students With The Tiles Toolkit},
 booktitle = {Proceedings of the 7th Computer Science Education Research Conference},
 series = {CSERC '18},
 year = {2018},
 isbn = {978-1-4503-6624-3},
 location = {Saint Petersburg, Russian Federation},
 pages = {26--34},
 numpages = {9},
 url = {http://doi.acm.org/10.1145/3289406.3289410},
 doi = {10.1145/3289406.3289410},
 acmid = {3289410},
 publisher = {ACM},
 address = {New York, NY, USA},
 keywords = {Computer Science Education, Experiential Learning, Internet of Things},
}

@inproceedings{Burke:2019:CC:3287324.3287373,
 author = {Burke, Quinn and Bailey, Cinamon Sunrise},
 title = {Camp or College?},
 booktitle = {Proceedings of the 50th ACM Technical Symposium on Computer Science Education},
 series = {SIGCSE '19},
 year = {2019},
 isbn = {978-1-4503-5890-3},
 location = {Minneapolis, MN, USA},
 pages = {345--350},
 numpages = {6},
 url = {http://doi.acm.org/10.1145/3287324.3287373},
 doi = {10.1145/3287324.3287373},
 acmid = {3287373},
 publisher = {ACM},
 address = {New York, NY, USA},
 keywords = {coding bootcamp, experiential learning, learning environment, learning preferences, soft skills},
}

@inproceedings{Laware:2004:RWP:1029533.1029536,
 author = {Laware, Gilbert W. and Walters, Andrew J.},
 title = {Real World Problems Bringing Life to Course Content},
 booktitle = {Proceedings of the 5th Conference on Information Technology Education},
 series = {CITC5 '04},
 year = {2004},
 isbn = {1-58113-936-5},
 location = {Salt Lake City, UT, USA},
 pages = {6--12},
 numpages = {7},
 url = {http://doi.acm.org/10.1145/1029533.1029536},
 doi = {10.1145/1029533.1029536},
 acmid = {1029536},
 publisher = {ACM},
 address = {New York, NY, USA},
 keywords = {experiential learning, pedagogy, problem-based, problem-centered, project management, technology},
}

@inproceedings{Lode:2013:MPI:2468356.2479483,
 author = {Lode, Henrike and Franchi, Giuseppe E. and Frederiksen, Niels G.},
 title = {Machineers: Playfully Introducing Programming to Children},
 booktitle = {CHI '13 Extended Abstracts on Human Factors in Computing Systems},
 series = {CHI EA '13},
 year = {2013},
 isbn = {978-1-4503-1952-2},
 location = {Paris, France},
 pages = {2639--2642},
 numpages = {4},
 url = {http://doi.acm.org/10.1145/2468356.2479483},
 doi = {10.1145/2468356.2479483},
 acmid = {2479483},
 publisher = {ACM},
 address = {New York, NY, USA},
 keywords = {educational game, experiential learning, procedural literacy, stealth learning},
}

@inproceedings{Beard:2007:ISS:1235000.1235040,
 author = {Beard, Debbie and Schwieger, Dana and Surendran, Ken},
 title = {Incorporating Soft Skills into Accounting and MIS Curricula},
 booktitle = {Proceedings of the 2007 ACM SIGMIS CPR Conference on Computer Personnel Research: The Global Information Technology Workforce},
 series = {SIGMIS CPR '07},
 year = {2007},
 isbn = {978-1-59593-641-7},
 location = {St. Louis, Missouri, USA},
 pages = {179--185},
 numpages = {7},
 url = {http://doi.acm.org/10.1145/1235000.1235040},
 doi = {10.1145/1235000.1235040},
 acmid = {1235040},
 publisher = {ACM},
 address = {New York, NY, USA},
 keywords = {assurance of learning, education, experiential learning, soft skills},
}

@inproceedings{Johnson:2005:LLG:1187358.1187396,
 author = {Johnson, W. Lewis},
 title = {Lessons Learned from Games for Education},
 booktitle = {ACM SIGGRAPH 2005 Educators Program},
 series = {SIGGRAPH '05},
 year = {2005},
 location = {Los Angeles, California},
 articleno = {31},
 url = {http://doi.acm.org/10.1145/1187358.1187396},
 doi = {10.1145/1187358.1187396},
 acmid = {1187396},
 publisher = {ACM},
 address = {New York, NY, USA},
 keywords = {computer games, education, experiential learning environments, serious games},
}

@inproceedings{Greenwald:2015:RFE:2815585.2815586,
 author = {Greenwald, Scott W.},
 title = {Responsive Facilitation of Experiential Learning Through Access to Attentional State},
 booktitle = {Adjunct Proceedings of the 28th Annual ACM Symposium on User Interface Software \& Technology},
 series = {UIST '15 Adjunct},
 year = {2015},
 isbn = {978-1-4503-3780-9},
 location = {Daegu, Kyungpook, Republic of Korea},
 pages = {1--4},
 numpages = {4},
 url = {http://doi.acm.org/10.1145/2815585.2815586},
 doi = {10.1145/2815585.2815586},
 acmid = {2815586},
 publisher = {ACM},
 address = {New York, NY, USA},
 keywords = {contextual information, experiential learning, eye gaze interaction, remote collaboration},
}

@inproceedings{Chen:2008:PPM:1507713.1507726,
 author = {Chen, Mei-Fen},
 title = {Practice Project Management in Website Design: An Experiential Learning Simulation},
 booktitle = {ACM SIGGRAPH ASIA 2008 Educators Programme},
 series = {SIGGRAPH Asia '08},
 year = {2008},
 isbn = {978-1-60558-388-4},
 location = {Singapore},
 pages = {11:1--11:1},
 articleno = {11},
 numpages = {1},
 url = {http://doi.acm.org/10.1145/1507713.1507726},
 doi = {10.1145/1507713.1507726},
 acmid = {1507726},
 publisher = {ACM},
 address = {New York, NY, USA},
}

@article{Obrenovic:2012:RHE:2168931.2168945,
 author = {Obrenovi\'{c}, \v{Z}eljko},
 title = {Rethinking HCI Education: Teaching Interactive Computing Concepts Based on the Experiential Learning Paradigm},
 journal = {interactions},
 issue_date = {May + June 2012},
 volume = {19},
 number = {3},
 month = may,
 year = {2012},
 issn = {1072-5520},
 pages = {66--70},
 numpages = {5},
 url = {http://doi.acm.org/10.1145/2168931.2168945},
 doi = {10.1145/2168931.2168945},
 acmid = {2168945},
 publisher = {ACM},
 address = {New York, NY, USA},
}

@article{Gasson:2018:SEL:3290768.3290774,
 author = {Gasson, Susan and Waters, James},
 title = {Simulating Experiential Learning in Professional Online Courses},
 journal = {SIGMIS Database},
 issue_date = {November 2018},
 volume = {49},
 number = {4},
 month = nov,
 year = {2018},
 issn = {0095-0033},
 pages = {46--77},
 numpages = {32},
 url = {http://doi.acm.org/10.1145/3290768.3290774},
 doi = {10.1145/3290768.3290774},
 acmid = {3290774},
 publisher = {ACM},
 address = {New York, NY, USA},
 keywords = {collective framing and problematization, community learning, peer learning, professional online education, situated learning},
}

@inproceedings{Tsang:2018:ELT:3209635.3209645,
 author = {Tsang, Herbert H. and Hanbidge, Alice Schmidt and Tin, Tony},
 title = {Experiential Learning Through Inter-University Collaboration Research Project in Academic Integrity},
 booktitle = {Proceedings of the 23rd Western Canadian Conference on Computing Education},
 series = {WCCCE '18},
 year = {2018},
 isbn = {978-1-4503-5805-7},
 location = {Victoria, BC, Canada},
 pages = {5:1--5:6},
 articleno = {5},
 numpages = {6},
 url = {http://doi.acm.org/10.1145/3209635.3209645},
 doi = {10.1145/3209635.3209645},
 acmid = {3209645},
 publisher = {ACM},
 address = {New York, NY, USA},
 keywords = {Education methods, academic integrity, computing science education, core values, experiential learning, m-learning, mobile learning, plagiarism, real-world experience, research},
}

@inproceedings{Whittington:2008:ASI:1401032.1401050,
 author = {Whittington, Jana and Nankivell, Kim},
 title = {Addressing Student and Industry Needs Through Experiential Learning Courses to Better Prepare the Student for Real-world Work Experience},
 booktitle = {ACM SIGGRAPH 2008 Talks},
 series = {SIGGRAPH '08},
 year = {2008},
 isbn = {978-1-60558-343-3},
 location = {Los Angeles, California},
 pages = {13:1--13:1},
 articleno = {13},
 numpages = {1},
 url = {http://doi.acm.org/10.1145/1401032.1401050},
 doi = {10.1145/1401032.1401050},
 acmid = {1401050},
 publisher = {ACM},
 address = {New York, NY, USA},
}

@inproceedings{Estrada:2017:PRC:3059009.3059025,
 author = {Estrada, Francisco J.},
 title = {Practical Robotics in Computer Science Using the LEGO NXT: An Experience Report},
 booktitle = {Proceedings of the 2017 ACM Conference on Innovation and Technology in Computer Science Education},
 series = {ITiCSE '17},
 year = {2017},
 isbn = {978-1-4503-4704-4},
 location = {Bologna, Italy},
 pages = {329--334},
 numpages = {6},
 url = {http://doi.acm.org/10.1145/3059009.3059025},
 doi = {10.1145/3059009.3059025},
 acmid = {3059025},
 publisher = {ACM},
 address = {New York, NY, USA},
 keywords = {course curriculum, experiential learning, lego nxt, robotic soccer, robotics in computer science},
}

@inproceedings{Krusche:2016:EEL:2839509.2844599,
 author = {Krusche, Stephan and Reichart, Barbara and Tolstoi, Paul and Bruegge, Bernd},
 title = {Experiences from an Experiential Learning Course on Games Development},
 booktitle = {Proceedings of the 47th ACM Technical Symposium on Computing Science Education},
 series = {SIGCSE '16},
 year = {2016},
 isbn = {978-1-4503-3685-7},
 location = {Memphis, Tennessee, USA},
 pages = {582--587},
 numpages = {6},
 url = {http://doi.acm.org/10.1145/2839509.2844599},
 doi = {10.1145/2839509.2844599},
 acmid = {2844599},
 publisher = {ACM},
 address = {New York, NY, USA},
 keywords = {blended learning, cooperative learning, interactive tutorials, problem-based learning, software engineering},
}

@inproceedings{Pinto-Llorente:2018:RSP:3284179.3284278,
 author = {Pinto-Llorente, Ana M. and S\'{a}nchez-G\'{o}mez, M. Cruz and Mart\'{\i}n-S\'{a}nchez, \'{O}scar Jos{\'e} and Del Moral-Marcos, M. Teresa},
 title = {A Research into the Students' Perceptions of Technology and Inclusive Education},
 booktitle = {Proceedings of the Sixth International Conference on Technological Ecosystems for Enhancing Multiculturality},
 series = {TEEM'18},
 year = {2018},
 isbn = {978-1-4503-6518-5},
 location = {Salamanca, Spain},
 pages = {580--586},
 numpages = {7},
 url = {http://doi.acm.org/10.1145/3284179.3284278},
 doi = {10.1145/3284179.3284278},
 acmid = {3284278},
 publisher = {ACM},
 address = {New York, NY, USA},
 keywords = {Mixed methods research, experiential learning, inclusive education, practicum experience, teacher training, technology},
}

@inproceedings{Ras:2008:IAU:1414004.1414058,
 author = {Ras, Eric},
 title = {Improving Application and Understanding of Experience Packages Through Learning Spaces},
 booktitle = {Proceedings of the Second ACM-IEEE International Symposium on Empirical Software Engineering and Measurement},
 series = {ESEM '08},
 year = {2008},
 isbn = {978-1-59593-971-5},
 location = {Kaiserslautern, Germany},
 pages = {297--299},
 numpages = {3},
 url = {http://doi.acm.org/10.1145/1414004.1414058},
 doi = {10.1145/1414004.1414058},
 acmid = {1414058},
 publisher = {ACM},
 address = {New York, NY, USA},
 keywords = {controlled experiment, experience factory, experience management, experience package, experiential learning, learning space},
}

@inproceedings{Onyango:2017:TIL:3160908.3160920,
 author = {Onyango, George and Gitonga, Rhoda and Rugar, Thaddaeus},
 title = {Technology Integrated Lesson Plan Based on Experiential Learning},
 booktitle = {Proceedings of the 2017 International Conference on Education and E-Learning},
 series = {ICEEL 2017},
 year = {2017},
 isbn = {978-1-4503-5377-9},
 location = {Bangkok, Thailand},
 pages = {34--40},
 numpages = {7},
 url = {http://doi.acm.org/10.1145/3160908.3160920},
 doi = {10.1145/3160908.3160920},
 acmid = {3160920},
 publisher = {ACM},
 address = {New York, NY, USA},
 keywords = {Bybees learning cycle, Kolb's experiential learning theory, Lesson plan, TPACK technology integration model},
}

@inproceedings{Talone:2017:EHI:3125659.3125685,
 author = {Talone, Andrew B. and Basavaraj, Prateek and Wisniewski, Pamela J.},
 title = {Enhancing Human-Computer Interaction and User Experience Education Through a Hybrid Approach to Experiential Learning},
 booktitle = {Proceedings of the 18th Annual Conference on Information Technology Education},
 series = {SIGITE '17},
 year = {2017},
 isbn = {978-1-4503-5100-3},
 location = {Rochester, New York, USA},
 pages = {83--88},
 numpages = {6},
 url = {http://doi.acm.org/10.1145/3125659.3125685},
 doi = {10.1145/3125659.3125685},
 acmid = {3125685},
 publisher = {ACM},
 address = {New York, NY, USA},
 keywords = {experiential learning, human-computer interaction, industry partnerships, project-based learning, real-world projects, user experience},
}

@inproceedings{Schwartzman:2007:STL:2449323.2449334,
 author = {Schwartzman, Leslie},
 title = {Student Transformative Learning in Software Engineering and Design: Discontinuity (Pre)Serves Meaning},
 booktitle = {Proceedings of the Seventh Baltic Sea Conference on Computing Education Research - Volume 88},
 series = {Koli Calling '07},
 year = {2007},
 isbn = {978-1-920682-69-9},
 location = {Koli National Park, Finland},
 pages = {97--108},
 numpages = {12},
 url = {http://dl.acm.org/citation.cfm?id=2449323.2449334},
 acmid = {2449334},
 publisher = {Australian Computer Society, Inc.},
 address = {Darlinghurst, Australia, Australia},
 keywords = {confusion, curriculum, defensiveness, dynamic of rupture, experiential learning, pedagogy, phenomenology, reflectiveness, student feedback},
}

@article{Strayer:2005:STP:1089053.1089073,
 author = {Strayer, Susan H.},
 title = {The Student TechCorps: Providing Experiential Learning Opportunities to Students in Computing and Information Science},
 journal = {J. Comput. Sci. Coll.},
 issue_date = {December 2005},
 volume = {21},
 number = {2},
 month = dec,
 year = {2005},
 issn = {1937-4771},
 pages = {143--147},
 numpages = {5},
 url = {http://dl.acm.org/citation.cfm?id=1089053.1089073},
 acmid = {1089073},
 publisher = {Consortium for Computing Sciences in Colleges},
 address = {USA},
}

@inproceedings{Sabin:2008:CEL:1414558.1414600,
 author = {Sabin, Mihaela},
 title = {A Collaborative and Experiential Learning Model Powered by Real-world Projects},
 booktitle = {Proceedings of the 9th ACM SIGITE Conference on Information Technology Education},
 series = {SIGITE '08},
 year = {2008},
 isbn = {978-1-60558-329-7},
 location = {Cincinnati, OH, USA},
 pages = {157--164},
 numpages = {8},
 url = {http://doi.acm.org/10.1145/1414558.1414600},
 doi = {10.1145/1414558.1414600},
 acmid = {1414600},
 publisher = {ACM},
 address = {New York, NY, USA},
 keywords = {guided instruction, interactive teaching, real-world team projects, self assessment and assessment of teamwork},
}

@inproceedings{Chavez:2009:VAD:1666611.1666617,
 author = {Chavez, Mark J. and Gregory, Andrew and Yeung, Lau and Xueli, Wang},
 title = {Voyage to the Age of the Dinosaurs Project, an Experiential Learning Situation with Undergraduates, Graduates and Visiting Professionals},
 booktitle = {ACM SIGGRAPH ASIA 2009 Educators Program},
 series = {SIGGRAPH ASIA '09},
 year = {2009},
 location = {Yokohama, Japan},
 pages = {6:1--6:4},
 articleno = {6},
 numpages = {4},
 url = {http://doi.acm.org/10.1145/1666611.1666617},
 doi = {10.1145/1666611.1666617},
 acmid = {1666617},
 publisher = {ACM},
 address = {New York, NY, USA},
 keywords = {dinosaurs, games, geo science, learning sciences},
}

@inproceedings{Dzvonyar:2018:TCS:3194779.3194782,
 author = {Dzvonyar, Dora and Alperowitz, Lukas and Henze, Dominic and Bruegge, Bernd},
 title = {Team Composition in Software Engineering Project Courses},
 booktitle = {Proceedings of the 2Nd International Workshop on Software Engineering Education for Millennials},
 series = {SEEM '18},
 year = {2018},
 isbn = {978-1-4503-5750-0},
 location = {Gothenburg, Sweden},
 pages = {16--23},
 numpages = {8},
 url = {http://doi.acm.org/10.1145/3194779.3194782},
 doi = {10.1145/3194779.3194782},
 acmid = {3194782},
 publisher = {ACM},
 address = {New York, NY, USA},
 keywords = {agile methods, applied education, experiential learning, project course, software engineering, team composition, teamwork},
}

@inproceedings{Angel:2015:FDE:2818498.2818512,
 author = {Angel, Jeannette and LaValle, Alicia and Iype, Deepti Mathew and Sheppard, Stephen and Dulic, Aleksandra},
 title = {Future Delta 2.0 an Experiential Learning Context for a Serious Game About Local Climate Change},
 booktitle = {SIGGRAPH Asia 2015 Symposium on Education},
 series = {SA '15},
 year = {2015},
 isbn = {978-1-4503-3927-8},
 location = {Kobe, Japan},
 pages = {12:1--12:10},
 articleno = {12},
 numpages = {10},
 url = {http://doi.acm.org/10.1145/2818498.2818512},
 doi = {10.1145/2818498.2818512},
 acmid = {2818512},
 publisher = {ACM},
 address = {New York, NY, USA},
 keywords = {climate change educational game, experiential learning context, game design, play, serious games},
}

@inproceedings{Efthimiadis:2007:IEL:1277741.1277982,
 author = {Efthimiadis, Efthimis N. and Freier, Nathan G.},
 title = {IR-Toolbox: An Experiential Learning Tool for Teaching IR},
 booktitle = {Proceedings of the 30th Annual International ACM SIGIR Conference on Research and Development in Information Retrieval},
 series = {SIGIR '07},
 year = {2007},
 isbn = {978-1-59593-597-7},
 location = {Amsterdam, The Netherlands},
 pages = {914--914},
 numpages = {1},
 url = {http://doi.acm.org/10.1145/1277741.1277982},
 doi = {10.1145/1277741.1277982},
 acmid = {1277982},
 publisher = {ACM},
 address = {New York, NY, USA},
 keywords = {experiential learning, science students, teaching information retrieval to library and information},
}

@inproceedings{Christiansen:1995:MDL:222020.222063,
 author = {Christiansen, Ellen and Dirckinck-Holmfeld, Lone},
 title = {Making Distance Learning Collaborative},
 booktitle = {The First International Conference on Computer Support for Collaborative Learning},
 series = {CSCL '95},
 year = {1995},
 isbn = {0-8058-2243-7},
 location = {Indiana Univ., Bloomington, Indiana, USA},
 pages = {57--61},
 numpages = {5},
 url = {https://doi.org/10.3115/222020.222063},
 doi = {10.3115/222020.222063},
 acmid = {222063},
 publisher = {L. Erlbaum Associates Inc.},
 address = {Hillsdale, NJ, USA},
 keywords = {CSCL, CSCW, collaborative learning, distance learning, experiential learning, problem orientation, project organisation},
}

@inproceedings{Stanley:2017:CCR:3017680.3017710,
 author = {Stanley, Dannie M.},
 title = {CORP: Co-operative Remote Practicum Work Experience Model for Software Engineering Education},
 booktitle = {Proceedings of the 2017 ACM SIGCSE Technical Symposium on Computer Science Education},
 series = {SIGCSE '17},
 year = {2017},
 isbn = {978-1-4503-4698-6},
 location = {Seattle, Washington, USA},
 pages = {567--571},
 numpages = {5},
 url = {http://doi.acm.org/10.1145/3017680.3017710},
 doi = {10.1145/3017680.3017710},
 acmid = {3017710},
 publisher = {ACM},
 address = {New York, NY, USA},
 keywords = {curriculum, experiential learning, internship, practicum, software development, software engineering, work experience},
}

@article{Watt:1988:ELE:382236.382855,
 author = {Watt, Molly},
 title = {Experiential Learning: Elements to Consider in Designing a Preservice Course in Educational Computing},
 journal = {SIGCUE Outlook},
 issue_date = {Sept. 1988},
 volume = {20},
 number = {1},
 month = sep,
 year = {1988},
 issn = {0163-5735},
 pages = {25--31},
 numpages = {7},
 url = {http://doi.acm.org/10.1145/382236.382855},
 doi = {10.1145/382236.382855},
 acmid = {382855},
 publisher = {ACM},
 address = {New York, NY, USA},
}

@inproceedings{Rajanen:2019:CSC:3335055.3335077,
 author = {Rajanen, Dorina and Rajanen, Mikko},
 title = {Co-creation of a Safety Culture in Digital Fabrication},
 booktitle = {Proceedings of the FabLearn Europe 2019 Conference},
 series = {FabLearn Europe '19},
 year = {2019},
 isbn = {978-1-4503-6266-5},
 location = {Oulu, Finland},
 pages = {22:1--22:2},
 articleno = {22},
 numpages = {2},
 url = {http://doi.acm.org/10.1145/3335055.3335077},
 doi = {10.1145/3335055.3335077},
 acmid = {3335077},
 publisher = {ACM},
 address = {New York, NY, USA},
 keywords = {Co-creation, Digital fabrication, Experiential learning, Instructional design, Participatory media, Safety culture},
}

@inproceedings{Faggiani:2018:ELO:3241815.3241859,
 author = {Faggiani, Kathy S. and Dafnis, Bill and Kwan, Matthew},
 title = {Experiential Learning in an Online IT Program: A Case Study of Third-Party Capstone Project Sourcing},
 booktitle = {Proceedings of the 19th Annual SIG Conference on Information Technology Education},
 series = {SIGITE '18},
 year = {2018},
 isbn = {978-1-4503-5954-2},
 location = {Fort Lauderdale, Florida, USA},
 pages = {72--77},
 numpages = {6},
 url = {http://doi.acm.org/10.1145/3241815.3241859},
 doi = {10.1145/3241815.3241859},
 acmid = {3241859},
 publisher = {ACM},
 address = {New York, NY, USA},
 keywords = {experiential learning, industry-based capstone., information technology capstone course, project sources},
}

@inproceedings{Smuts:2014:CRV:2664591.2664603,
 author = {Smuts, Martin and Burger, Clayton and Scholtz, Brenda},
 title = {Composite, Real-time Validation for Business Process Modelling},
 booktitle = {Proceedings of the Southern African Institute for Computer Scientist and Information Technologists Annual Conference 2014 on SAICSIT 2014 Empowered by Technology},
 series = {SAICSIT '14},
 year = {2014},
 isbn = {978-1-4503-3246-0},
 location = {Centurion, South Africa},
 pages = {93:93--93:103},
 articleno = {93},
 numpages = {11},
 url = {http://doi.acm.org/10.1145/2664591.2664603},
 doi = {10.1145/2664591.2664603},
 acmid = {2664603},
 publisher = {ACM},
 address = {New York, NY, USA},
 keywords = {Business Process Management, Business Process Modelling, Event Driven Process Chain (EPC), experiential learning and education, validation},
}

@inproceedings{Zappatore:2016:CAM:2851613.2851699,
 author = {Zappatore, Marco and Longo, Antonella and Bochicchio, Mario A. and Zappatore, Daniele and Morrone, Alessandro A. and De Mitri, Gianluca},
 title = {A Crowdsensing Approach for Mobile Learning in Acoustics and Noise Monitoring},
 booktitle = {Proceedings of the 31st Annual ACM Symposium on Applied Computing},
 series = {SAC '16},
 year = {2016},
 isbn = {978-1-4503-3739-7},
 location = {Pisa, Italy},
 pages = {219--224},
 numpages = {6},
 url = {http://doi.acm.org/10.1145/2851613.2851699},
 doi = {10.1145/2851613.2851699},
 acmid = {2851699},
 publisher = {ACM},
 address = {New York, NY, USA},
 keywords = {acoustics, data warehouse, experiential learning, mobile crowd-sensing, mobile learning, noise monitoring, sensor data management},
}

@inproceedings{Huggard:2016:DRI:2839509.2844650,
 author = {Huggard, Meriel and Mc Goldrick, Ciar\'{a}n},
 title = {Droning On: Reflections on Integrating UAV Technology into a Computer Engineering Design Laboratory},
 booktitle = {Proceedings of the 47th ACM Technical Symposium on Computing Science Education},
 series = {SIGCSE '16},
 year = {2016},
 isbn = {978-1-4503-3685-7},
 location = {Memphis, Tennessee, USA},
 pages = {504--509},
 numpages = {6},
 url = {http://doi.acm.org/10.1145/2839509.2844650},
 doi = {10.1145/2839509.2844650},
 acmid = {2844650},
 publisher = {ACM},
 address = {New York, NY, USA},
 keywords = {collaborative learning, drones, engineering design, experiential learning, laboratory, practical, unmanned aerial vehicles},
}

@inproceedings{Torretta:2016:CCU:2948076.2948120,
 author = {Torretta, Nicholas B. and Clark, Brendon},
 title = {Conditioning Change: Unfolding Interactions for Practice-based Pull for Tech},
 booktitle = {Proceedings of the 14th Participatory Design Conference: Short Papers, Interactive Exhibitions, Workshops - Volume 2},
 series = {PDC '16},
 year = {2016},
 isbn = {978-1-4503-4136-3},
 location = {Aarhus, Denmark},
 pages = {78--79},
 numpages = {2},
 url = {http://doi.acm.org/10.1145/2948076.2948120},
 doi = {10.1145/2948076.2948120},
 acmid = {2948120},
 publisher = {ACM},
 address = {New York, NY, USA},
 keywords = {design intervention, experiential learning, in the wild, sit-talk-sit, social interaction},
}

@inproceedings{Adya:2007:BGS:1235000.1235006,
 author = {Adya, Monica and Nath, Dhruv and Malik, Amit and Sridhar, Varadharajan},
 title = {Bringing Global Sourcing into the Classroom: Experiential Learning via Software Development Project},
 booktitle = {Proceedings of the 2007 ACM SIGMIS CPR Conference on Computer Personnel Research: The Global Information Technology Workforce},
 series = {SIGMIS CPR '07},
 year = {2007},
 isbn = {978-1-59593-641-7},
 location = {St. Louis, Missouri, USA},
 pages = {20--27},
 numpages = {8},
 url = {http://doi.acm.org/10.1145/1235000.1235006},
 doi = {10.1145/1235000.1235006},
 acmid = {1235006},
 publisher = {ACM},
 address = {New York, NY, USA},
 keywords = {cultural differences, global communications, project management, success factors, time zone management, virtual teams},
}

@inproceedings{Alekh:2018:ASF:3213818.3213830,
 author = {Alekh, Velayudhan and Vennila, Vilvanathan and Nair, Rahul and Susmitha, Vattigunta and Muraleedharan, Anirudh and Alkoyak-Yildiz, Meltem and Akshay, Nagarajan and Bhavani, Rao R.},
 title = {Aim for the Sky: Fostering a Constructionist Learning Environment for Teaching Maker Skills to Children in India},
 booktitle = {Proceedings of the Conference on Creativity and Making in Education},
 series = {FabLearn Europe'18},
 year = {2018},
 isbn = {978-1-4503-5371-7},
 location = {Trondheim, Norway},
 pages = {87--94},
 numpages = {8},
 url = {http://doi.acm.org/10.1145/3213818.3213830},
 doi = {10.1145/3213818.3213830},
 acmid = {3213830},
 publisher = {ACM},
 address = {New York, NY, USA},
 keywords = {21st century skills, Experiential learning, Higher order thinking skills, Product design, STEM, co-creation, constraint based design, constructionism, middle school education, participatory design},
}

@article{Ferguson:2000:DTT:369279.369373,
 author = {Ferguson, Courtney S. and Little, Shade K. and McClelland, Marilyn K.},
 title = {Developing Teamwork Through Experiential Learning},
 journal = {J. Comput. Sci. Coll.},
 issue_date = {Jan. 2001},
 volume = {16},
 number = {2},
 month = oct,
 year = {2000},
 issn = {1937-4771},
 pages = {268--280},
 numpages = {13},
 url = {http://dl.acm.org/citation.cfm?id=369279.369373},
 acmid = {369373},
 publisher = {Consortium for Computing Sciences in Colleges},
 address = {USA},
}

@inproceedings{Ferguson:2000:DTT:369274.369373,
 author = {Ferguson, Courtney S. and Little, Shade K. and McClelland, Marilyn K.},
 title = {Developing Teamwork Through Experiential Learning},
 booktitle = {Proceedings of the Second Annual CCSC on Computing in Small Colleges Northwestern Conference},
 year = {2000},
 location = {Oregon Graduate Institute, Beaverton, Oregon, USA},
 pages = {268--280},
 numpages = {13},
 url = {http://dl.acm.org/citation.cfm?id=369274.369373},
 acmid = {369373},
 publisher = {Consortium for Computing Sciences in Colleges},
 address = {USA},
}

@inproceedings{Ferguson:2000:DTT:369340.369373,
 author = {Ferguson, Courtney S. and Little, Shade K. and McClelland, Marilyn K.},
 title = {Developing Teamwork Through Experiential Learning},
 booktitle = {Proceedings of the Fourteenth Annual Consortium on Small Colleges Southeastern Conference},
 series = {CCSC '00},
 year = {2000},
 location = {Roanoke College, Salem, Virginia, USA},
 pages = {268--280},
 numpages = {13},
 url = {http://dl.acm.org/citation.cfm?id=369340.369373},
 acmid = {369373},
 publisher = {Consortium for Computing Sciences in Colleges},
 address = {USA},
}

@inproceedings{Chattopadhyay:2018:TNV:3241815.3241883,
 author = {Chattopadhyay, Ankur and Christian, David and Ulman, Adam and Petty, Sallie},
 title = {Towards A Novel Visual Privacy Themed Educational Tool for Cybersecurity Awareness and K-12 Outreach},
 booktitle = {Proceedings of the 19th Annual SIG Conference on Information Technology Education},
 series = {SIGITE '18},
 year = {2018},
 isbn = {978-1-4503-5954-2},
 location = {Fort Lauderdale, Florida, USA},
 pages = {159--159},
 numpages = {1},
 url = {http://doi.acm.org/10.1145/3241815.3241883},
 doi = {10.1145/3241815.3241883},
 acmid = {3241883},
 publisher = {ACM},
 address = {New York, NY, USA},
 keywords = {applied cryptography, awareness, cybersecurity, educational tool, experiential learning model, human security, it computing, k-12, middle-school, outreach, privacy-enhanced computer vision, public surveillance, pva, reverse engineering, security versus privacy tradeoffs, social dimensions, social media, societal security, usable information security, visual privacy theme, workshop module},
}

@inproceedings{Rieks:2011:BTP:1940761.1940897,
 author = {Rieks, Angela Ramnarine- and Greene, Delicia Tiera and Costa, Mark R. and Flaherty, Mary Grace and Solinger, Carrie},
 title = {Bridging Theory and Practice: Connecting Coursework to Internships in LIS Programs},
 booktitle = {Proceedings of the 2011 iConference},
 series = {iConference '11},
 year = {2011},
 isbn = {978-1-4503-0121-3},
 location = {Seattle, Washington, USA},
 pages = {763--764},
 numpages = {2},
 url = {http://doi.acm.org/10.1145/1940761.1940897},
 doi = {10.1145/1940761.1940897},
 acmid = {1940897},
 publisher = {ACM},
 address = {New York, NY, USA},
 keywords = {assessment, education, internships, libraries, practicum},
}

@inproceedings{Randolph:2008:ACS:1414558.1414582,
 author = {Randolph, Gary B. and Owen, Dennis O.},
 title = {Attracting Communities and Students to IT with a Community Service Web Contest},
 booktitle = {Proceedings of the 9th ACM SIGITE Conference on Information Technology Education},
 series = {SIGITE '08},
 year = {2008},
 isbn = {978-1-60558-329-7},
 location = {Cincinnati, OH, USA},
 pages = {77--80},
 numpages = {4},
 url = {http://doi.acm.org/10.1145/1414558.1414582},
 doi = {10.1145/1414558.1414582},
 acmid = {1414582},
 publisher = {ACM},
 address = {New York, NY, USA},
 keywords = {computer education enrollment, engagement, web contest},
}

@inproceedings{Barkmin:2018:EEC:3265757.3265792,
 author = {Barkmin, Mike and Brinda, Torsten},
 title = {Exploring and Evaluating Computing Systems for Use in Learning Scenarios by Creating an E-portfolio: Course Design and First Experiences},
 booktitle = {Proceedings of the 13th Workshop in Primary and Secondary Computing Education},
 series = {WiPSCE '18},
 year = {2018},
 isbn = {978-1-4503-6588-8},
 location = {Potsdam, Germany},
 pages = {34:1--34:2},
 articleno = {34},
 numpages = {2},
 url = {http://doi.acm.org/10.1145/3265757.3265792},
 doi = {10.1145/3265757.3265792},
 acmid = {3265792},
 publisher = {ACM},
 address = {New York, NY, USA},
 keywords = {E-portfolio, computing systems, teacher education},
}

@inproceedings{Olson:2018:AAA:3241815.3241828,
 author = {Olson, Brandon and Gibbons, Thomas},
 title = {Applying an Agile Approach to Improve the Student Experience and Performance in a Capstone Project},
 booktitle = {Proceedings of the 19th Annual SIG Conference on Information Technology Education},
 series = {SIGITE '18},
 year = {2018},
 isbn = {978-1-4503-5954-2},
 location = {Fort Lauderdale, Florida, USA},
 pages = {87--87},
 numpages = {1},
 url = {http://doi.acm.org/10.1145/3241815.3241828},
 doi = {10.1145/3241815.3241828},
 acmid = {3241828},
 publisher = {ACM},
 address = {New York, NY, USA},
 keywords = {agile, capstone projects, community-based projects, scrum},
}

@inproceedings{Kurkovsky:2014:ICM:2591708.2591735,
 author = {Kurkovsky, Stan},
 title = {Interdisciplinary Connections in a Mobile Computing and Robotics Course},
 booktitle = {Proceedings of the 2014 Conference on Innovation \&\#38; Technology in Computer Science Education},
 series = {ITiCSE '14},
 year = {2014},
 isbn = {978-1-4503-2833-3},
 location = {Uppsala, Sweden},
 pages = {309--314},
 numpages = {6},
 url = {http://doi.acm.org/10.1145/2591708.2591735},
 doi = {10.1145/2591708.2591735},
 acmid = {2591735},
 publisher = {ACM},
 address = {New York, NY, USA},
 keywords = {android, mobile application development, mobile computing, robotics, sphero},
}

@article{Sanderson:2003:WCS:948737.948747,
 author = {Sanderson, Pete},
 title = {Where's (the) Computer Science in Service-learning?},
 journal = {J. Comput. Sci. Coll.},
 issue_date = {October 2003},
 volume = {19},
 number = {1},
 month = oct,
 year = {2003},
 issn = {1937-4771},
 pages = {83--89},
 numpages = {7},
 url = {http://dl.acm.org/citation.cfm?id=948737.948747},
 acmid = {948747},
 publisher = {Consortium for Computing Sciences in Colleges},
 address = {USA},
}

@inproceedings{Fields:2017:PPE:3102071.3102108,
 author = {Fields, Deborah A. and Kafai, Yasmin B. and Giang, Michael T. and Fefferman, Nina and Wong, Jacqueline},
 title = {Plagues and People: Engineering Player Participation and Prevention in a Virtual Epidemic},
 booktitle = {Proceedings of the 12th International Conference on the Foundations of Digital Games},
 series = {FDG '17},
 year = {2017},
 isbn = {978-1-4503-5319-9},
 location = {Hyannis, Massachusetts},
 pages = {29:1--29:10},
 articleno = {29},
 numpages = {10},
 url = {http://doi.acm.org/10.1145/3102071.3102108},
 doi = {10.1145/3102071.3102108},
 acmid = {3102108},
 publisher = {ACM},
 address = {New York, NY, USA},
 keywords = {computer supported collaborative learning, educational data mining, virtual epidemic, virtual world},
}

@inproceedings{Shum:2016:RRW:2883851.2883955,
 author = {Shum, Simon Buckingham and S\'{a}ndor, \'{A}gnes and Goldsmith, Rosalie and Wang, Xiaolong and Bass, Randall and McWilliams, Mindy},
 title = {Reflecting on Reflective Writing Analytics: Assessment Challenges and Iterative Evaluation of a Prototype Tool},
 booktitle = {Proceedings of the Sixth International Conference on Learning Analytics \& Knowledge},
 series = {LAK '16},
 year = {2016},
 isbn = {978-1-4503-4190-5},
 location = {Edinburgh, United Kingdom},
 pages = {213--222},
 numpages = {10},
 url = {http://doi.acm.org/10.1145/2883851.2883955},
 doi = {10.1145/2883851.2883955},
 acmid = {2883955},
 publisher = {ACM},
 address = {New York, NY, USA},
 keywords = {education, learning analytics, metadiscourse, natural language processing, reflection, rhetoric, writing analytics},
}

@inproceedings{Hobbs:2014:ICE:2597959.2597967,
 author = {Hobbs, Christopher K. and Tsang, Herbert H.},
 title = {Industry in the Classroom: Equipping Students with Real-World Experience A Reflection on the Effects of Industry Partnered Projects on Computing Education},
 booktitle = {Proceedings of the Western Canadian Conference on Computing Education},
 series = {WCCCE '14},
 year = {2014},
 isbn = {978-1-4503-2899-9},
 location = {Richmond, BC, Canada},
 pages = {7:1--7:5},
 articleno = {7},
 numpages = {5},
 url = {http://doi.acm.org/10.1145/2597959.2597967},
 doi = {10.1145/2597959.2597967},
 acmid = {2597967},
 publisher = {ACM},
 address = {New York, NY, USA},
 keywords = {Education methods, industry partners, real-world experience, software development},
}

@inproceedings{Wilson:2018:IDL:3290511.3290522,
 author = {Wilson, Marie Florence and Salis, Carole and Murgia, Fabrizio},
 title = {The Innovative Didactic Labs of the Iscol@ Project},
 booktitle = {Proceedings of the 10th International Conference on Education Technology and Computers},
 series = {ICETC '18},
 year = {2018},
 isbn = {978-1-4503-6517-8},
 location = {Tokyo, Japan},
 pages = {129--135},
 numpages = {7},
 url = {http://doi.acm.org/10.1145/3290511.3290522},
 doi = {10.1145/3290511.3290522},
 acmid = {3290522},
 publisher = {ACM},
 address = {New York, NY, USA},
 keywords = {collaborative learning, cooperation with industry in teaching, extracurricular activities, mobile learning, school dropout prevention, technology enhanced learning},
}

@article{Paul:2006:LSK:1181811.1181846,
 author = {Paul, Jody},
 title = {Leveraging Students Knowledge: Introducing CS 1 Concepts},
 journal = {J. Comput. Sci. Coll.},
 issue_date = {October 2006},
 volume = {22},
 number = {1},
 month = oct,
 year = {2006},
 issn = {1937-4771},
 pages = {246--252},
 numpages = {7},
 url = {http://dl.acm.org/citation.cfm?id=1181811.1181846},
 acmid = {1181846},
 publisher = {Consortium for Computing Sciences in Colleges},
 address = {USA},
}

@inproceedings{Franco:2006:CGI:1179295.1179338,
 author = {Franco, Jorge Ferreira and da Cruz, Sandra Regina and de Deus Lopes, Roseli},
 title = {Computer Graphics, Interactive Technologies and Collaborative Learning Synergy Supporting Individuals' Skills Development},
 booktitle = {ACM SIGGRAPH 2006 Educators Program},
 series = {SIGGRAPH '06},
 year = {2006},
 isbn = {1-59593-364-6},
 location = {Boston, Massachusetts},
 articleno = {42},
 url = {http://doi.acm.org/10.1145/1179295.1179338},
 doi = {10.1145/1179295.1179338},
 acmid = {1179338},
 publisher = {ACM},
 address = {New York, NY, USA},
 keywords = {education, hypermedia, interactive graphics, literacy, social inclusion, virtual reality},
}

@inproceedings{Kris:2019:ISP:3338147.3338170,
 author = {Kris, M. Y. Law},
 title = {Integrating a Small Private Online Course (SPOC) Component in an Undergraduate Engineering Management Subject As a Blended Learning Approach: A Case in Hong Kong},
 booktitle = {Proceedings of the 2019 4th International Conference on Distance Education and Learning},
 series = {ICDEL 2019},
 year = {2019},
 isbn = {978-1-4503-6265-8},
 location = {Shanghai, China},
 pages = {16--19},
 numpages = {4},
 url = {http://doi.acm.org/10.1145/3338147.3338170},
 doi = {10.1145/3338147.3338170},
 acmid = {3338170},
 publisher = {ACM},
 address = {New York, NY, USA},
 keywords = {Blended learning, SPOC, engineering education, undergraduates},
}

@article{Tan:2005:ISL:1047846.1047854,
 author = {Tan, Joo and Phillips, John},
 title = {Incorporating Service Learning into Computer Science Courses},
 journal = {J. Comput. Sci. Coll.},
 issue_date = {April 2005},
 volume = {20},
 number = {4},
 month = apr,
 year = {2005},
 issn = {1937-4771},
 pages = {57--62},
 numpages = {6},
 url = {http://dl.acm.org/citation.cfm?id=1047846.1047854},
 acmid = {1047854},
 publisher = {Consortium for Computing Sciences in Colleges},
 address = {USA},
}

@article{Tucker:2015:SPE:2831432.2831452,
 author = {Tucker, Emily and Terry, Jaden and Bryant, Quinn and Peterson, John},
 title = {A Student Project Experience: A Virtual Campus Tour},
 journal = {J. Comput. Sci. Coll.},
 issue_date = {December 2015},
 volume = {31},
 number = {2},
 month = dec,
 year = {2015},
 issn = {1937-4771},
 pages = {128--134},
 numpages = {7},
 url = {http://dl.acm.org/citation.cfm?id=2831432.2831452},
 acmid = {2831452},
 publisher = {Consortium for Computing Sciences in Colleges},
 address = {USA},
}

@inproceedings{Helps:2007:DQG:1324302.1324304,
 author = {Helps, Richard},
 title = {Dancing on Quicksand Gracefully: Instructional Design for Rapidly Evolving Technology Courses},
 booktitle = {Proceedings of the 8th ACM SIGITE Conference on Information Technology Education},
 series = {SIGITE '07},
 year = {2007},
 isbn = {978-1-59593-920-3},
 location = {Destin, Florida, USA},
 pages = {1--8},
 numpages = {8},
 url = {http://doi.acm.org/10.1145/1324302.1324304},
 doi = {10.1145/1324302.1324304},
 acmid = {1324304},
 publisher = {ACM},
 address = {New York, NY, USA},
 keywords = {constructionism, design layers, evolution, instructional design, rapid-change},
}

@inproceedings{Anthony:2013:SSU:2445196.2445473,
 author = {Anthony, Adam and desJardins, Marie},
 title = {Starting and Sustaining an Undergraduate Research Program in Computer Science (Abstract Only)},
 booktitle = {Proceeding of the 44th ACM Technical Symposium on Computer Science Education},
 series = {SIGCSE '13},
 year = {2013},
 isbn = {978-1-4503-1868-6},
 location = {Denver, Colorado, USA},
 pages = {748--748},
 numpages = {1},
 url = {http://doi.acm.org/10.1145/2445196.2445473},
 doi = {10.1145/2445196.2445473},
 acmid = {2445473},
 publisher = {ACM},
 address = {New York, NY, USA},
 keywords = {undergraduate research},
}

@inproceedings{Pauca:2012:MAG:2157136.2157291,
 author = {Pauca, Victor Paul and Guy, Richard T.},
 title = {Mobile Apps for the Greater Good: A Socially Relevant Approach to Software Engineering},
 booktitle = {Proceedings of the 43rd ACM Technical Symposium on Computer Science Education},
 series = {SIGCSE '12},
 year = {2012},
 isbn = {978-1-4503-1098-7},
 location = {Raleigh, North Carolina, USA},
 pages = {535--540},
 numpages = {6},
 url = {http://doi.acm.org/10.1145/2157136.2157291},
 doi = {10.1145/2157136.2157291},
 acmid = {2157291},
 publisher = {ACM},
 address = {New York, NY, USA},
 keywords = {mobile computing, socially relevant computing, teaching software engineering},
}

@article{deBry:2011:LSB:2038836.2038837,
 author = {deBry, Roger},
 title = {A Learning Space for Beginning Programming Students},
 journal = {J. Comput. Sci. Coll.},
 issue_date = {December 2011},
 volume = {27},
 number = {2},
 month = dec,
 year = {2011},
 issn = {1937-4771},
 pages = {4--11},
 numpages = {8},
 url = {http://dl.acm.org/citation.cfm?id=2038836.2038837},
 acmid = {2038837},
 publisher = {Consortium for Computing Sciences in Colleges},
 address = {USA},
}

@inproceedings{Mountrouidou:2018:CLA:3197091.3197110,
 author = {Mountrouidou, Xenia and Li, Xiangyang and Burke, Quinn},
 title = {Cybersecurity in Liberal Arts General Education Curriculum},
 booktitle = {Proceedings of the 23rd Annual ACM Conference on Innovation and Technology in Computer Science Education},
 series = {ITiCSE 2018},
 year = {2018},
 isbn = {978-1-4503-5707-4},
 location = {Larnaca, Cyprus},
 pages = {182--187},
 numpages = {6},
 url = {http://doi.acm.org/10.1145/3197091.3197110},
 doi = {10.1145/3197091.3197110},
 acmid = {3197110},
 publisher = {ACM},
 address = {New York, NY, USA},
 keywords = {Cybersecurity, GENI, General Education, Liberal Arts},
}

@inproceedings{Larkins:2014:MUC:2538862.2544309,
 author = {Larkins, D. Brian},
 title = {Making Use of the Cognitive Apprenticeship Framework in an Undergraduate Robotics Course (Abstract Only)},
 booktitle = {Proceedings of the 45th ACM Technical Symposium on Computer Science Education},
 series = {SIGCSE '14},
 year = {2014},
 isbn = {978-1-4503-2605-6},
 location = {Atlanta, Georgia, USA},
 pages = {722--722},
 numpages = {1},
 url = {http://doi.acm.org/10.1145/2538862.2544309},
 doi = {10.1145/2538862.2544309},
 acmid = {2544309},
 publisher = {ACM},
 address = {New York, NY, USA},
 keywords = {cognitive apprenticeship, education, robotics},
}

@article{Hutton:2005:SRS:1060405.1060426,
 author = {Hutton, Stuart L. and Sonnier, David L.},
 title = {Super Realistic and Surrealistic Visualizations in Physics, Math and Computer Science},
 journal = {J. Comput. Sci. Coll.},
 issue_date = {June 2005},
 volume = {20},
 number = {6},
 month = jun,
 year = {2005},
 issn = {1937-4771},
 pages = {125--133},
 numpages = {9},
 url = {http://dl.acm.org/citation.cfm?id=1060405.1060426},
 acmid = {1060426},
 publisher = {Consortium for Computing Sciences in Colleges},
 address = {USA},
}

@inproceedings{Chan:2013:LAL:2485760.2485812,
 author = {Chan, Joshua and Pondicherry, Tarun and Blikstein, Paulo},
 title = {LightUp: An Augmented, Learning Platform for Electronics},
 booktitle = {Proceedings of the 12th International Conference on Interaction Design and Children},
 series = {IDC '13},
 year = {2013},
 isbn = {978-1-4503-1918-8},
 location = {New York, New York, USA},
 pages = {491--494},
 numpages = {4},
 url = {http://doi.acm.org/10.1145/2485760.2485812},
 doi = {10.1145/2485760.2485812},
 acmid = {2485812},
 publisher = {ACM},
 address = {New York, NY, USA},
 keywords = {constructionism, education, electronics, tangible interfaces},
}

@inproceedings{Krusche:2017:IIL:3017680.3017843,
 author = {Krusche, Stephan and Seitz, Andreas and von Frankenberg, Nadine and Bruegge, Bernd},
 title = {How to Integrate Interactive Learning into Large Classes (Abstract Only)},
 booktitle = {Proceedings of the 2017 ACM SIGCSE Technical Symposium on Computer Science Education},
 series = {SIGCSE '17},
 year = {2017},
 isbn = {978-1-4503-4698-6},
 location = {Seattle, Washington, USA},
 pages = {737--737},
 numpages = {1},
 url = {http://doi.acm.org/10.1145/3017680.3017843},
 doi = {10.1145/3017680.3017843},
 acmid = {3017843},
 publisher = {ACM},
 address = {New York, NY, USA},
 keywords = {active learning, automatic assessment, feedback, interactive exercises, software engineering, tutorials},
}

@inproceedings{Antle:2010:FDC:1935701.1935721,
 author = {Antle, Alissa N. and Bevans, Allen and Tanenbaum, Josh and Seaborn, Katie and Wang, Sijie},
 title = {Futura: Design for Collaborative Learning and Game Play on a Multi-touch Digital Tabletop},
 booktitle = {Proceedings of the Fifth International Conference on Tangible, Embedded, and Embodied Interaction},
 series = {TEI '11},
 year = {2011},
 isbn = {978-1-4503-0478-8},
 location = {Funchal, Portugal},
 pages = {93--100},
 numpages = {8},
 url = {http://doi.acm.org/10.1145/1935701.1935721},
 doi = {10.1145/1935701.1935721},
 acmid = {1935721},
 publisher = {ACM},
 address = {New York, NY, USA},
 keywords = {collaboration, design evaluation, design rationale, educational games, interactive surfaces, multi-touch interaction, simulation games, tabletop games},
}

@article{Olfman:1992:ITM:141342.141347,
 author = {Olfman, Lorne and Bostrom, Robert P.},
 title = {Innovative Teaching Materials and Methods for Systems Analysis and Design},
 journal = {SIGMIS Database},
 issue_date = {Spring 1992},
 volume = {23},
 number = {2},
 month = may,
 year = {1992},
 issn = {0095-0033},
 pages = {7--12},
 numpages = {6},
 url = {http://doi.acm.org/10.1145/141342.141347},
 doi = {10.1145/141342.141347},
 acmid = {141347},
 publisher = {ACM},
 address = {New York, NY, USA},
 keywords = {curriculum design, systems analysis and design, systems development, teaching},
}

@inproceedings{Harrell:2015:SCC:2831425.2831428,
 author = {Harrell, Stephen Lien and Nam, Hai Ah and Larrea, Ver\'{o}nica G. Vergara and Keville, Kurt and Kamalic, Dan},
 title = {Student Cluster Competition: A Multi-disciplinary Undergraduate HPC Educational Tool},
 booktitle = {Proceedings of the Workshop on Education for High-Performance Computing},
 series = {EduHPC '15},
 year = {2015},
 isbn = {978-1-4503-3961-2},
 location = {Austin, Texas},
 pages = {4:1--4:8},
 articleno = {4},
 numpages = {8},
 url = {http://doi.acm.org/10.1145/2831425.2831428},
 doi = {10.1145/2831425.2831428},
 acmid = {2831428},
 publisher = {ACM},
 address = {New York, NY, USA},
 keywords = {HPC, PDC, curriculum, education, student cluster competition, undergraduate},
}

@inproceedings{Crowley:2005:OSC:1095714.1095730,
 author = {Crowley, Ed},
 title = {Open Source Centric Information Security Lab Development},
 booktitle = {Proceedings of the 6th Conference on Information Technology Education},
 series = {SIGITE '05},
 year = {2005},
 isbn = {1-59593-252-6},
 location = {Newark, NJ, USA},
 pages = {57--63},
 numpages = {7},
 url = {http://doi.acm.org/10.1145/1095714.1095730},
 doi = {10.1145/1095714.1095730},
 acmid = {1095730},
 publisher = {ACM},
 address = {New York, NY, USA},
 keywords = {Linux, knoppix, live CD, security},
}

@inproceedings{Munteanu:2010:AML:1851600.1851697,
 author = {Munteanu, Cosmin and Lumsden, Joanna and Fournier, H{\'e}l\`{e}ne and Leung, Rock and D'Amours, Danny and McDonald, Daniel and Maitland, Julie},
 title = {ALEX: Mobile Language Assistant for Low-literacy Adults},
 booktitle = {Proceedings of the 12th International Conference on Human Computer Interaction with Mobile Devices and Services},
 series = {MobileHCI '10},
 year = {2010},
 isbn = {978-1-60558-835-3},
 location = {Lisbon, Portugal},
 pages = {427--430},
 numpages = {4},
 url = {http://doi.acm.org/10.1145/1851600.1851697},
 doi = {10.1145/1851600.1851697},
 acmid = {1851697},
 publisher = {ACM},
 address = {New York, NY, USA},
 keywords = {assistive technology, educational interfaces, interface design, mobile computing, mobile learning},
}

@inproceedings{Levitt:2018:IPS:3159450.3162292,
 author = {Levitt, Diane and Spitz, Judith},
 title = {Impact of a Pre-College Summer Workshop on Women's Confidence and Interest in Pursuing Undergraduate Computer Science Studies: (Abstract Only)},
 booktitle = {Proceedings of the 49th ACM Technical Symposium on Computer Science Education},
 series = {SIGCSE '18},
 year = {2018},
 isbn = {978-1-4503-5103-4},
 location = {Baltimore, Maryland, USA},
 pages = {1097--1097},
 numpages = {1},
 url = {http://doi.acm.org/10.1145/3159450.3162292},
 doi = {10.1145/3159450.3162292},
 acmid = {3162292},
 publisher = {ACM},
 address = {New York, NY, USA},
 keywords = {design thinking, diversity in stem, higher ed, undergraduate computer science education, women in computer science, women in tech},
}

@inproceedings{Hrabowski:2019:PDP:3287324.3290951,
 author = {Hrabowski, Freeman A.},
 title = {Pursuing the Dream: A 50-Year Perspective on American Society, Technology, and Inclusion in Computing},
 booktitle = {Proceedings of the 50th ACM Technical Symposium on Computer Science Education},
 series = {SIGCSE '19},
 year = {2019},
 isbn = {978-1-4503-5890-3},
 location = {Minneapolis, MN, USA},
 pages = {1--1},
 numpages = {1},
 url = {http://doi.acm.org/10.1145/3287324.3290951},
 doi = {10.1145/3287324.3290951},
 acmid = {3290951},
 publisher = {ACM},
 address = {New York, NY, USA},
}

@inproceedings{Lee-Cultura:2019:TUM:3294109.3302932,
 author = {Lee-Cultura, Serena},
 title = {TetRotation: Utilising Multimodal Analytics and Gestural Interaction to Nurture Mental Rotation Skills},
 booktitle = {Proceedings of the Thirteenth International Conference on Tangible, Embedded, and Embodied Interaction},
 series = {TEI '19},
 year = {2019},
 isbn = {978-1-4503-6196-5},
 location = {Tempe, Arizona, USA},
 pages = {715--718},
 numpages = {4},
 url = {http://doi.acm.org/10.1145/3294109.3302932},
 doi = {10.1145/3294109.3302932},
 acmid = {3302932},
 publisher = {ACM},
 address = {New York, NY, USA},
 keywords = {embodied interaction, gesture, multimodal analytics, rotation, serious game, spatial cognition, spatial skills},
}

@inproceedings{DiFranzo:2019:SMT:3290605.3300533,
 author = {DiFranzo, Dominic and Choi, Yoon Hyung and Purington, Amanda and Taft, Jessie G. and Whitlock, Janis and Bazarova, Natalya N.},
 title = {Social Media TestDrive: Real-World Social Media Education for the Next Generation},
 booktitle = {Proceedings of the 2019 CHI Conference on Human Factors in Computing Systems},
 series = {CHI '19},
 year = {2019},
 isbn = {978-1-4503-5970-2},
 location = {Glasgow, Scotland Uk},
 pages = {303:1--303:11},
 articleno = {303},
 numpages = {11},
 url = {http://doi.acm.org/10.1145/3290605.3300533},
 doi = {10.1145/3290605.3300533},
 acmid = {3300533},
 publisher = {ACM},
 address = {New York, NY, USA},
 keywords = {digital citizen, education, social media, youth development},
}

@inproceedings{Chattopadhyay:2018:BCT:3241815.3241861,
 author = {Chattopadhyay, Ankur and Quigley, Elizabeth and Hart, Rachel and Petty, Sallie},
 title = {A BERO CLF Themed Nifty Middle School Module: Teach Functional Programming Using Music and Generate Interest in Coding and Robotics},
 booktitle = {Proceedings of the 19th Annual SIG Conference on Information Technology Education},
 series = {SIGITE '18},
 year = {2018},
 isbn = {978-1-4503-5954-2},
 location = {Fort Lauderdale, Florida, USA},
 pages = {98--103},
 numpages = {6},
 url = {http://doi.acm.org/10.1145/3241815.3241861},
 doi = {10.1145/3241815.3241861},
 acmid = {3241861},
 publisher = {ACM},
 address = {New York, NY, USA},
 keywords = {bero lesson plan, clf, coding, functional programming, google ignitecs, it computing curriculum, k-12, middle school, nifty module, outreach, robotics},
}

@article{Marshall:2016:EPS:2894200.2791396,
 author = {Marshall, Linda and Pieterse, Vreda and Thompson, Lisa and Venter, Dina M.},
 title = {Exploration of Participation in Student Software Engineering Teams},
 journal = {ACM Trans. Comput. Educ.},
 issue_date = {March 2016},
 volume = {16},
 number = {2},
 month = feb,
 year = {2016},
 issn = {1946-6226},
 pages = {5:1--5:38},
 articleno = {5},
 numpages = {38},
 url = {http://doi.acm.org/10.1145/2791396},
 doi = {10.1145/2791396},
 acmid = {2791396},
 publisher = {ACM},
 address = {New York, NY, USA},
 keywords = {Software engineering, soft skills, teaching teamwork, team formation, team management},
}

@article{Atkinson:2002:GOA:772636.772675,
 author = {Atkinson, Tom and Atkinson, Rhonda H. and Smith, Diane},
 title = {GOALS (Graduate Online Active Learning Strategies)},
 journal = {J. Comput. Sci. Coll.},
 issue_date = {February 2002},
 volume = {17},
 number = {3},
 month = feb,
 year = {2002},
 issn = {1937-4771},
 pages = {251--264},
 numpages = {14},
 url = {http://dl.acm.org/citation.cfm?id=772636.772675},
 acmid = {772675},
 publisher = {Consortium for Computing Sciences in Colleges},
 address = {USA},
}

@inproceedings{Herbert:2018:RYI:3159450.3159584,
 author = {Herbert, Nicole},
 title = {Reflections on 17 Years of ICT Capstone Project Coordination: Effective Strategies for Managing Clients, Teams and Assessment},
 booktitle = {Proceedings of the 49th ACM Technical Symposium on Computer Science Education},
 series = {SIGCSE '18},
 year = {2018},
 isbn = {978-1-4503-5103-4},
 location = {Baltimore, Maryland, USA},
 pages = {215--220},
 numpages = {6},
 url = {http://doi.acm.org/10.1145/3159450.3159584},
 doi = {10.1145/3159450.3159584},
 acmid = {3159584},
 publisher = {ACM},
 address = {New York, NY, USA},
 keywords = {capstone project, peer assessment, teamwork},
}

@inproceedings{Dunn:2018:PCM:3159450.3162280,
 author = {Dunn, Michael H. and Caruso, Robert J. and Merkle, Laurence D. and Trygstad, Ray},
 title = {Proposed Cybersecurity Merit Badge for the Boy Scouts of America: (Abstract Only)},
 booktitle = {Proceedings of the 49th ACM Technical Symposium on Computer Science Education},
 series = {SIGCSE '18},
 year = {2018},
 isbn = {978-1-4503-5103-4},
 location = {Baltimore, Maryland, USA},
 pages = {1085--1085},
 numpages = {1},
 url = {http://doi.acm.org/10.1145/3159450.3162280},
 doi = {10.1145/3159450.3162280},
 acmid = {3162280},
 publisher = {ACM},
 address = {New York, NY, USA},
 keywords = {Boy Scouts of America, cybersecurity, experiential education, extracurricular activity, informal education, merit badges, scouting},
}

@inproceedings{Munteanu:2011:SOY:2037373.2037390,
 author = {Munteanu, Cosmin and Molyneaux, Heather and McDonald, Daniel and Lumsden, Joanna and Leung, Rock and Fournier, H{\'e}l\`{e}ne and Maitland, Julie},
 title = {"Showing off" Your Mobile Device: Adult Literacy Learning in the Classroom and Beyond},
 booktitle = {Proceedings of the 13th International Conference on Human Computer Interaction with Mobile Devices and Services},
 series = {MobileHCI '11},
 year = {2011},
 isbn = {978-1-4503-0541-9},
 location = {Stockholm, Sweden},
 pages = {95--104},
 numpages = {10},
 url = {http://doi.acm.org/10.1145/2037373.2037390},
 doi = {10.1145/2037373.2037390},
 acmid = {2037390},
 publisher = {ACM},
 address = {New York, NY, USA},
 keywords = {assistive technology, educational interfaces, interface design, mobile computing, mobile learning},
}

@inproceedings{Koh:2016:PFL:2883851.2883914,
 author = {Koh, Elizabeth and Shibani, Antonette and Tan, Jennifer Pei-Ling and Hong, Helen},
 title = {A Pedagogical Framework for Learning Analytics in Collaborative Inquiry Tasks: An Example from a Teamwork Competency Awareness Program},
 booktitle = {Proceedings of the Sixth International Conference on Learning Analytics \& Knowledge},
 series = {LAK '16},
 year = {2016},
 isbn = {978-1-4503-4190-5},
 location = {Edinburgh, United Kingdom},
 pages = {74--83},
 numpages = {10},
 url = {http://doi.acm.org/10.1145/2883851.2883914},
 doi = {10.1145/2883851.2883914},
 acmid = {2883914},
 publisher = {ACM},
 address = {New York, NY, USA},
 keywords = {assessment, collaboration, dispositional analytics, evaluation, learning design, pedagogical model, teamwork, teamwork competency, twenty-first century skills},
}

@inproceedings{Ammari:2012:DGP:2330601.2330650,
 author = {Ammari, Ahmad and Lau, Lydia and Dimitrova, Vania},
 title = {Deriving Group Profiles from Social Media to Facilitate the Design of Simulated Environments for Learning},
 booktitle = {Proceedings of the 2Nd International Conference on Learning Analytics and Knowledge},
 series = {LAK '12},
 year = {2012},
 isbn = {978-1-4503-1111-3},
 location = {Vancouver, British Columbia, Canada},
 pages = {198--207},
 numpages = {10},
 url = {http://doi.acm.org/10.1145/2330601.2330650},
 doi = {10.1145/2330601.2330650},
 acmid = {2330650},
 publisher = {ACM},
 address = {New York, NY, USA},
 keywords = {augmented user models, data mining for learning, learning analytics, learning needs, mining social media, social profiles},
}

@article{Benamati:2010:AUC:1666420.1666458,
 author = {Benamati, John H. and Ozdemir, Zafer D. and Smith, H. Jeff},
 title = {Aligning Undergraduate IS Curricula with Industry Needs},
 journal = {Commun. ACM},
 issue_date = {March 2010},
 volume = {53},
 number = {3},
 month = mar,
 year = {2010},
 issn = {0001-0782},
 pages = {152--156},
 numpages = {5},
 url = {http://doi.acm.org/10.1145/1666420.1666458},
 doi = {10.1145/1666420.1666458},
 acmid = {1666458},
 publisher = {ACM},
 address = {New York, NY, USA},
}

