@inproceedings{Neubaum:2014:IIS:2641580.2641604,
 author = {Neubaum, German and Wichmann, Astrid and Eimler, Sabrina C. and Kr\"{a}mer, Nicole C.},
 title = {Investigating Incentives for Students to Provide Peer Feedback in a Semi-Open Online Course: An Experimental Study},
 booktitle = {Proceedings of The International Symposium on Open Collaboration},
 series = {OpenSym '14},
 year = {2014},
 isbn = {978-1-4503-3016-9},
 location = {Berlin, Germany},
 pages = {19:1--19:7},
 articleno = {19},
 numpages = {7},
 url = {http://doi.acm.org/10.1145/2641580.2641604},
 doi = {10.1145/2641580.2641604},
 acmid = {2641604},
 publisher = {ACM},
 address = {New York, NY, USA},
 keywords = {MOOC, incentive, peer assessment, peer feedback},
}

@article{LeJeune:2010:CGM:1858583.1858604,
 author = {LeJeune, Noel},
 title = {Contract Grading with Mastery Learning in CS 1},
 journal = {J. Comput. Sci. Coll.},
 issue_date = {December 2010},
 volume = {26},
 number = {2},
 month = dec,
 year = {2010},
 issn = {1937-4771},
 pages = {149--156},
 numpages = {8},
 url = {http://dl.acm.org/citation.cfm?id=1858583.1858604},
 acmid = {1858604},
 publisher = {Consortium for Computing Sciences in Colleges},
 address = {USA},
}

@article{Nikula:2011:MGH:2048931.2048935,
 author = {Nikula, Uolevi and Gotel, Orlena and Kasurinen, Jussi},
 title = {A Motivation Guided Holistic Rehabilitation of the First Programming Course},
 journal = {ACM Trans. Comput. Educ.},
 issue_date = {November 2011},
 volume = {11},
 number = {4},
 month = nov,
 year = {2011},
 issn = {1946-6226},
 pages = {24:1--24:38},
 articleno = {24},
 numpages = {38},
 url = {http://doi.acm.org/10.1145/2048931.2048935},
 doi = {10.1145/2048931.2048935},
 acmid = {2048935},
 publisher = {ACM},
 address = {New York, NY, USA},
 keywords = {CS1, Theory of Constraints, Two-Factor Theory, course redesign, hygiene factors, intrinsic and extrinsic motivators, systems approach},
}

@article{Chamillard:2005:LSA:1151954.1067512,
 author = {Chamillard, A. T. and Sward, Ricky E.},
 title = {Learning Styles Across the Curriculum},
 journal = {SIGCSE Bull.},
 issue_date = {September 2005},
 volume = {37},
 number = {3},
 month = jun,
 year = {2005},
 issn = {0097-8418},
 pages = {241--245},
 numpages = {5},
 url = {http://doi.acm.org/10.1145/1151954.1067512},
 doi = {10.1145/1151954.1067512},
 acmid = {1067512},
 publisher = {ACM},
 address = {New York, NY, USA},
 keywords = {learning styles, student performance},
}

@inproceedings{Chamillard:2005:LSA:1067445.1067512,
 author = {Chamillard, A. T. and Sward, Ricky E.},
 title = {Learning Styles Across the Curriculum},
 booktitle = {Proceedings of the 10th Annual SIGCSE Conference on Innovation and Technology in Computer Science Education},
 series = {ITiCSE '05},
 year = {2005},
 isbn = {1-59593-024-8},
 location = {Caparica, Portugal},
 pages = {241--245},
 numpages = {5},
 url = {http://doi.acm.org/10.1145/1067445.1067512},
 doi = {10.1145/1067445.1067512},
 acmid = {1067512},
 publisher = {ACM},
 address = {New York, NY, USA},
 keywords = {learning styles, student performance},
}

@article{Luse:2014:USE:2668970.2623198,
 author = {Luse, Andy and Rursch, Julie A. and Jacobson, Doug},
 title = {Utilizing Structural Equation Modeling and Social Cognitive Career Theory to Identify Factors in Choice of IT As a Major},
 journal = {Trans. Comput. Educ.},
 issue_date = {November 2014},
 volume = {14},
 number = {3},
 month = sep,
 year = {2014},
 issn = {1946-6226},
 pages = {19:1--19:19},
 articleno = {19},
 numpages = {19},
 url = {http://doi.acm.org/10.1145/2623198},
 doi = {10.1145/2623198},
 acmid = {2623198},
 publisher = {ACM},
 address = {New York, NY, USA},
 keywords = {Structural equation modeling, interest, self-efficacy, social cognitive career theory},
}

@inproceedings{Liu:2019:CAI:3318396.3318402,
 author = {Liu, Jing and Hou, Min and Zhao, Yue},
 title = {The Construction and Application of Incentive Mechanism Model in IT Teaching in Primary School},
 booktitle = {Proceedings of the 2019 8th International Conference on Educational and Information Technology},
 series = {ICEIT 2019},
 year = {2019},
 isbn = {978-1-4503-6267-2},
 location = {Cambridge, United Kingdom},
 pages = {73--78},
 numpages = {6},
 url = {http://doi.acm.org/10.1145/3318396.3318402},
 doi = {10.1145/3318396.3318402},
 acmid = {3318402},
 publisher = {ACM},
 address = {New York, NY, USA},
 keywords = {Incentive mechanism, information technology curriculum, learning motivation},
}

@inproceedings{Woodroof:1995:SEE:212490.213727,
 author = {Woodroof, Jonathan B. and Kasper, George M.},
 title = {A Synthesis of Equity, Expectation, and Needs Theories As a Conceptual Foundation for the User Satisfaction Construct in Information Systems Research},
 booktitle = {Proceedings of the 1995 ACM SIGCPR Conference on Supporting Teams, Groups, and Learning Inside and Outside the IS Function Reinventing IS},
 series = {SIGCPR '95},
 year = {1995},
 isbn = {0-89791-712-X},
 location = {Nashville, Tennessee, USA},
 pages = {253--254},
 numpages = {2},
 url = {http://doi.acm.org/10.1145/212490.213727},
 doi = {10.1145/212490.213727},
 acmid = {213727},
 publisher = {ACM},
 address = {New York, NY, USA},
}

@inproceedings{Fowler:2019:ISI:3287324.3287401,
 author = {Fowler, Megan and Cook, Michelle and Plis, Kevin and Schwab, Tim and Sun, Yu-Shan and Sitaraman, Murali and Hallstrom, Jason O. and Hollingsworth, Joseph E.},
 title = {Impact of Steps, Instruction, and Motivation on Learning Symbolic Reasoning Using an Online Tool},
 booktitle = {Proceedings of the 50th ACM Technical Symposium on Computer Science Education},
 series = {SIGCSE '19},
 year = {2019},
 isbn = {978-1-4503-5890-3},
 location = {Minneapolis, MN, USA},
 pages = {1039--1045},
 numpages = {7},
 url = {http://doi.acm.org/10.1145/3287324.3287401},
 doi = {10.1145/3287324.3287401},
 acmid = {3287401},
 publisher = {ACM},
 address = {New York, NY, USA},
 keywords = {attitudes, correctness, motivation, online tool, symbolic reasoning},
}

@inproceedings{Nassal:2016:MHB:2896958.2896961,
 author = {Nassal, Alexander and Tichy, Matthias},
 title = {Modeling Human Behavior for Software Engineering Simulation Games},
 booktitle = {Proceedings of the 5th International Workshop on Games and Software Engineering},
 series = {GAS '16},
 year = {2016},
 isbn = {978-1-4503-4160-8},
 location = {Austin, Texas},
 pages = {8--14},
 numpages = {7},
 url = {http://doi.acm.org/10.1145/2896958.2896961},
 doi = {10.1145/2896958.2896961},
 acmid = {2896961},
 publisher = {ACM},
 address = {New York, NY, USA},
 keywords = {human behavior, project management, simulation, simulation games, software engineering education},
}

