@inproceedings{Chavez:2009:VAD:1666611.1666617,
 author = {Chavez, Mark J. and Gregory, Andrew and Yeung, Lau and Xueli, Wang},
 title = {Voyage to the Age of the Dinosaurs Project, an Experiential Learning Situation with Undergraduates, Graduates and Visiting Professionals},
 booktitle = {ACM SIGGRAPH ASIA 2009 Educators Program},
 series = {SIGGRAPH ASIA '09},
 year = {2009},
 location = {Yokohama, Japan},
 pages = {6:1--6:4},
 articleno = {6},
 numpages = {4},
 url = {http://doi.acm.org/10.1145/1666611.1666617},
 doi = {10.1145/1666611.1666617},
 acmid = {1666617},
 publisher = {ACM},
 address = {New York, NY, USA},
 keywords = {dinosaurs, games, geo science, learning sciences},
}

@article{deBry:2011:LSB:2038836.2038837,
 author = {deBry, Roger},
 title = {A Learning Space for Beginning Programming Students},
 journal = {J. Comput. Sci. Coll.},
 issue_date = {December 2011},
 volume = {27},
 number = {2},
 month = dec,
 year = {2011},
 issn = {1937-4771},
 pages = {4--11},
 numpages = {8},
 url = {http://dl.acm.org/citation.cfm?id=2038836.2038837},
 acmid = {2038837},
 publisher = {Consortium for Computing Sciences in Colleges},
 address = {USA},
}

