@inproceedings{McDermott:2016:MOE:2899415.2899474,
 author = {McDermott, Roger and Zarb, Mark and Daniels, Mats and Cajander, \AAsa and Clear, Tony},
 title = {Motivation, Optimal Experience and Flow in First Year Computing Science},
 booktitle = {Proceedings of the 2016 ACM Conference on Innovation and Technology in Computer Science Education},
 series = {ITiCSE '16},
 year = {2016},
 isbn = {978-1-4503-4231-5},
 location = {Arequipa, Peru},
 pages = {206--211},
 numpages = {6},
 url = {http://doi.acm.org/10.1145/2899415.2899474},
 doi = {10.1145/2899415.2899474},
 acmid = {2899474},
 publisher = {ACM},
 address = {New York, NY, USA},
 keywords = {flow, motivation, optimal experience, self determination theory},
}

