@inproceedings{Suhonen:2008:SFE:1457199.1457204,
 author = {Suhonen, Katja and V\"{a}\"{a}t\"{a}j\"{a}, Heli and Virtanen, Tytti and Raisamo, Roope},
 title = {Seriously Fun: Exploring How to Combine Promoting Health Awareness and Engaging Gameplay},
 booktitle = {Proceedings of the 12th International Conference on Entertainment and Media in the Ubiquitous Era},
 series = {MindTrek '08},
 year = {2008},
 isbn = {978-1-60558-197-2},
 location = {Tampere, Finland},
 pages = {18--22},
 numpages = {5},
 url = {http://doi.acm.org/10.1145/1457199.1457204},
 doi = {10.1145/1457199.1457204},
 acmid = {1457204},
 publisher = {ACM},
 address = {New York, NY, USA},
 keywords = {adolescent, education, exercise, gaming, health, learning, mobile device, serious games},
}

@inproceedings{diBlas:2008:ISI:1463689.1463729,
 author = {di Blas, Nicoletta and Poggi, Caterina},
 title = {Can ICT Support Inclusion?: Evidence from Multi-user Edutainment Experiences Based on 3D Worlds},
 booktitle = {Proceedings of the 7th International Conference on Interaction Design and Children},
 series = {IDC '08},
 year = {2008},
 isbn = {978-1-59593-994-4},
 location = {Chicago, Illinois},
 pages = {97--100},
 numpages = {4},
 url = {http://doi.acm.org/10.1145/1463689.1463729},
 doi = {10.1145/1463689.1463729},
 acmid = {1463729},
 publisher = {ACM},
 address = {New York, NY, USA},
 keywords = {multi-users virtual worlds, social inclusion},
}

@inproceedings{deFreitas:2017:UGD:3041021.3054175,
 author = {de Freitas, Sara and Gibson, David and Alvarez, Victor and Irving, Leah and Star, Kam and Charleer, Sven and Verbert, Katrien},
 title = {How to Use Gamified Dashboards and Learning Analytics for Providing Immediate Student Feedback and Performance Tracking in Higher Education},
 booktitle = {Proceedings of the 26th International Conference on World Wide Web Companion},
 series = {WWW '17 Companion},
 year = {2017},
 isbn = {978-1-4503-4914-7},
 location = {Perth, Australia},
 pages = {429--434},
 numpages = {6},
 url = {https://doi.org/10.1145/3041021.3054175},
 doi = {10.1145/3041021.3054175},
 acmid = {3054175},
 publisher = {International World Wide Web Conferences Steering Committee},
 address = {Republic and Canton of Geneva, Switzerland},
 keywords = {dashboards, game-based learning, higher education, learning analytics, serious games},
}

@inproceedings{McHugh:2017:ECU:3125433.3125454,
 author = {McHugh, Sally and Concannon, Fiona and Hall, Tony},
 title = {Everyday Creativity on a University Campus: Crafting a Challenge to Journey Beyond the Formal},
 booktitle = {Proceedings of the 13th International Symposium on Open Collaboration},
 series = {OpenSym '17},
 year = {2017},
 isbn = {978-1-4503-5187-4},
 location = {Galway, Ireland},
 pages = {7:1--7:5},
 articleno = {7},
 numpages = {5},
 url = {http://doi.acm.org/10.1145/3125433.3125454},
 doi = {10.1145/3125433.3125454},
 acmid = {3125454},
 publisher = {ACM},
 address = {New York, NY, USA},
 keywords = {Open online collaboration, creativity, digital literacy, higher education, informal learning, participatory culture},
}

@article{Chen:2013:SCA:2562181.2524264,
 author = {Chen, Zhi-Hong and Chen, Sherry Y.},
 title = {A Surrogate Competition Approach to Enhancing Game-based Learning},
 journal = {ACM Trans. Comput.-Hum. Interact.},
 issue_date = {December 2013},
 volume = {20},
 number = {6},
 month = dec,
 year = {2013},
 issn = {1073-0516},
 pages = {35:1--35:24},
 articleno = {35},
 numpages = {24},
 url = {http://doi.acm.org/10.1145/2524264},
 doi = {10.1145/2524264},
 acmid = {2524264},
 publisher = {ACM},
 address = {New York, NY, USA},
 keywords = {Competition, attribution, game-based learning, learning achievement, motivation, surrogate},
}

@inproceedings{Grace:2012:TSP:2393132.2393149,
 author = {Grace, Lindsay D.},
 title = {A Topographical Study of Persuasive Play in Digital Games},
 booktitle = {Proceeding of the 16th International Academic MindTrek Conference},
 series = {MindTrek '12},
 year = {2012},
 isbn = {978-1-4503-1637-8},
 location = {Tampere, Finland},
 pages = {77--82},
 numpages = {6},
 url = {http://doi.acm.org/10.1145/2393132.2393149},
 doi = {10.1145/2393132.2393149},
 acmid = {2393149},
 publisher = {ACM},
 address = {New York, NY, USA},
 keywords = {advergames, computer games, digital games, games for change, persuasive play, serious games, social impact games},
}

@article{Liu:2015:LEC:2744768.2699760,
 author = {Liu, Yun-En and Ballweber, Christy and O'rourke, Eleanor and Butler, Eric and Thummaphan, Phonraphee and Popovi\'{c}, Zoran},
 title = {Large-Scale Educational Campaigns},
 journal = {ACM Trans. Comput.-Hum. Interact.},
 issue_date = {April 2015},
 volume = {22},
 number = {2},
 month = mar,
 year = {2015},
 issn = {1073-0516},
 pages = {8:1--8:24},
 articleno = {8},
 numpages = {24},
 url = {http://doi.acm.org/10.1145/2699760},
 doi = {10.1145/2699760},
 acmid = {2699760},
 publisher = {ACM},
 address = {New York, NY, USA},
 keywords = {Learning at scale, educational games, large-scale educational campaigns},
}

@inproceedings{Peppler:2011:ACN:2069618.2069708,
 author = {Peppler, Kylie and Glosson, Diane and Kafai, Yasmin and Fields, Deborah and Searle, Kristin},
 title = {Articulating Creativity in a New Domain: Expert Insights from the Field of e-Textiles},
 booktitle = {Proceedings of the 8th ACM Conference on Creativity and Cognition},
 series = {C\&\#38;C '11},
 year = {2011},
 isbn = {978-1-4503-0820-5},
 location = {Atlanta, Georgia, USA},
 pages = {385--386},
 numpages = {2},
 url = {http://doi.acm.org/10.1145/2069618.2069708},
 doi = {10.1145/2069618.2069708},
 acmid = {2069708},
 publisher = {ACM},
 address = {New York, NY, USA},
 keywords = {consensual assessment technique (CAT), e-textiles, experts, systems},
}

@inproceedings{Culbertson:2017:YCE:2998181.2998268,
 author = {Culbertson, Gabriel and Shen, Solace and Andersen, Erik and Jung, Malte},
 title = {Have Your Cake and Eat It Too: Foreign Language Learning with a Crowdsourced Video Captioning System},
 booktitle = {Proceedings of the 2017 ACM Conference on Computer Supported Cooperative Work and Social Computing},
 series = {CSCW '17},
 year = {2017},
 isbn = {978-1-4503-4335-0},
 location = {Portland, Oregon, USA},
 pages = {286--296},
 numpages = {11},
 url = {http://doi.acm.org/10.1145/2998181.2998268},
 doi = {10.1145/2998181.2998268},
 acmid = {2998268},
 publisher = {ACM},
 address = {New York, NY, USA},
 keywords = {crowdsourcing, language learning, video learning},
}

@inproceedings{Worsley:2014:DPA:2666633.2666637,
 author = {Worsley, Marcelo and Blikstein, Paulo},
 title = {Deciphering the Practices and Affordances of Different Reasoning Strategies Through Multimodal Learning Analytics},
 booktitle = {Proceedings of the 2014 ACM Workshop on Multimodal Learning Analytics Workshop and Grand Challenge},
 series = {MLA '14},
 year = {2014},
 isbn = {978-1-4503-0488-7},
 location = {Istanbul, Turkey},
 pages = {21--27},
 numpages = {7},
 url = {http://doi.acm.org/10.1145/2666633.2666637},
 doi = {10.1145/2666633.2666637},
 acmid = {2666637},
 publisher = {ACM},
 address = {New York, NY, USA},
 keywords = {computational, constructionist, data mining, learning sciences},
}

@inproceedings{Zarb:2011:EFN:1999747.1999907,
 author = {Zarb, Mark and Hughes, Janet},
 title = {Exploring Flow in Novice Programming Environments},
 booktitle = {Proceedings of the 16th Annual Joint Conference on Innovation and Technology in Computer Science Education},
 series = {ITiCSE '11},
 year = {2011},
 isbn = {978-1-4503-0697-3},
 location = {Darmstadt, Germany},
 pages = {394--394},
 numpages = {1},
 url = {http://doi.acm.org/10.1145/1999747.1999907},
 doi = {10.1145/1999747.1999907},
 acmid = {1999907},
 publisher = {ACM},
 address = {New York, NY, USA},
 keywords = {cognition, flow, learning, novices, programming, teaching},
}

@inproceedings{Basawapatna:2013:ZPF:2493394.2493404,
 author = {Basawapatna, Ashok R. and Repenning, Alexander and Koh, Kyu Han and Nickerson, Hilarie},
 title = {The Zones of Proximal Flow: Guiding Students Through a Space of Computational Thinking Skills and Challenges},
 booktitle = {Proceedings of the Ninth Annual International ACM Conference on International Computing Education Research},
 series = {ICER '13},
 year = {2013},
 isbn = {978-1-4503-2243-0},
 location = {San Diego, San California, USA},
 pages = {67--74},
 numpages = {8},
 url = {http://doi.acm.org/10.1145/2493394.2493404},
 doi = {10.1145/2493394.2493404},
 acmid = {2493404},
 publisher = {ACM},
 address = {New York, NY, USA},
 keywords = {computational thinking, computational thinking patterns, computer science education, flow, scalable game design, simulations, zone of proximal development, zones of proximal flow},
}

@inproceedings{Williams:2019:UGD:3304221.3325594,
 author = {Williams, David},
 title = {Utilising Game Design to Create Engaging Education: A Framework for Gameful Learning},
 booktitle = {Proceedings of the 2019 ACM Conference on Innovation and Technology in Computer Science Education},
 series = {ITiCSE '19},
 year = {2019},
 isbn = {978-1-4503-6301-3},
 location = {Aberdeen, Scotland Uk},
 pages = {351--352},
 numpages = {2},
 url = {http://doi.acm.org/10.1145/3304221.3325594},
 doi = {10.1145/3304221.3325594},
 acmid = {3325594},
 publisher = {ACM},
 address = {New York, NY, USA},
 keywords = {acm proceedings, education, engagement., flow, framework, game development, gamification, mda, pedagogy},
}

@article{Repenning:2015:SGD:2767124.2700517,
 author = {Repenning, Alexander and Webb, David C. and Koh, Kyu Han and Nickerson, Hilarie and Miller, Susan B. and Brand, Catharine and Horses, Ian Her Many and Basawapatna, Ashok and Gluck, Fred and Grover, Ryan and Gutierrez, Kris and Repenning, Nadia},
 title = {Scalable Game Design: A Strategy to Bring Systemic Computer Science Education to Schools Through Game Design and Simulation Creation},
 journal = {Trans. Comput. Educ.},
 issue_date = {May 2015},
 volume = {15},
 number = {2},
 month = apr,
 year = {2015},
 issn = {1946-6226},
 pages = {11:1--11:31},
 articleno = {11},
 numpages = {31},
 url = {http://doi.acm.org/10.1145/2700517},
 doi = {10.1145/2700517},
 acmid = {2700517},
 publisher = {ACM},
 address = {New York, NY, USA},
 keywords = {Latent Semantic Analysis, STEM, elementary schools, game design, middle schools, programming},
}

@article{Ceraulo:2003:IDF:792526.792530,
 author = {Ceraulo, Sandra C.},
 title = {Instructional Design for Flow in Online Learning},
 journal = {eLearn},
 issue_date = {May 2003},
 volume = {2003},
 number = {5},
 month = may,
 year = {2003},
 issn = {1535-394X},
 pages = {2--},
 url = {http://doi.acm.org/10.1145/792526.792530},
 doi = {10.1145/792526.792530},
 acmid = {792530},
 publisher = {ACM},
 address = {New York, NY, USA},
}

@inproceedings{Divitini:2017:MIE:3078072.3081312,
 author = {Divitini, Monica and Giannakos, Michail N. and Mora, Simone and Papavlasopoulou, Sofia and Iversen, Ole Sejer},
 title = {Make2Learn with IoT: Engaging Children into Joyful Design and Making of Interactive Connected Objects},
 booktitle = {Proceedings of the 2017 Conference on Interaction Design and Children},
 series = {IDC '17},
 year = {2017},
 isbn = {978-1-4503-4921-5},
 location = {Stanford, California, USA},
 pages = {757--760},
 numpages = {4},
 url = {http://doi.acm.org/10.1145/3078072.3081312},
 doi = {10.1145/3078072.3081312},
 acmid = {3081312},
 publisher = {ACM},
 address = {New York, NY, USA},
 keywords = {constructionist, ideation tools, iot, learning technologies, maker movement, prototyping tools},
}

@inproceedings{DiMitri:2017:LPM:3027385.3027447,
 author = {Di Mitri, Daniele and Scheffel, Maren and Drachsler, Hendrik and B\"{o}rner, Dirk and Ternier, Stefaan and Specht, Marcus},
 title = {Learning Pulse: A Machine Learning Approach for Predicting Performance in Self-regulated Learning Using Multimodal Data},
 booktitle = {Proceedings of the Seventh International Learning Analytics \&\#38; Knowledge Conference},
 series = {LAK '17},
 year = {2017},
 isbn = {978-1-4503-4870-6},
 location = {Vancouver, British Columbia, Canada},
 pages = {188--197},
 numpages = {10},
 url = {http://doi.acm.org/10.1145/3027385.3027447},
 doi = {10.1145/3027385.3027447},
 acmid = {3027447},
 publisher = {ACM},
 address = {New York, NY, USA},
 keywords = {biosensors, learning analytics, machine learning, multimodal data, wearable enhanced learning},
}

@inproceedings{Chan:2016:VRE:3014033.3014039,
 author = {Chan, Sandra and Cai, Yiyu and Lu, Andrew and Tun, Nay Zin and Huang, Lihui and Chandrasekaran, Indhumathi},
 title = {Virtual Reality Enhanced Pink Dolphin Game for Children with ASD},
 booktitle = {Proceedings of the 3rd Asia-Europe Symposium on Simulation \& Serious Gaming},
 series = {VRCAI '16},
 year = {2016},
 isbn = {978-1-4503-4693-1},
 location = {Zhuhai, China},
 pages = {215--218},
 numpages = {4},
 url = {http://doi.acm.org/10.1145/3014033.3014039},
 doi = {10.1145/3014033.3014039},
 acmid = {3014039},
 publisher = {ACM},
 address = {New York, NY, USA},
 keywords = {autism spectrum disorder, serious games, technology enhanced learning, virtual reality},
}

@inproceedings{Chen:2018:UEG:3178158.3178188,
 author = {Chen, Yang},
 title = {Understanding How Educational Gamification Impacts Users' Behavior: A Theoretical Analysis},
 booktitle = {Proceedings of the 6th International Conference on Information and Education Technology},
 series = {ICIET '18},
 year = {2018},
 isbn = {978-1-4503-5359-5},
 location = {Osaka, Japan},
 pages = {154--159},
 numpages = {6},
 url = {http://doi.acm.org/10.1145/3178158.3178188},
 doi = {10.1145/3178158.3178188},
 acmid = {3178188},
 publisher = {ACM},
 address = {New York, NY, USA},
 keywords = {behavior, gamification, motivation, theory of planned behavior},
}

@inproceedings{Mystakidis:2014:PBD:2643604.2643632,
 author = {Mystakidis, Stylianos and Lambropoulos, Niki and Fardoun, Habib M. and Alghazzawi, Daniyal M.},
 title = {Playful Blended Digital Storytelling in 3D Immersive eLearning Environments: A Cost Effective Early Literacy Motivation Method},
 booktitle = {Proceedings of the 2014 Workshop on Interaction Design in Educational Environments},
 series = {IDEE '14},
 year = {2014},
 isbn = {978-1-4503-3034-3},
 location = {Albacete, Spain},
 pages = {97:97--97:101},
 articleno = {97},
 numpages = {5},
 url = {http://doi.acm.org/10.1145/2643604.2643632},
 doi = {10.1145/2643604.2643632},
 acmid = {2643632},
 publisher = {ACM},
 address = {New York, NY, USA},
 keywords = {3D Virtual Immersive Learning Environments, Digital storytelling, Gamification, Library, Second Life},
}

@inproceedings{Rodrigo:2009:CDS:1584322.1584332,
 author = {Rodrigo, Ma. Mercedes T. and Baker, Ryan S.J.d.},
 title = {Coarse-grained Detection of Student Frustration in an Introductory Programming Course},
 booktitle = {Proceedings of the Fifth International Workshop on Computing Education Research Workshop},
 series = {ICER '09},
 year = {2009},
 isbn = {978-1-60558-615-1},
 location = {Berkeley, CA, USA},
 pages = {75--80},
 numpages = {6},
 url = {http://doi.acm.org/10.1145/1584322.1584332},
 doi = {10.1145/1584322.1584332},
 acmid = {1584332},
 publisher = {ACM},
 address = {New York, NY, USA},
 keywords = {affect, frustration detection, novice programmers},
}

@inproceedings{Rodrigo:2009:ABP:1562877.1562929,
 author = {Rodrigo, Ma. Mercedes T. and Baker, Ryan S. and Jadud, Matthew C. and Amarra, Anna Christine M. and Dy, Thomas and Espejo-Lahoz, Maria Beatriz V. and Lim, Sheryl Ann L. and Pascua, Sheila A.M.S. and Sugay, Jessica O. and Tabanao, Emily S.},
 title = {Affective and Behavioral Predictors of Novice Programmer Achievement},
 booktitle = {Proceedings of the 14th Annual ACM SIGCSE Conference on Innovation and Technology in Computer Science Education},
 series = {ITiCSE '09},
 year = {2009},
 isbn = {978-1-60558-381-5},
 location = {Paris, France},
 pages = {156--160},
 numpages = {5},
 url = {http://doi.acm.org/10.1145/1562877.1562929},
 doi = {10.1145/1562877.1562929},
 acmid = {1562929},
 publisher = {ACM},
 address = {New York, NY, USA},
 keywords = {achievement, affect, novice programmers},
}

@article{Rodrigo:2009:ABP:1595496.1562929,
 author = {Rodrigo, Ma. Mercedes T. and Baker, Ryan S. and Jadud, Matthew C. and Amarra, Anna Christine M. and Dy, Thomas and Espejo-Lahoz, Maria Beatriz V. and Lim, Sheryl Ann L. and Pascua, Sheila A.M.S. and Sugay, Jessica O. and Tabanao, Emily S.},
 title = {Affective and Behavioral Predictors of Novice Programmer Achievement},
 journal = {SIGCSE Bull.},
 issue_date = {September 2009},
 volume = {41},
 number = {3},
 month = jul,
 year = {2009},
 issn = {0097-8418},
 pages = {156--160},
 numpages = {5},
 url = {http://doi.acm.org/10.1145/1595496.1562929},
 doi = {10.1145/1595496.1562929},
 acmid = {1562929},
 publisher = {ACM},
 address = {New York, NY, USA},
 keywords = {achievement, affect, novice programmers},
}

@inproceedings{Hicks:2016:UGA:2883851.2883953,
 author = {Hicks, Drew and Eagle, Michael and Rowe, Elizabeth and Asbell-Clarke, Jodi and Edwards, Teon and Barnes, Tiffany},
 title = {Using Game Analytics to Evaluate Puzzle Design and Level Progression in a Serious Game},
 booktitle = {Proceedings of the Sixth International Conference on Learning Analytics \& Knowledge},
 series = {LAK '16},
 year = {2016},
 isbn = {978-1-4503-4190-5},
 location = {Edinburgh, United Kingdom},
 pages = {440--448},
 numpages = {9},
 url = {http://doi.acm.org/10.1145/2883851.2883953},
 doi = {10.1145/2883851.2883953},
 acmid = {2883953},
 publisher = {ACM},
 address = {New York, NY, USA},
 keywords = {complex problem solving, educational data mining, learning analytics, serious games, survival analysis},
}

@inproceedings{Wu:2018:DRM:3178158.3178178,
 author = {Wu, Chun-Ping and Tu, Jie and Wu, Shu-ling},
 title = {Design a Reflective Mechanism to Engage Students in Student-constructed Test Activity},
 booktitle = {Proceedings of the 6th International Conference on Information and Education Technology},
 series = {ICIET '18},
 year = {2018},
 isbn = {978-1-4503-5359-5},
 location = {Osaka, Japan},
 pages = {106--110},
 numpages = {5},
 url = {http://doi.acm.org/10.1145/3178158.3178178},
 doi = {10.1145/3178158.3178178},
 acmid = {3178178},
 publisher = {ACM},
 address = {New York, NY, USA},
 keywords = {board game, game-based learning, student-constructed test},
}

@inproceedings{Repenning:2010:SGD:1734263.1734357,
 author = {Repenning, Alexander and Webb, David and Ioannidou, Andri},
 title = {Scalable Game Design and the Development of a Checklist for Getting Computational Thinking into Public Schools},
 booktitle = {Proceedings of the 41st ACM Technical Symposium on Computer Science Education},
 series = {SIGCSE '10},
 year = {2010},
 isbn = {978-1-4503-0006-3},
 location = {Milwaukee, Wisconsin, USA},
 pages = {265--269},
 numpages = {5},
 url = {http://doi.acm.org/10.1145/1734263.1734357},
 doi = {10.1145/1734263.1734357},
 acmid = {1734357},
 publisher = {ACM},
 address = {New York, NY, USA},
 keywords = {computational science, computational thinking, game design},
}

@inproceedings{Gibson:2013:EGT:2532748.2532751,
 author = {Gibson, Ben and Bell, Tim},
 title = {Evaluation of Games for Teaching Computer Science},
 booktitle = {Proceedings of the 8th Workshop in Primary and Secondary Computing Education},
 series = {WiPSE '13},
 year = {2013},
 isbn = {978-1-4503-2455-7},
 location = {Aarhus, Denmark},
 pages = {51--60},
 numpages = {10},
 url = {http://doi.acm.org/10.1145/2532748.2532751},
 doi = {10.1145/2532748.2532751},
 acmid = {2532751},
 publisher = {ACM},
 address = {New York, NY, USA},
 keywords = {computer science education, educational games, play},
}

@inproceedings{Assigana:2014:TTL:2658537.2658684,
 author = {Assigana, Etaba and Chang, Eric and Cho, Seungsuk and Kotecha, Vivek and Liu, Bing and Turner, Hannah and Zhang, Yan and Christel, Michael G. and Stevens, Scott M.},
 title = {TF-CBT Triangle of Life: A Game to Help with Cognitive Behavioral Therapy},
 booktitle = {Proceedings of the First ACM SIGCHI Annual Symposium on Computer-human Interaction in Play},
 series = {CHI PLAY '14},
 year = {2014},
 isbn = {978-1-4503-3014-5},
 location = {Toronto, Ontario, Canada},
 pages = {9--16},
 numpages = {8},
 url = {http://doi.acm.org/10.1145/2658537.2658684},
 doi = {10.1145/2658537.2658684},
 acmid = {2658684},
 publisher = {ACM},
 address = {New York, NY, USA},
 keywords = {games for health, iterative game development, playtesting},
}

@inproceedings{Mishra:2014:ESI:2591708.2591733,
 author = {Mishra, Shitanshu and Balan, Sudeesh and Iyer, Sridhar and Murthy, Sahana},
 title = {Effect of a 2-week Scratch Intervention in CS1 on Learners with Varying Prior Knowledge},
 booktitle = {Proceedings of the 2014 Conference on Innovation \&\#38; Technology in Computer Science Education},
 series = {ITiCSE '14},
 year = {2014},
 isbn = {978-1-4503-2833-3},
 location = {Uppsala, Sweden},
 pages = {45--50},
 numpages = {6},
 url = {http://doi.acm.org/10.1145/2591708.2591733},
 doi = {10.1145/2591708.2591733},
 acmid = {2591733},
 publisher = {ACM},
 address = {New York, NY, USA},
 keywords = {advance learners, cs1, novice learners, scratch intervention},
}

@article{Isomottonen:2019:SGE:3303943.3277568,
 author = {Isom\"{o}tt\"{o}nen, Ville and Daniels, Mats and Cajander, \AAsa and Pears, Arnold and Mcdermott, Roger},
 title = {Searching for Global Employability: Can Students Capitalize on Enabling Learning Environments?},
 journal = {ACM Trans. Comput. Educ.},
 issue_date = {February 2019},
 volume = {19},
 number = {2},
 month = jan,
 year = {2019},
 issn = {1946-6226},
 pages = {11:1--11:29},
 articleno = {11},
 numpages = {29},
 url = {http://doi.acm.org/10.1145/3277568},
 doi = {10.1145/3277568},
 acmid = {3277568},
 publisher = {ACM},
 address = {New York, NY, USA},
 keywords = {Project-based learning, employability, global software engineering education},
}

@inproceedings{Lakanen:2014:UDC:2591708.2591716,
 author = {Lakanen, Antti-Jussi and Isom\"{o}tt\"{o}nen, Ville and Lappalainen, Vesa},
 title = {Understanding Differences Among Coding Club Students},
 booktitle = {Proceedings of the 2014 Conference on Innovation \&\#38; Technology in Computer Science Education},
 series = {ITiCSE '14},
 year = {2014},
 isbn = {978-1-4503-2833-3},
 location = {Uppsala, Sweden},
 pages = {159--164},
 numpages = {6},
 url = {http://doi.acm.org/10.1145/2591708.2591716},
 doi = {10.1145/2591708.2591716},
 acmid = {2591716},
 publisher = {ACM},
 address = {New York, NY, USA},
 keywords = {game programming, k-12, outreach, recruitment},
}

@inproceedings{Mortazavi:2018:SCI:3215641.3215645,
 author = {Mortazavi, Armin},
 title = {Science Cartooning: The Ideal Couple},
 booktitle = {ACM SIGGRAPH 2018 Educator's Forum},
 series = {SIGGRAPH '18},
 year = {2018},
 isbn = {978-1-4503-5884-2},
 location = {Vancouver, British Columbia, Canada},
 pages = {5:1--5:2},
 articleno = {5},
 numpages = {2},
 url = {http://doi.acm.org/10.1145/3215641.3215645},
 doi = {10.1145/3215641.3215645},
 acmid = {3215645},
 publisher = {ACM},
 address = {New York, NY, USA},
 keywords = {E-learning, design, education, interactive, storytelling},
}

@inproceedings{McDermott:2016:MOE:2899415.2899474,
 author = {McDermott, Roger and Zarb, Mark and Daniels, Mats and Cajander, \AAsa and Clear, Tony},
 title = {Motivation, Optimal Experience and Flow in First Year Computing Science},
 booktitle = {Proceedings of the 2016 ACM Conference on Innovation and Technology in Computer Science Education},
 series = {ITiCSE '16},
 year = {2016},
 isbn = {978-1-4503-4231-5},
 location = {Arequipa, Peru},
 pages = {206--211},
 numpages = {6},
 url = {http://doi.acm.org/10.1145/2899415.2899474},
 doi = {10.1145/2899415.2899474},
 acmid = {2899474},
 publisher = {ACM},
 address = {New York, NY, USA},
 keywords = {flow, motivation, optimal experience, self determination theory},
}

@inproceedings{Basawapatna:2015:CCL:2676723.2677269,
 author = {Basawapatna, Ashok Ram and Repenning, Alexander and Koh, Kyu Han},
 title = {Closing The Cyberlearning Loop: Enabling Teachers To Formatively Assess Student Programming Projects},
 booktitle = {Proceedings of the 46th ACM Technical Symposium on Computer Science Education},
 series = {SIGCSE '15},
 year = {2015},
 isbn = {978-1-4503-2966-8},
 location = {Kansas City, Missouri, USA},
 pages = {12--17},
 numpages = {6},
 url = {http://doi.acm.org/10.1145/2676723.2677269},
 doi = {10.1145/2676723.2677269},
 acmid = {2677269},
 publisher = {ACM},
 address = {New York, NY, USA},
 keywords = {assessment tools, computational thinking, cyberlearning, end-user game and simulation design, formative assessment, k-12 computer science education, summative assessment},
}

@inproceedings{Brich:2017:MGD:3130859.3133222,
 author = {Brich, Julia},
 title = {Motivational Game Design Factors In Player-Game Adaptivity},
 booktitle = {Extended Abstracts Publication of the Annual Symposium on Computer-Human Interaction in Play},
 series = {CHI PLAY '17 Extended Abstracts},
 year = {2017},
 isbn = {978-1-4503-5111-9},
 location = {Amsterdam, The Netherlands},
 pages = {683--686},
 numpages = {4},
 url = {http://doi.acm.org/10.1145/3130859.3133222},
 doi = {10.1145/3130859.3133222},
 acmid = {3133222},
 publisher = {ACM},
 address = {New York, NY, USA},
 keywords = {adaptive games, game mechanics, player motivation},
}

@inproceedings{Bernhaupt:2007:ECG:1255047.1255096,
 author = {Bernhaupt, Regina and Schwaiger, Daniel and Riegler, Stefan and Enthaler, David},
 title = {Evaluating Children's Gaming Experiences},
 booktitle = {Proceedings of the International Conference on Advances in Computer Entertainment Technology},
 series = {ACE '07},
 year = {2007},
 isbn = {978-1-59593-640-0},
 location = {Salzburg, Austria},
 pages = {224--225},
 numpages = {2},
 url = {http://doi.acm.org/10.1145/1255047.1255096},
 doi = {10.1145/1255047.1255096},
 acmid = {1255096},
 publisher = {ACM},
 address = {New York, NY, USA},
 keywords = {children, education, evaluation, game, global warming},
}

@inproceedings{Basawapatna:2019:ZPF:3287324.3287361,
 author = {Basawapatna, Ashok and Repenning, Alexander and Savignano, Mark},
 title = {The Zones of Proximal Flow Tutorial: Designing Computational Thinking Cliffhangers},
 booktitle = {Proceedings of the 50th ACM Technical Symposium on Computer Science Education},
 series = {SIGCSE '19},
 year = {2019},
 isbn = {978-1-4503-5890-3},
 location = {Minneapolis, MN, USA},
 pages = {428--434},
 numpages = {7},
 url = {http://doi.acm.org/10.1145/3287324.3287361},
 doi = {10.1145/3287324.3287361},
 acmid = {3287361},
 publisher = {ACM},
 address = {New York, NY, USA},
 keywords = {computational thinking, cyberlearning, exposure, flow, zone of proximal development, hour of code, retention, retention of flow, tutorial, zones of proximal flow},
}

@article{Repenning:2008:BPT:1352322.1352242,
 author = {Repenning, Alexander and Ioannidou, Andri},
 title = {Broadening Participation Through Scalable Game Design},
 journal = {SIGCSE Bull.},
 issue_date = {March 2008},
 volume = {40},
 number = {1},
 month = mar,
 year = {2008},
 issn = {0097-8418},
 pages = {305--309},
 numpages = {5},
 url = {http://doi.acm.org/10.1145/1352322.1352242},
 doi = {10.1145/1352322.1352242},
 acmid = {1352242},
 publisher = {ACM},
 address = {New York, NY, USA},
 keywords = {flow, game design, rapid prototyping},
}

@inproceedings{Repenning:2008:BPT:1352135.1352242,
 author = {Repenning, Alexander and Ioannidou, Andri},
 title = {Broadening Participation Through Scalable Game Design},
 booktitle = {Proceedings of the 39th SIGCSE Technical Symposium on Computer Science Education},
 series = {SIGCSE '08},
 year = {2008},
 isbn = {978-1-59593-799-5},
 location = {Portland, OR, USA},
 pages = {305--309},
 numpages = {5},
 url = {http://doi.acm.org/10.1145/1352135.1352242},
 doi = {10.1145/1352135.1352242},
 acmid = {1352242},
 publisher = {ACM},
 address = {New York, NY, USA},
 keywords = {flow, game design, rapid prototyping},
}

@inproceedings{Kurkovsky:2015:TSE:2729094.2742604,
 author = {Kurkovsky, Stan},
 title = {Teaching Software Engineering with LEGO Serious Play},
 booktitle = {Proceedings of the 2015 ACM Conference on Innovation and Technology in Computer Science Education},
 series = {ITiCSE '15},
 year = {2015},
 isbn = {978-1-4503-3440-2},
 location = {Vilnius, Lithuania},
 pages = {213--218},
 numpages = {6},
 url = {http://doi.acm.org/10.1145/2729094.2742604},
 doi = {10.1145/2729094.2742604},
 acmid = {2742604},
 publisher = {ACM},
 address = {New York, NY, USA},
 keywords = {LEGO serious play, case studies, software engineering},
}

@article{Apiola:2012:CLE:2275597.2275600,
 author = {Apiola, Mikko and Lattu, Matti and Pasanen, Tomi A.},
 title = {Creativity-Supporting Learning Environment---CSLE},
 journal = {Trans. Comput. Educ.},
 issue_date = {July 2012},
 volume = {12},
 number = {3},
 month = jul,
 year = {2012},
 issn = {1946-6226},
 pages = {11:1--11:25},
 articleno = {11},
 numpages = {25},
 url = {http://doi.acm.org/10.1145/2275597.2275600},
 doi = {10.1145/2275597.2275600},
 acmid = {2275600},
 publisher = {ACM},
 address = {New York, NY, USA},
 keywords = {Robotics, creativity, motivation, open learning environment},
}

@inproceedings{Webb:2012:TET:2157136.2157191,
 author = {Webb, David C. and Repenning, Alexander and Koh, Kyu Han},
 title = {Toward an Emergent Theory of Broadening Participation in Computer Science Education},
 booktitle = {Proceedings of the 43rd ACM Technical Symposium on Computer Science Education},
 series = {SIGCSE '12},
 year = {2012},
 isbn = {978-1-4503-1098-7},
 location = {Raleigh, North Carolina, USA},
 pages = {173--178},
 numpages = {6},
 url = {http://doi.acm.org/10.1145/2157136.2157191},
 doi = {10.1145/2157136.2157191},
 acmid = {2157191},
 publisher = {ACM},
 address = {New York, NY, USA},
 keywords = {guided discovery, student interest, teacher-directed instruction},
}

@inproceedings{Klopp:2018:UCI:3209087.3209089,
 author = {Klopp, Marco and Gold-Veerkamp, Carolin and Stegmann, Patricia and Abke, Joerg},
 title = {Using Competency-Oriented Instructional Tasks for Internal Differentiation in Informatics},
 booktitle = {Proceedings of the 3rd European Conference of Software Engineering Education},
 series = {ECSEE'18},
 year = {2018},
 isbn = {978-1-4503-6383-9},
 location = {Seeon/ Bavaria, Germany},
 pages = {26--33},
 numpages = {8},
 url = {http://doi.acm.org/10.1145/3209087.3209089},
 doi = {10.1145/3209087.3209089},
 acmid = {3209089},
 publisher = {ACM},
 address = {New York, NY, USA},
 keywords = {Competencies, Heterogeneity, Instructional task, Scaffolding, Taxonomy},
}

@article{Lee:2011:CTY:1929887.1929902,
 author = {Lee, Irene and Martin, Fred and Denner, Jill and Coulter, Bob and Allan, Walter and Erickson, Jeri and Malyn-Smith, Joyce and Werner, Linda},
 title = {Computational Thinking for Youth in Practice},
 journal = {ACM Inroads},
 issue_date = {March 2011},
 volume = {2},
 number = {1},
 month = feb,
 year = {2011},
 issn = {2153-2184},
 pages = {32--37},
 numpages = {6},
 url = {http://doi.acm.org/10.1145/1929887.1929902},
 doi = {10.1145/1929887.1929902},
 acmid = {1929902},
 publisher = {ACM},
 address = {New York, NY, USA},
 keywords = {abstraction, analysis, automation, computational thinking, computer science education},
}

@article{Svoen:2007:CPC:1279540.1279545,
 author = {Svoen, Brit},
 title = {Consumers, Participants, and Creators: Young People's Diverse Use of Television and New Media},
 journal = {Comput. Entertain.},
 issue_date = {April/June 2007},
 volume = {5},
 number = {2},
 month = apr,
 year = {2007},
 issn = {1544-3574},
 articleno = {5},
 url = {http://doi.acm.org/10.1145/1279540.1279545},
 doi = {10.1145/1279540.1279545},
 acmid = {1279545},
 publisher = {ACM},
 address = {New York, NY, USA},
 keywords = {audience, creators, media use, multitasking, participants, participatory culture, survey, user survey, young people},
}

@article{McGill:2012:LPP:2133797.2133801,
 author = {McGill, Monica M.},
 title = {Learning to Program with Personal Robots: Influences on Student Motivation},
 journal = {Trans. Comput. Educ.},
 issue_date = {March 2012},
 volume = {12},
 number = {1},
 month = mar,
 year = {2012},
 issn = {1946-6226},
 pages = {4:1--4:32},
 articleno = {4},
 numpages = {32},
 url = {http://doi.acm.org/10.1145/2133797.2133801},
 doi = {10.1145/2133797.2133801},
 acmid = {2133801},
 publisher = {ACM},
 address = {New York, NY, USA},
 keywords = {CS0, CS1, Motivation, Myro, curriculum, education, personal robots, programming},
}

@inproceedings{Opel:2013:PIL:2532748.2532760,
 author = {Opel, Simone and H\"{o}pfl, Alexander and Brinda, Torsten},
 title = {Practical Implementation of Learning Fields in Vocational IT/CS Education: A Guideline on Designing Learning Situations},
 booktitle = {Proceedings of the 8th Workshop in Primary and Secondary Computing Education},
 series = {WiPSE '13},
 year = {2013},
 isbn = {978-1-4503-2455-7},
 location = {Aarhus, Denmark},
 pages = {132--135},
 numpages = {4},
 url = {http://doi.acm.org/10.1145/2532748.2532760},
 doi = {10.1145/2532748.2532760},
 acmid = {2532760},
 publisher = {ACM},
 address = {New York, NY, USA},
 keywords = {computer science education, game development, learning fields, learning situations, vocational IT education},
}

@inproceedings{Cross:2008:GDL:1593105.1593170,
 author = {Cross,II, E. Vincent and Gosha, Kinnis and Eugene, Wanda and Arcediano, Francisco and Hamilton, Christin and Hundley, Jacqueline},
 title = {Game Design from the Lens of a Student},
 booktitle = {Proceedings of the 46th Annual Southeast Regional Conference on XX},
 series = {ACM-SE 46},
 year = {2008},
 isbn = {978-1-60558-105-7},
 location = {Auburn, Alabama},
 pages = {247--252},
 numpages = {6},
 url = {http://doi.acm.org/10.1145/1593105.1593170},
 doi = {10.1145/1593105.1593170},
 acmid = {1593170},
 publisher = {ACM},
 address = {New York, NY, USA},
 keywords = {computer science education, curriculum design, game design},
}

@inproceedings{Basawapatna:2017:ERF:3017680.3017799,
 author = {Basawapatna, Ashok and Repenning, Alexander},
 title = {Employing Retention of Flow to Improve Online Tutorials},
 booktitle = {Proceedings of the 2017 ACM SIGCSE Technical Symposium on Computer Science Education},
 series = {SIGCSE '17},
 year = {2017},
 isbn = {978-1-4503-4698-6},
 location = {Seattle, Washington, USA},
 pages = {63--68},
 numpages = {6},
 url = {http://doi.acm.org/10.1145/3017680.3017799},
 doi = {10.1145/3017680.3017799},
 acmid = {3017799},
 publisher = {ACM},
 address = {New York, NY, USA},
 keywords = {CS ed week, computer science education, cyberlearning, evaluation, flow, hour of code, online education, retention, usability},
}

@inproceedings{Giannakos:2016:MPF:2930674.2932227,
 author = {Giannakos, Michail N. and Divitini, Monica},
 title = {Making As a Pathway to Foster Joyful Engagement and Creativity in Learning},
 booktitle = {Proceedings of the The 15th International Conference on Interaction Design and Children},
 series = {IDC '16},
 year = {2016},
 isbn = {978-1-4503-4313-8},
 location = {Manchester, United Kingdom},
 pages = {731--735},
 numpages = {5},
 url = {http://doi.acm.org/10.1145/2930674.2932227},
 doi = {10.1145/2930674.2932227},
 acmid = {2932227},
 publisher = {ACM},
 address = {New York, NY, USA},
 keywords = {Maker movement, constructionist, creativity, knowledge construction, learning technologies, technological fluency},
}

@inproceedings{Behnke:2016:CSP:2960310.2960336,
 author = {Behnke, Kara Alexandra and Kos, Brittany Ann and Bennett, John K.},
 title = {Computer Science Principles: Impacting Student Motivation \&\#38; Learning Within and Beyond the Classroom},
 booktitle = {Proceedings of the 2016 ACM Conference on International Computing Education Research},
 series = {ICER '16},
 year = {2016},
 isbn = {978-1-4503-4449-4},
 location = {Melbourne, VIC, Australia},
 pages = {171--180},
 numpages = {10},
 url = {http://doi.acm.org/10.1145/2960310.2960336},
 doi = {10.1145/2960310.2960336},
 acmid = {2960336},
 publisher = {ACM},
 address = {New York, NY, USA},
 keywords = {computational thinking, computer science principles, connectivism, constructionism, learning outcomes., motivation, self-determination theory, self-directed learning},
}

@inproceedings{Zhang:2019:ECC:3311890.3311893,
 author = {Zhang, Feiran and Markopoulos, Panos and Bekker, Tilde and Sch\"{u}ll, Martine and Paule-Ru\'{\i}z, Mpuerto},
 title = {EmoForm: Capturing Children's Emotions During Design Based Learning},
 booktitle = {Proceedings of FabLearn 2019},
 series = {FL2019},
 year = {2019},
 isbn = {978-1-4503-6244-3},
 location = {New York, NY, USA},
 pages = {18--25},
 numpages = {8},
 url = {http://doi.acm.org/10.1145/3311890.3311893},
 doi = {10.1145/3311890.3311893},
 acmid = {3311893},
 publisher = {ACM},
 address = {New York, NY, USA},
 keywords = {Children, Design Based Learning, Emotion, Evaluation, Learning experience},
}

@inproceedings{Rizzo:2007:FMT:1297277.1297298,
 author = {Rizzo, Francesca and Garzotto, Franca},
 title = {"The Fire and The Mountain": Tangible and Social Interaction in a Museum Exhibition for Children},
 booktitle = {Proceedings of the 6th International Conference on Interaction Design and Children},
 series = {IDC '07},
 year = {2007},
 isbn = {978-1-59593-747-6},
 location = {Aalborg, Denmark},
 pages = {105--108},
 numpages = {4},
 url = {http://doi.acm.org/10.1145/1297277.1297298},
 doi = {10.1145/1297277.1297298},
 acmid = {1297298},
 publisher = {ACM},
 address = {New York, NY, USA},
 keywords = {edutainment, museum, tangible computing},
}

@inproceedings{Cai:2013:AAG:2468356.2479490,
 author = {Cai, Carrie J.},
 title = {Adapting Arcade Games for Learning},
 booktitle = {CHI '13 Extended Abstracts on Human Factors in Computing Systems},
 series = {CHI EA '13},
 year = {2013},
 isbn = {978-1-4503-1952-2},
 location = {Paris, France},
 pages = {2665--2670},
 numpages = {6},
 url = {http://doi.acm.org/10.1145/2468356.2479490},
 doi = {10.1145/2468356.2479490},
 acmid = {2479490},
 publisher = {ACM},
 address = {New York, NY, USA},
 keywords = {design, education},
}

@inproceedings{Basawapatna:2018:DVG:3197091.3197136,
 author = {Basawapatna, Ashok and Repenning, Alexander and Savignano, Mark and Manera, Josiane and Escherle, Nora and Repenning, Lorenzo},
 title = {Is Drawing Video Game Characters in an Hour of Code Activity a Waste of Time?},
 booktitle = {Proceedings of the 23rd Annual ACM Conference on Innovation and Technology in Computer Science Education},
 series = {ITiCSE 2018},
 year = {2018},
 isbn = {978-1-4503-5707-4},
 location = {Larnaca, Cyprus},
 pages = {93--98},
 numpages = {6},
 url = {http://doi.acm.org/10.1145/3197091.3197136},
 doi = {10.1145/3197091.3197136},
 acmid = {3197136},
 publisher = {ACM},
 address = {New York, NY, USA},
 keywords = {CS Ed Week, Computer science education, Flow, Hour of Code, art, creativity, cyberlearning, drawing, evaluation, online education, retention},
}

@inproceedings{Lehtonen:2015:RGL:2828959.2828973,
 author = {Lehtonen, Timo and Aho, Timo and Isohanni, Essi and Mikkonen, Tommi},
 title = {On the Role of Gamification and Localization in an Open Online Learning Environment: Javala Experiences},
 booktitle = {Proceedings of the 15th Koli Calling Conference on Computing Education Research},
 series = {Koli Calling '15},
 year = {2015},
 isbn = {978-1-4503-4020-5},
 location = {Koli, Finland},
 pages = {50--59},
 numpages = {10},
 url = {http://doi.acm.org/10.1145/2828959.2828973},
 doi = {10.1145/2828959.2828973},
 acmid = {2828973},
 publisher = {ACM},
 address = {New York, NY, USA},
 keywords = {MOOCs, educational data mining, gamification, learner profiles, learning analytics, learning outcomes, localization, online programming courses},
}

@inproceedings{Worsley:2015:LML:2723576.2723624,
 author = {Worsley, Marcelo and Blikstein, Paulo},
 title = {Leveraging Multimodal Learning Analytics to Differentiate Student Learning Strategies},
 booktitle = {Proceedings of the Fifth International Conference on Learning Analytics And Knowledge},
 series = {LAK '15},
 year = {2015},
 isbn = {978-1-4503-3417-4},
 location = {Poughkeepsie, New York},
 pages = {360--367},
 numpages = {8},
 url = {http://doi.acm.org/10.1145/2723576.2723624},
 doi = {10.1145/2723576.2723624},
 acmid = {2723624},
 publisher = {ACM},
 address = {New York, NY, USA},
 keywords = {computational, constructionist, data mining, learning sciences},
}

@article{Lakanen:2019:IPC:3308443.3283070,
 author = {Lakanen, Antti-Jussi and K\"{a}rkk\"{a}inen, Tommi},
 title = {Identifying Pathways to Computer Science: The Long-Term Impact of Short-Term Game Programming Outreach Interventions},
 journal = {ACM Trans. Comput. Educ.},
 issue_date = {June 2019},
 volume = {19},
 number = {3},
 month = jan,
 year = {2019},
 issn = {1946-6226},
 pages = {20:1--20:30},
 articleno = {20},
 numpages = {30},
 url = {http://doi.acm.org/10.1145/3283070},
 doi = {10.1145/3283070},
 acmid = {3283070},
 publisher = {ACM},
 address = {New York, NY, USA},
 keywords = {Computer science education, K\&\#x02013;12, game programming, interest development, long-term impact},
}

@inproceedings{Apostolellis:2016:AIA:2930674.2930700,
 author = {Apostolellis, Panagiotis and Bowman, Doug A.},
 title = {Audience Involvement and Agency in Digital Games: Effects on Learning, Game Experience, and Social Presence},
 booktitle = {Proceedings of the The 15th International Conference on Interaction Design and Children},
 series = {IDC '16},
 year = {2016},
 isbn = {978-1-4503-4313-8},
 location = {Manchester, United Kingdom},
 pages = {299--310},
 numpages = {12},
 url = {http://doi.acm.org/10.1145/2930674.2930700},
 doi = {10.1145/2930674.2930700},
 acmid = {2930700},
 publisher = {ACM},
 address = {New York, NY, USA},
 keywords = {Audience interaction, co-located collaboration, game-based learning, games, informal learning, virtual environments},
}

@inproceedings{Tisza:2019:RAG:3335055.3335065,
 author = {Tisza, Gabriella and Papavlasopoulou, Sofia and Christidou, Dimitra and Voulgari, Iro and Iivari, Netta and Giannakos, Michail N. and Kinnula, Marianne and Markopoulos, Panos},
 title = {The Role of Age and Gender on Implementing Informal and Non-formal Science Learning Activities for Children},
 booktitle = {Proceedings of the FabLearn Europe 2019 Conference},
 series = {FabLearn Europe '19},
 year = {2019},
 isbn = {978-1-4503-6266-5},
 location = {Oulu, Finland},
 pages = {10:1--10:9},
 articleno = {10},
 numpages = {9},
 url = {http://doi.acm.org/10.1145/3335055.3335065},
 doi = {10.1145/3335055.3335065},
 acmid = {3335065},
 publisher = {ACM},
 address = {New York, NY, USA},
 keywords = {Age, Coding, Education, Gender, Informal, Making, Non-formal, Play, STEM, Science learning},
}

@inproceedings{Gallego-Duran:2018:EDL:3284179.3284289,
 author = {Gallego-Dur\'{a}n, Francisco and Molina-Carmona, Rafael and Llorens-Largo, Fara\'{o}n},
 title = {Estimating the Difficulty of a Learning Activity from the Training Cost for a Machine Learning Algorithm},
 booktitle = {Proceedings of the Sixth International Conference on Technological Ecosystems for Enhancing Multiculturality},
 series = {TEEM'18},
 year = {2018},
 isbn = {978-1-4503-6518-5},
 location = {Salamanca, Spain},
 pages = {654--659},
 numpages = {6},
 url = {http://doi.acm.org/10.1145/3284179.3284289},
 doi = {10.1145/3284179.3284289},
 acmid = {3284289},
 publisher = {ACM},
 address = {New York, NY, USA},
 keywords = {Difficulty estimation, Neuroevolution, learning activity},
}

@article{Neal:2002:QDN:569067.569069,
 author = {Neal, Lisa},
 title = {Q\&Amp;A with Don Norman: A Freewheeling Exchange with a True Visionary of Interaction Design},
 journal = {eLearn},
 issue_date = {August 2002},
 volume = {2002},
 number = {8},
 month = aug,
 year = {2002},
 issn = {1535-394X},
 pages = {1--},
 url = {http://doi.acm.org/10.1145/569067.569069},
 doi = {10.1145/569067.569069},
 acmid = {569069},
 publisher = {ACM},
 address = {New York, NY, USA},
}

@inproceedings{Knutas:2014:CSE:2659532.2659612,
 author = {Knutas, Antti and Ikonen, Jouni and Maggiorini, Dario and Ripamonti, Laura and Porras, Jari},
 title = {Creating Software Engineering Student Interaction Profiles for Discovering Gamification Approaches to Improve Collaboration},
 booktitle = {Proceedings of the 15th International Conference on Computer Systems and Technologies},
 series = {CompSysTech '14},
 year = {2014},
 isbn = {978-1-4503-2753-4},
 location = {Ruse, Bulgaria},
 pages = {378--385},
 numpages = {8},
 url = {http://doi.acm.org/10.1145/2659532.2659612},
 doi = {10.1145/2659532.2659612},
 acmid = {2659612},
 publisher = {ACM},
 address = {New York, NY, USA},
 keywords = {collaborative learning, gamification, interaction analysis, k-means clustering, profiling},
}

@inproceedings{Lamprou:2017:SPB:3059009.3059017,
 author = {Lamprou, Anna and Repenning, Alexander and Escherle, Nora A.},
 title = {The Solothurn Project: Bringing Computer Science Education to Primary Schools in Switzerland},
 booktitle = {Proceedings of the 2017 ACM Conference on Innovation and Technology in Computer Science Education},
 series = {ITiCSE '17},
 year = {2017},
 isbn = {978-1-4503-4704-4},
 location = {Bologna, Italy},
 pages = {218--223},
 numpages = {6},
 url = {http://doi.acm.org/10.1145/3059009.3059017},
 doi = {10.1145/3059009.3059017},
 acmid = {3059017},
 publisher = {ACM},
 address = {New York, NY, USA},
 keywords = {computational thinking, computer science education, experience repor, primary schools, professional teacher development},
}

@inproceedings{Priego:2013:EFM:2536536.2536606,
 author = {Priego, Rub{\'e}n Guti{\'e}rrez and Peralta, Azahara Garc\'{\i}a},
 title = {Engagement Factors and Motivation in e-Learning and Blended-learning Projects},
 booktitle = {Proceedings of the First International Conference on Technological Ecosystem for Enhancing Multiculturality},
 series = {TEEM '13},
 year = {2013},
 isbn = {978-1-4503-2345-1},
 location = {Salamanca, Spain},
 pages = {453--460},
 numpages = {8},
 url = {http://doi.acm.org/10.1145/2536536.2536606},
 doi = {10.1145/2536536.2536606},
 acmid = {2536606},
 publisher = {ACM},
 address = {New York, NY, USA},
 keywords = {computer-managed instruction, e-learning engagement, e-learning motivation and eassessments, multimedia educational resources},
}

@inproceedings{Escherle:2016:PCS:2839509.2844598,
 author = {Escherle, Nora A. and Ramirez-Ramirez, Silvia I. and Basawapatna, Ashok R. and Assaf, Dorit and Repenning, Alexander and Maiello, Carmine and Endo, Yasko Ch. and Nolazco-Flores, Juan A.},
 title = {Piloting Computer Science Education Week in Mexico},
 booktitle = {Proceedings of the 47th ACM Technical Symposium on Computing Science Education},
 series = {SIGCSE '16},
 year = {2016},
 isbn = {978-1-4503-3685-7},
 location = {Memphis, Tennessee, USA},
 pages = {431--436},
 numpages = {6},
 url = {http://doi.acm.org/10.1145/2839509.2844598},
 doi = {10.1145/2839509.2844598},
 acmid = {2844598},
 publisher = {ACM},
 address = {New York, NY, USA},
 keywords = {broadening participation, computer science education, computer science education in mexico, computer science education week, experience report, globalization of programming activities., international research},
}

@inproceedings{Rivard:2012:LWD:2317956.2318002,
 author = {Rivard, Kathryn and Faste, Haakon},
 title = {How Learning Works in Design Education: Educating for Creative Awareness Through Formative Reflexivity},
 booktitle = {Proceedings of the Designing Interactive Systems Conference},
 series = {DIS '12},
 year = {2012},
 isbn = {978-1-4503-1210-3},
 location = {Newcastle Upon Tyne, United Kingdom},
 pages = {298--307},
 numpages = {10},
 url = {http://doi.acm.org/10.1145/2317956.2318002},
 doi = {10.1145/2317956.2318002},
 acmid = {2318002},
 publisher = {ACM},
 address = {New York, NY, USA},
 keywords = {creativity, design education, feedback, fluency, formative failure, integration, knowledge, motivation, practice, transfer},
}

@inproceedings{Loudon:2017:TDU:3059454.3084340,
 author = {Loudon, Gareth and Zampelis, Dimitrios},
 title = {Technology Demo of Using Real-time Biofeedback of Heart Rate Variability Measures to Track and Help Improve Levels of Attention and Relaxation},
 booktitle = {Proceedings of the 2017 ACM SIGCHI Conference on Creativity and Cognition},
 series = {C\&\#38;C '17},
 year = {2017},
 isbn = {978-1-4503-4403-6},
 location = {Singapore, Singapore},
 pages = {257--259},
 numpages = {3},
 url = {http://doi.acm.org/10.1145/3059454.3084340},
 doi = {10.1145/3059454.3084340},
 acmid = {3084340},
 publisher = {ACM},
 address = {New York, NY, USA},
 keywords = {attention, biofeedback, creativity, flow, heart rate variability, relaxation, stress},
}

@inproceedings{Unnikrishnan:2016:ENL:2930674.2930678,
 author = {Unnikrishnan, R. and Amrita, N. and Muir, Alexander and Rao, Bhavani},
 title = {Of Elephants and Nested Loops: How to Introduce Computing to Youth in Rural India},
 booktitle = {Proceedings of the The 15th International Conference on Interaction Design and Children},
 series = {IDC '16},
 year = {2016},
 isbn = {978-1-4503-4313-8},
 location = {Manchester, United Kingdom},
 pages = {137--146},
 numpages = {10},
 url = {http://doi.acm.org/10.1145/2930674.2930678},
 doi = {10.1145/2930674.2930678},
 acmid = {2930678},
 publisher = {ACM},
 address = {New York, NY, USA},
 keywords = {Computational thinking, Digital Divide, HCI4D, ICD, ICT4D, Third World, tangible games},
}

@inproceedings{Bogdan:2009:MRT:1556460.1556490,
 author = {Bogdan, Cristian and Mayer, Rudolf},
 title = {Makumba: The Role of the Technology for the Sustainability of Amateur Programming Practice and Community},
 booktitle = {Proceedings of the Fourth International Conference on Communities and Technologies},
 series = {C\&\#38;T '09},
 year = {2009},
 isbn = {978-1-60558-713-4},
 location = {University Park, PA, USA},
 pages = {205--214},
 numpages = {10},
 url = {http://doi.acm.org/10.1145/1556460.1556490},
 doi = {10.1145/1556460.1556490},
 acmid = {1556490},
 publisher = {ACM},
 address = {New York, NY, USA},
 keywords = {amateur community, case studies, community of practice, sustainability of practice},
}

@inproceedings{Somekh:2003:CEF:1082060.1082074,
 author = {Somekh, Bridget},
 title = {Children Exploring a 'Fun' Web-site: Sites of Learning and Roles of Being},
 booktitle = {Proceedings of the International Federation for Information Processing Working Group 3.5 Open Conference on Young Children and Learning Technologies - Volume 34},
 series = {CRPIT '03},
 year = {2003},
 isbn = {1-920682-16-3},
 location = {Sydney, Australia},
 pages = {89--93},
 numpages = {5},
 url = {http://dl.acm.org/citation.cfm?id=1082060.1082074},
 acmid = {1082074},
 publisher = {Australian Computer Society, Inc.},
 address = {Darlinghurst, Australia, Australia},
 keywords = {elementary education, networks, roles and relationships, sites of learning, social contexts},
}

@inproceedings{Christel:2014:LLT:2656719.2656726,
 author = {Christel, Michael G. and Stevens, Scott M. and Maher, Bryan S. and Champer, Matthew and Collier, Samantha and Benavides, Ricardo Merchan and Brice, Sean},
 title = {Lessons Learned from Testing a Children's Educational Game Through Web Deployment},
 booktitle = {Proceedings of the 2014 ACM International Workshop on Serious Games},
 series = {SeriousGames '14},
 year = {2014},
 isbn = {978-1-4503-3121-0},
 location = {Orlando, Florida, USA},
 pages = {45--50},
 numpages = {6},
 url = {http://doi.acm.org/10.1145/2656719.2656726},
 doi = {10.1145/2656719.2656726},
 acmid = {2656726},
 publisher = {ACM},
 address = {New York, NY, USA},
 keywords = {adaptive learning, analytics, early childhood science education, educational game, game design, game metrics},
}

@inproceedings{Repenning:2016:RFE:2839509.2844597,
 author = {Repenning, Alexander and Basawapatna, Ashok and Assaf, Dorit and Maiello, Carmine and Escherle, Nora},
 title = {Retention of Flow: Evaluating a Computer Science Education Week Activity},
 booktitle = {Proceedings of the 47th ACM Technical Symposium on Computing Science Education},
 series = {SIGCSE '16},
 year = {2016},
 isbn = {978-1-4503-3685-7},
 location = {Memphis, Tennessee, USA},
 pages = {633--638},
 numpages = {6},
 url = {http://doi.acm.org/10.1145/2839509.2844597},
 doi = {10.1145/2839509.2844597},
 acmid = {2844597},
 publisher = {ACM},
 address = {New York, NY, USA},
 keywords = {computer science education, computer science education week, flow, hour of code, retention},
}

@inproceedings{Gressier:2014:SSE:2617841.2620699,
 author = {Gressier, E. and Astic, I. and Natkin, S. and Murray, J. and Kim, M. and Talcott, C. and Gautier, P.},
 title = {SeCG: Serendipity Enabled Cyber Games Project},
 booktitle = {Proceedings of the 2014 Virtual Reality International Conference},
 series = {VRIC '14},
 year = {2014},
 isbn = {978-1-4503-2626-1},
 location = {Laval, France},
 pages = {13:1--13:4},
 articleno = {13},
 numpages = {4},
 url = {http://doi.acm.org/10.1145/2617841.2620699},
 doi = {10.1145/2617841.2620699},
 acmid = {2620699},
 publisher = {ACM},
 address = {New York, NY, USA},
 keywords = {ARG, cyber objects, knowledge modeling, networked cyber physical systems, pervasive games, problem solving, transmedia storytelling},
}

@inproceedings{MoraFernandez:2008:MVI:1462039.1462045,
 author = {Mora Fern\'{a}ndez, Jorge Ignacio},
 title = {Multicultural Videos: An Interactive Online Museum Based on an International Artistic Video Database},
 booktitle = {Proceedings of the 1st ACM International Workshop on Communicability Design and Evaluation in Cultural and Ecological Multimedia System},
 series = {CommunicabilityMS '08},
 year = {2008},
 isbn = {978-1-60558-319-8},
 location = {Vancouver, British Columbia, Canada},
 pages = {23--30},
 numpages = {8},
 url = {http://doi.acm.org/10.1145/1462039.1462045},
 doi = {10.1145/1462039.1462045},
 acmid = {1462045},
 publisher = {ACM},
 address = {New York, NY, USA},
 keywords = {collaborative videos, interactive museum, multiculturalism, multimedia cultural heritage database, remix culture},
}

@inproceedings{Xu:2017:PAE:3027385.3027432,
 author = {Xu, Zhenhua and Woodruff, Earl},
 title = {Person-centered Approach to Explore Learner's Emotionality in Learning Within a 3D Narrative Game},
 booktitle = {Proceedings of the Seventh International Learning Analytics \&\#38; Knowledge Conference},
 series = {LAK '17},
 year = {2017},
 isbn = {978-1-4503-4870-6},
 location = {Vancouver, British Columbia, Canada},
 pages = {439--443},
 numpages = {5},
 url = {http://doi.acm.org/10.1145/3027385.3027432},
 doi = {10.1145/3027385.3027432},
 acmid = {3027432},
 publisher = {ACM},
 address = {New York, NY, USA},
 keywords = {affect, complex learning, educational video games, emotion, facial expression recognition, game-based learning, learner traits, scientific reasoning},
}

@inproceedings{Pelanek:2016:IDC:2883851.2883868,
 author = {Pel\'{a}nek, Radek and Rih\'{a}k, Jir\'{\i} and Papou\v{s}ek, Jan},
 title = {Impact of Data Collection on Interpretation and Evaluation of Student Models},
 booktitle = {Proceedings of the Sixth International Conference on Learning Analytics \& Knowledge},
 series = {LAK '16},
 year = {2016},
 isbn = {978-1-4503-4190-5},
 location = {Edinburgh, United Kingdom},
 pages = {40--47},
 numpages = {8},
 url = {http://doi.acm.org/10.1145/2883851.2883868},
 doi = {10.1145/2883851.2883868},
 acmid = {2883868},
 publisher = {ACM},
 address = {New York, NY, USA},
 keywords = {attition, bias, data sets, evaluation, parameter fitting, student modeling},
}

@inproceedings{Tseng:2011:CTD:1999030.1999044,
 author = {Tseng, Tiffany and Bryant, Coram and Blikstein, Paulo},
 title = {Collaboration Through Documentation: Automated Capturing of Tangible Constructions to Support Engineering Design},
 booktitle = {Proceedings of the 10th International Conference on Interaction Design and Children},
 series = {IDC '11},
 year = {2011},
 isbn = {978-1-4503-0751-2},
 location = {Ann Arbor, Michigan},
 pages = {118--126},
 numpages = {9},
 url = {http://doi.acm.org/10.1145/1999030.1999044},
 doi = {10.1145/1999030.1999044},
 acmid = {1999044},
 publisher = {ACM},
 address = {New York, NY, USA},
 keywords = {constructionism, engineering design, example-based learning, tangible interfaces},
}

@inproceedings{Oberdorfer:2019:UGK:3290605.3300405,
 author = {Oberd\"{o}rfer, Sebastian and Heidrich, David and Latoschik, Marc Erich},
 title = {Usability of Gamified Knowledge Learning in VR and Desktop-3D},
 booktitle = {Proceedings of the 2019 CHI Conference on Human Factors in Computing Systems},
 series = {CHI '19},
 year = {2019},
 isbn = {978-1-4503-5970-2},
 location = {Glasgow, Scotland Uk},
 pages = {175:1--175:13},
 articleno = {175},
 numpages = {13},
 url = {http://doi.acm.org/10.1145/3290605.3300405},
 doi = {10.1145/3290605.3300405},
 acmid = {3300405},
 publisher = {ACM},
 address = {New York, NY, USA},
 keywords = {gamification, knowledge learning, serious games design},
}

@inproceedings{Muukkonen:2009:RKP:1600053.1600111,
 author = {Muukkonen, Hanni and Inkinen, Mikko and Kosonen, Kari and Hakkarainen, Kai and Vesikivi, Petri and Lachmann, Hanna and Karlgren, Klas},
 title = {Research on Knowledge Practices with the Contextual Activity Sampling System},
 booktitle = {Proceedings of the 9th International Conference on Computer Supported Collaborative Learning - Volume 1},
 series = {CSCL'09},
 year = {2009},
 isbn = {978-1-4092-8598-4},
 location = {Rhodes, Greece},
 pages = {385--394},
 numpages = {10},
 url = {http://dl.acm.org/citation.cfm?id=1600053.1600111},
 acmid = {1600111},
 publisher = {International Society of the Learning Sciences},
}

@inproceedings{Moebs:2008:LLU:1459359.1459567,
 author = {Moebs, Sabine A.},
 title = {A Learner, is a Learner, is a User, is a Customer: QoS-based Experience-aware Adaptation},
 booktitle = {Proceedings of the 16th ACM International Conference on Multimedia},
 series = {MM '08},
 year = {2008},
 isbn = {978-1-60558-303-7},
 location = {Vancouver, British Columbia, Canada},
 pages = {1035--1038},
 numpages = {4},
 url = {http://doi.acm.org/10.1145/1459359.1459567},
 doi = {10.1145/1459359.1459567},
 acmid = {1459567},
 publisher = {ACM},
 address = {New York, NY, USA},
 keywords = {flow, learning, qoe, qos},
}

@inproceedings{Lee:2013:IAI:2493394.2493410,
 author = {Lee, Michael J. and Ko, Andrew J. and Kwan, Irwin},
 title = {In-game Assessments Increase Novice Programmers' Engagement and Level Completion Speed},
 booktitle = {Proceedings of the Ninth Annual International ACM Conference on International Computing Education Research},
 series = {ICER '13},
 year = {2013},
 isbn = {978-1-4503-2243-0},
 location = {San Diego, San California, USA},
 pages = {153--160},
 numpages = {8},
 url = {http://doi.acm.org/10.1145/2493394.2493410},
 doi = {10.1145/2493394.2493410},
 acmid = {2493410},
 publisher = {ACM},
 address = {New York, NY, USA},
 keywords = {assessment, debugging, educational game, engagement, programming, serious game, speed},
}

@inproceedings{Muukkonen:2008:CTI:1599871.1599885,
 author = {Muukkonen, Hanni and Hakkarainen, Kai and Inkinen, Mikko and Lonka, Kirsti and Salmela-Aro, Katariina},
 title = {CASS-methods and Tools for Investigating Higher Education Knowledge Practices},
 booktitle = {Proceedings of the 8th International Conference on International Conference for the Learning Sciences - Volume 2},
 series = {ICLS'08},
 year = {2008},
 location = {Utrecht, The Netherlands},
 pages = {107--114},
 numpages = {8},
 url = {http://dl.acm.org/citation.cfm?id=1599871.1599885},
 acmid = {1599885},
 publisher = {International Society of the Learning Sciences},
}

@inproceedings{Brinda:2018:SSS:3265757.3265763,
 author = {Brinda, Torsten and Napierala, Stephan and Behler, Gero Alexander},
 title = {What Do Secondary School Students Associate with the Digital World?},
 booktitle = {Proceedings of the 13th Workshop in Primary and Secondary Computing Education},
 series = {WiPSCE '18},
 year = {2018},
 isbn = {978-1-4503-6588-8},
 location = {Potsdam, Germany},
 pages = {6:1--6:10},
 articleno = {6},
 numpages = {10},
 url = {http://doi.acm.org/10.1145/3265757.3265763},
 doi = {10.1145/3265757.3265763},
 acmid = {3265763},
 publisher = {ACM},
 address = {New York, NY, USA},
 keywords = {associative spectrum, associative test, computer science, digital world, secondary education, students' interests},
}

@article{Webster:1997:AEM:264701.264706,
 author = {Webster, Jane and Ho, Hayes},
 title = {Audience Engagement in Multimedia Presentations},
 journal = {SIGMIS Database},
 issue_date = {Spring 1997},
 volume = {28},
 number = {2},
 month = apr,
 year = {1997},
 issn = {0095-0033},
 pages = {63--77},
 numpages = {15},
 url = {http://doi.acm.org/10.1145/264701.264706},
 doi = {10.1145/264701.264706},
 acmid = {264706},
 publisher = {ACM},
 address = {New York, NY, USA},
 keywords = {computer-based presentations, engagtement, playfulness},
}

@inproceedings{Hutt:2017:OFP:3079628.3079669,
 author = {Hutt, Stephen and Mills, Caitlin and Bosch, Nigel and Krasich, Kristina and Brockmole, James and D'Mello, Sidney},
 title = {"Out of the Fr-Eye-ing Pan": Towards Gaze-Based Models of Attention During Learning with Technology in the Classroom},
 booktitle = {Proceedings of the 25th Conference on User Modeling, Adaptation and Personalization},
 series = {UMAP '17},
 year = {2017},
 isbn = {978-1-4503-4635-1},
 location = {Bratislava, Slovakia},
 pages = {94--103},
 numpages = {10},
 url = {http://doi.acm.org/10.1145/3079628.3079669},
 doi = {10.1145/3079628.3079669},
 acmid = {3079669},
 publisher = {ACM},
 address = {New York, NY, USA},
 keywords = {attention-aware learning, cyberlearning, eye-gaze, intelligent tutoring systems, mind wandering},
}

@inproceedings{Choi:2016:PP:2967934.2968103,
 author = {Choi, Judeth Oden and Forlizzi, Jodi and Christel, Michael and Moeller, Rachel and Bates, MacKenzie and Hammer, Jessica},
 title = {Playtesting with a Purpose},
 booktitle = {Proceedings of the 2016 Annual Symposium on Computer-Human Interaction in Play},
 series = {CHI PLAY '16},
 year = {2016},
 isbn = {978-1-4503-4456-2},
 location = {Austin, Texas, USA},
 pages = {254--265},
 numpages = {12},
 url = {http://doi.acm.org/10.1145/2967934.2968103},
 doi = {10.1145/2967934.2968103},
 acmid = {2968103},
 publisher = {ACM},
 address = {New York, NY, USA},
 keywords = {game design, game design education, game user research, playtesting},
}

@inproceedings{Long:2019:TPE:3325480.3325505,
 author = {Long, Duri and McKlin, Tom and Weisling, Anna and Martin, William and Guthrie, Hannah and Magerko, Brian},
 title = {Trajectories of Physical Engagement and Expression in a Co-Creative Museum Installation},
 booktitle = {Proceedings of the 2019 on Creativity and Cognition},
 series = {C\&\#38;C '19},
 year = {2019},
 isbn = {978-1-4503-5917-7},
 location = {San Diego, CA, USA},
 pages = {246--257},
 numpages = {12},
 url = {http://doi.acm.org/10.1145/3325480.3325505},
 doi = {10.1145/3325480.3325505},
 acmid = {3325505},
 publisher = {ACM},
 address = {New York, NY, USA},
 keywords = {co-creativity, informal learning, physical engagement, tangible user interfaces},
}

@inproceedings{Mougenot:2017:TCW:3121283.3121292,
 author = {Mougenot, C{\'e}line and D{\'e}tienne, Fran\c{c}oise and Pennington, Miles and Baker, Michael and Corvin, Tim and Veyrier, Clair-Antoine and Arai, Kengo and Huron, Samuel},
 title = {Tensions in Creativity Workshops},
 booktitle = {Proceedings of the European Conference on Cognitive Ergonomics 2017},
 series = {ECCE 2017},
 year = {2017},
 isbn = {978-1-4503-5256-7},
 location = {Ume\&aring;, Sweden},
 pages = {93--100},
 numpages = {8},
 url = {http://doi.acm.org/10.1145/3121283.3121292},
 doi = {10.1145/3121283.3121292},
 acmid = {3121292},
 publisher = {ACM},
 address = {New York, NY, USA},
 keywords = {Group creativity, argumentation, bodystorming, design workshops, interactive dynamics, physical constraints, role play, tensions, time pressure},
}

@inproceedings{Weisz:2018:EBG:3242671.3242696,
 author = {Weisz, Justin D. and Ashoori, Maryam and Ashktorab, Zahra},
 title = {Entanglion: A Board Game for Teaching the Principles of Quantum Computing},
 booktitle = {Proceedings of the 2018 Annual Symposium on Computer-Human Interaction in Play},
 series = {CHI PLAY '18},
 year = {2018},
 isbn = {978-1-4503-5624-4},
 location = {Melbourne, VIC, Australia},
 pages = {523--534},
 numpages = {12},
 url = {http://doi.acm.org/10.1145/3242671.3242696},
 doi = {10.1145/3242671.3242696},
 acmid = {3242696},
 publisher = {ACM},
 address = {New York, NY, USA},
 keywords = {board game, game-based learning, pedagogical tools, quantum computing education},
}

@inproceedings{Dickey:2006:NLI:1179295.1179313,
 author = {Dickey, Michele D.},
 title = {"Ninja Looting" for Instructional Design: The Design Challenges of Creating a Game-based Learning Environment},
 booktitle = {ACM SIGGRAPH 2006 Educators Program},
 series = {SIGGRAPH '06},
 year = {2006},
 isbn = {1-59593-364-6},
 location = {Boston, Massachusetts},
 articleno = {17},
 url = {http://doi.acm.org/10.1145/1179295.1179313},
 doi = {10.1145/1179295.1179313},
 acmid = {1179313},
 publisher = {ACM},
 address = {New York, NY, USA},
 keywords = {education, game design, instructional design},
}

@inproceedings{Price:2017:DPF:3139513.3139517,
 author = {Price, Sara and Duffy, Sam and Gori, Monica},
 title = {Developing a Pedagogical Framework for Designing a Multisensory Serious Gaming Environment},
 booktitle = {Proceedings of the 1st ACM SIGCHI International Workshop on Multimodal Interaction for Education},
 series = {MIE 2017},
 year = {2017},
 isbn = {978-1-4503-5557-5},
 location = {Glasgow, UK},
 pages = {1--9},
 numpages = {9},
 url = {http://doi.acm.org/10.1145/3139513.3139517},
 doi = {10.1145/3139513.3139517},
 acmid = {3139517},
 publisher = {ACM},
 address = {New York, NY, USA},
 keywords = {Education, Interaction design, Participatory design, Ubiquitous and mobile computing},
}

@article{Radu:2014:ARE:2656530.2656592,
 author = {Radu, Iulian},
 title = {Augmented Reality in Education: A Meta-review and Cross-media Analysis},
 journal = {Personal Ubiquitous Comput.},
 issue_date = {August    2014},
 volume = {18},
 number = {6},
 month = aug,
 year = {2014},
 issn = {1617-4909},
 pages = {1533--1543},
 numpages = {11},
 url = {http://dx.doi.org/10.1007/s00779-013-0747-y},
 doi = {10.1007/s00779-013-0747-y},
 acmid = {2656592},
 publisher = {Springer-Verlag},
 address = {London, UK, UK},
 keywords = {Augmented reality, Children, Comparative studies, Education, Human factors},
}

@inproceedings{Apostolellis:2014:EEO:2663806.2663821,
 author = {Apostolellis, Panagiotis and Bowman, Doug A.},
 title = {Evaluating the Effects of Orchestrated, Game-based Learning in Virtual Environments for Informal Education},
 booktitle = {Proceedings of the 11th Conference on Advances in Computer Entertainment Technology},
 series = {ACE '14},
 year = {2014},
 isbn = {978-1-4503-2945-3},
 location = {Funchal, Portugal},
 pages = {4:1--4:10},
 articleno = {4},
 numpages = {10},
 url = {http://doi.acm.org/10.1145/2663806.2663821},
 doi = {10.1145/2663806.2663821},
 acmid = {2663821},
 publisher = {ACM},
 address = {New York, NY, USA},
 keywords = {collaborative learning, contextual learning, museums, serious games, virtual environments},
}

@inproceedings{Garzotto:2007:IEE:1297277.1297284,
 author = {Garzotto, Franca},
 title = {Investigating the Educational Effectiveness of Multiplayer Online Games for Children},
 booktitle = {Proceedings of the 6th International Conference on Interaction Design and Children},
 series = {IDC '07},
 year = {2007},
 isbn = {978-1-59593-747-6},
 location = {Aalborg, Denmark},
 pages = {29--36},
 numpages = {8},
 url = {http://doi.acm.org/10.1145/1297277.1297284},
 doi = {10.1145/1297277.1297284},
 acmid = {1297284},
 publisher = {ACM},
 address = {New York, NY, USA},
 keywords = {children, collaborative learning, empirical testing, heuristics, inspection, multiplayer game, on-line edutaiment, social interaction},
}

@inproceedings{Arawjo:2017:TPG:3025453.3025711,
 author = {Arawjo, Ian and Wang, Cheng-Yao and Myers, Andrew C. and Andersen, Erik and Guimbreti\`{e}re, Fran\c{c}ois},
 title = {Teaching Programming with Gamified Semantics},
 booktitle = {Proceedings of the 2017 CHI Conference on Human Factors in Computing Systems},
 series = {CHI '17},
 year = {2017},
 isbn = {978-1-4503-4655-9},
 location = {Denver, Colorado, USA},
 pages = {4911--4923},
 numpages = {13},
 url = {http://doi.acm.org/10.1145/3025453.3025711},
 doi = {10.1145/3025453.3025711},
 acmid = {3025711},
 publisher = {ACM},
 address = {New York, NY, USA},
 keywords = {block-based programming, concreteness fading, educational games, novice programming},
}

@inproceedings{Muukkonen:2007:PCR:1599600.1599699,
 author = {Muukkonen, Hanni and Hakkarainen, Kai and Kosonen, Kari and Jalonen, Satu and Heikkil\"{a}, Annamari and Lonka, Kirsti and Salmela-Aro, Katariina and Linnanen, Juha and Salo, Kari},
 title = {Process-and Context-sensitive Research on Academic Knowledge Practices: Developing CASS-tools and Methods},
 booktitle = {Proceedings of the 8th Iternational Conference on Computer Supported Collaborative Learning},
 series = {CSCL'07},
 year = {2007},
 isbn = {978-0-6151-5436-7},
 location = {New Brunswick, New Jersey, USA},
 pages = {545--547},
 numpages = {3},
 url = {http://dl.acm.org/citation.cfm?id=1599600.1599699},
 acmid = {1599699},
 publisher = {International Society of the Learning Sciences},
}

@inproceedings{Kim:2017:IVN:3139131.3141207,
 author = {Kim, Soomin and Maeng, Wookjae and Oh, Cindy and Lee, Joonmin and Lee, Seo-young and Choi, Jeewon and Hwang, Gil Whan and Hwang, Guhyun and Kim, Hyunsung and Kim, Joonseok and Lee, Joonhwan},
 title = {Immersive VR for Numerical Engagement},
 booktitle = {Proceedings of the 23rd ACM Symposium on Virtual Reality Software and Technology},
 series = {VRST '17},
 year = {2017},
 isbn = {978-1-4503-5548-3},
 location = {Gothenburg, Sweden},
 pages = {64:1--64:2},
 articleno = {64},
 numpages = {2},
 url = {http://doi.acm.org/10.1145/3139131.3141207},
 doi = {10.1145/3139131.3141207},
 acmid = {3141207},
 publisher = {ACM},
 address = {New York, NY, USA},
 keywords = {engagement strategies, numeracy, numerical information},
}

@inproceedings{Hamilton:2007:PGC:1599600.1599647,
 author = {Hamilton, Eric R.},
 title = {Principles and Grand Challenges for the Future: A Prospectus for the Computer-supported Collaborative Learning (CSCL) Community},
 booktitle = {Proceedings of the 8th Iternational Conference on Computer Supported Collaborative Learning},
 series = {CSCL'07},
 year = {2007},
 isbn = {978-0-6151-5436-7},
 location = {New Brunswick, New Jersey, USA},
 pages = {247--256},
 numpages = {10},
 url = {http://dl.acm.org/citation.cfm?id=1599600.1599647},
 acmid = {1599647},
 publisher = {International Society of the Learning Sciences},
}

@inproceedings{Tolentino:2008:CIP:1358628.1358771,
 author = {Tolentino, Lisa M. and Kelliher, Aisling and Birchfield, David A. and Stern, Rebecca P.},
 title = {Creativity Interventions: Physical-digital Activities for Promoting Group Creativity},
 booktitle = {CHI '08 Extended Abstracts on Human Factors in Computing Systems},
 series = {CHI EA '08},
 year = {2008},
 isbn = {978-1-60558-012-8},
 location = {Florence, Italy},
 pages = {2841--2846},
 numpages = {6},
 url = {http://doi.acm.org/10.1145/1358628.1358771},
 doi = {10.1145/1358628.1358771},
 acmid = {1358771},
 publisher = {ACM},
 address = {New York, NY, USA},
 keywords = {collaborative performance, creativity intervention, physical-digital activity, play},
}

@inproceedings{Fischer:2007:DSE:1599600.1599602,
 author = {Fischer, Gerhard},
 title = {Designing Socio-technical Environments in Support of Meta-design and Social Creativity},
 booktitle = {Proceedings of the 8th Iternational Conference on Computer Supported Collaborative Learning},
 series = {CSCL'07},
 year = {2007},
 isbn = {978-0-6151-5436-7},
 location = {New Brunswick, New Jersey, USA},
 pages = {2--11},
 numpages = {10},
 url = {http://dl.acm.org/citation.cfm?id=1599600.1599602},
 acmid = {1599602},
 publisher = {International Society of the Learning Sciences},
 keywords = {design, gift-wrapping, meta-design, reflective communities, social creativity, social production, socio-technical environments, symmetry of ignorance},
}

@inproceedings{Baytiyeh:2009:WW:1600053.1600117,
 author = {Baytiyeh, Hoda and Pfaffman, Jay},
 title = {Why Be a Wikipedian},
 booktitle = {Proceedings of the 9th International Conference on Computer Supported Collaborative Learning - Volume 1},
 series = {CSCL'09},
 year = {2009},
 isbn = {978-1-4092-8598-4},
 location = {Rhodes, Greece},
 pages = {434--443},
 numpages = {10},
 url = {http://dl.acm.org/citation.cfm?id=1600053.1600117},
 acmid = {1600117},
 publisher = {International Society of the Learning Sciences},
}

@inproceedings{Ossiannilsson:2017:TFL:3136907.3136929,
 author = {Ossiannilsson, Ebba and Ioannides, Nicolas},
 title = {Towards a Framework and Learning Methodology for Innovative Mobile Learning: A Theoretical Approach},
 booktitle = {Proceedings of the 16th World Conference on Mobile and Contextual Learning},
 series = {mLearn 2017},
 year = {2017},
 isbn = {978-1-4503-5255-0},
 location = {Larnaca, Cyprus},
 pages = {7:1--7:8},
 articleno = {7},
 numpages = {8},
 url = {http://doi.acm.org/10.1145/3136907.3136929},
 doi = {10.1145/3136907.3136929},
 acmid = {3136929},
 publisher = {ACM},
 address = {New York, NY, USA},
 keywords = {Challenge-based learning, Framework, Innovative learning, Learning methodology, Mobile learning, Personal learning, Theoretical approach},
}

@inproceedings{Gama:2019:DCP:3304221.3319777,
 author = {Gama, Kiev},
 title = {Developing Course Projects in a Hack Day: An Experience Report},
 booktitle = {Proceedings of the 2019 ACM Conference on Innovation and Technology in Computer Science Education},
 series = {ITiCSE '19},
 year = {2019},
 isbn = {978-1-4503-6301-3},
 location = {Aberdeen, Scotland Uk},
 pages = {388--394},
 numpages = {7},
 url = {http://doi.acm.org/10.1145/3304221.3319777},
 doi = {10.1145/3304221.3319777},
 acmid = {3319777},
 publisher = {ACM},
 address = {New York, NY, USA},
 keywords = {challenge-based learning, hackathon, peer learning, project-based learning},
}

@article{Egenfeldt-Nielsen:2011:MGL:1943208.1943210,
 author = {Egenfeldt-Nielsen, Simon},
 title = {What Makes a Good Learning Game?: Going Beyond Edutainment},
 journal = {eLearn},
 issue_date = {February 2011},
 volume = {2011},
 number = {2},
 month = feb,
 year = {2011},
 issn = {1535-394X},
 articleno = {2},
 url = {http://doi.acm.org/10.1145/1943208.1943210},
 doi = {10.1145/1943208.1943210},
 acmid = {1943210},
 publisher = {ACM},
 address = {New York, NY, USA},
}

@inproceedings{Songer:2014:PAM:2669711.2669901,
 author = {Songer, Robert W. and Miyata, Kazunori},
 title = {A Playful Affordances Model for Gameful Learning},
 booktitle = {Proceedings of the Second International Conference on Technological Ecosystems for Enhancing Multiculturality},
 series = {TEEM '14},
 year = {2014},
 isbn = {978-1-4503-2896-8},
 location = {Salamanca, Spain},
 pages = {205--213},
 numpages = {9},
 url = {http://doi.acm.org/10.1145/2669711.2669901},
 doi = {10.1145/2669711.2669901},
 acmid = {2669901},
 publisher = {ACM},
 address = {New York, NY, USA},
 keywords = {gameful design, gamification, learning, motivation, play},
}

@inproceedings{Barab:2008:CPS:1599936.1600017,
 author = {Barab, Sasha and Ingram-Goble, Adam and Gresalfi, Melissa and Arici, Anna and Siyahhan, Sinem and Dodge, Tyler and Hay, Ken},
 title = {Conceptual Play Spaces and the Quest Atlantis Project},
 booktitle = {Proceedings of the 8th International Conference on International Conference for the Learning Sciences - Volume 3},
 series = {ICLS'08},
 year = {2008},
 location = {Utrecht, The Netherlands},
 pages = {190--197},
 numpages = {8},
 url = {http://dl.acm.org/citation.cfm?id=1599936.1600017},
 acmid = {1600017},
 publisher = {International Society of the Learning Sciences},
}

@inproceedings{Hansen:2010:MUD:1899475.1899492,
 author = {Hansen, Frank Allan and Kortbek, Karen Johanne and Gr{\o}nb{\ae}k, Kaj},
 title = {Mobile Urban Drama for Multimedia-based Out-of-school Learning},
 booktitle = {Proceedings of the 9th International Conference on Mobile and Ubiquitous Multimedia},
 series = {MUM '10},
 year = {2010},
 isbn = {978-1-4503-0424-5},
 location = {Limassol, Cyprus},
 pages = {17:1--17:10},
 articleno = {17},
 numpages = {10},
 url = {http://doi.acm.org/10.1145/1899475.1899492},
 doi = {10.1145/1899475.1899492},
 acmid = {1899492},
 publisher = {ACM},
 address = {New York, NY, USA},
 keywords = {2D barcodes, context-aware media management, engaging experiences, interactive audio, location-based technology, mobile urban drama, multimedia production, sensor/actuator based interaction, urban computing},
}

@inproceedings{Jonker:2008:TME:1599812.1599861,
 author = {Jonker, Vincent and Wijers, Monica},
 title = {Th!Nklets for Mathematics Education: Re-using Computer Games Characteristics in Educational Software},
 booktitle = {Proceedings of the 8th International Conference on International Conference for the Learning Sciences - Volume 1},
 series = {ICLS'08},
 year = {2008},
 location = {Utrecht, The Netherlands},
 pages = {406--413},
 numpages = {8},
 url = {http://dl.acm.org/citation.cfm?id=1599812.1599861},
 acmid = {1599861},
 publisher = {International Society of the Learning Sciences},
}

@inproceedings{Wen:2019:WEA:3290605.3300338,
 author = {Wen, Zikai Alex and Lin, Zhiqiu and Chen, Rowena and Andersen, Erik},
 title = {What.Hack: Engaging Anti-Phishing Training Through a Role-playing Phishing Simulation Game},
 booktitle = {Proceedings of the 2019 CHI Conference on Human Factors in Computing Systems},
 series = {CHI '19},
 year = {2019},
 isbn = {978-1-4503-5970-2},
 location = {Glasgow, Scotland Uk},
 pages = {108:1--108:12},
 articleno = {108},
 numpages = {12},
 url = {http://doi.acm.org/10.1145/3290605.3300338},
 doi = {10.1145/3290605.3300338},
 acmid = {3300338},
 publisher = {ACM},
 address = {New York, NY, USA},
 keywords = {anti-phishing, applied game, situated learning},
}

@inproceedings{Engelman:2017:CAS:3017680.3017763,
 author = {Engelman, Shelly and Magerko, Brian and McKlin, Tom and Miller, Morgan and Edwards, Doug and Freeman, Jason},
 title = {Creativity in Authentic STEAM Education with EarSketch},
 booktitle = {Proceedings of the 2017 ACM SIGCSE Technical Symposium on Computer Science Education},
 series = {SIGCSE '17},
 year = {2017},
 isbn = {978-1-4503-4698-6},
 location = {Seattle, Washington, USA},
 pages = {183--188},
 numpages = {6},
 url = {http://doi.acm.org/10.1145/3017680.3017763},
 doi = {10.1145/3017680.3017763},
 acmid = {3017763},
 publisher = {ACM},
 address = {New York, NY, USA},
 keywords = {computer science education, creativity, earsketch, steam education},
}

@inproceedings{Korn:2019:AEG:3316782.3316783,
 author = {Korn, Oliver and Rees, Adrian},
 title = {Affective Effects of Gamification: Using Biosignals to Measure the Effects on Working and Learning Users},
 booktitle = {Proceedings of the 12th ACM International Conference on PErvasive Technologies Related to Assistive Environments},
 series = {PETRA '19},
 year = {2019},
 isbn = {978-1-4503-6232-0},
 location = {Rhodes, Greece},
 pages = {1--10},
 numpages = {10},
 url = {http://doi.acm.org/10.1145/3316782.3316783},
 doi = {10.1145/3316782.3316783},
 acmid = {3316783},
 publisher = {ACM},
 address = {New York, NY, USA},
 keywords = {affective computing, affects, biosignals, emotions, gamification, physiological signals, playful design},
}

