@article{Wei:2008:DAV:1295109.1295145,
 author = {Wei, Xiaoming and Murray, Keitha},
 title = {A Detail+Context Approach to Visualize Function Calls},
 journal = {J. Comput. Sci. Coll.},
 issue_date = {January 2008},
 volume = {23},
 number = {3},
 month = jan,
 year = {2008},
 issn = {1937-4771},
 pages = {162--167},
 numpages = {6},
 url = {http://dl.acm.org/citation.cfm?id=1295109.1295145},
 acmid = {1295145},
 publisher = {Consortium for Computing Sciences in Colleges},
 address = {USA},
}

@inproceedings{Alisch:2013:REI:2532748.2532779,
 author = {Alisch, Sven},
 title = {Results of an Expert Interview As Foundation for a Study About the Pedagogical Added Value by Informatics in Context},
 booktitle = {Proceedings of the 8th Workshop in Primary and Secondary Computing Education},
 series = {WiPSE '13},
 year = {2013},
 isbn = {978-1-4503-2455-7},
 location = {Aarhus, Denmark},
 pages = {29--30},
 numpages = {2},
 url = {http://doi.acm.org/10.1145/2532748.2532779},
 doi = {10.1145/2532748.2532779},
 acmid = {2532779},
 publisher = {ACM},
 address = {New York, NY, USA},
 keywords = {formal grammar, formal language, functional programming, informatics in context, language translation, speech},
}

@inproceedings{Homer:2018:CAD:3183654.3183696,
 author = {Homer, Bruce D. and Ober, Teresa M. and Flynn, Rachel M.},
 title = {Children and Adolescents' Development of Executive Functions in Digital Contexts},
 booktitle = {Proceedings of the Technology, Mind, and Society},
 series = {TechMindSociety '18},
 year = {2018},
 isbn = {978-1-4503-5420-2},
 location = {Washington, DC, USA},
 pages = {17:1--17:3},
 articleno = {17},
 numpages = {3},
 url = {http://doi.acm.org/10.1145/3183654.3183696},
 doi = {10.1145/3183654.3183696},
 acmid = {3183696},
 publisher = {ACM},
 address = {New York, NY, USA},
 keywords = {Adolescence, Childhood, Cognitive processes, Development, Empirical studies, Executive Functions, Video Games},
}

@inproceedings{vanStaden:2015:ETU:2815782.2815821,
 author = {van Staden, Corn\`{e} J. and van Biljon, Judy A. and Kroeze, Jan H.},
 title = {eModeration: Towards a User Experience Evaluation Framework},
 booktitle = {Proceedings of the 2015 Annual Research Conference on South African Institute of Computer Scientists and Information Technologists},
 series = {SAICSIT '15},
 year = {2015},
 isbn = {978-1-4503-3683-3},
 location = {Stellenbosch, South Africa},
 pages = {39:1--39:11},
 articleno = {39},
 numpages = {11},
 url = {http://doi.acm.org/10.1145/2815782.2815821},
 doi = {10.1145/2815782.2815821},
 acmid = {2815821},
 publisher = {ACM},
 address = {New York, NY, USA},
 keywords = {eModeration, eModerators, effectiveness, efficiency, functionality, user experience},
}

@inproceedings{Mirolo:2011:IRE:1999747.1999876,
 author = {Mirolo, Claudio},
 title = {Is Iteration Really Easier to Master Than Recursion: An Investigation in a Functional-first CS1 Context},
 booktitle = {Proceedings of the 16th Annual Joint Conference on Innovation and Technology in Computer Science Education},
 series = {ITiCSE '11},
 year = {2011},
 isbn = {978-1-4503-0697-3},
 location = {Darmstadt, Germany},
 pages = {362--362},
 numpages = {1},
 url = {http://doi.acm.org/10.1145/1999747.1999876},
 doi = {10.1145/1999747.1999876},
 acmid = {1999876},
 publisher = {ACM},
 address = {New York, NY, USA},
 keywords = {iteration, programming learning, recursion},
}

@inproceedings{Bezakova:2013:BGS:2445196.2445210,
 author = {Bezakova, Ivona and Heliotis, James E. and Strout, Sean P.},
 title = {Board Game Strategies in Introductory Computer Science},
 booktitle = {Proceeding of the 44th ACM Technical Symposium on Computer Science Education},
 series = {SIGCSE '13},
 year = {2013},
 isbn = {978-1-4503-1868-6},
 location = {Denver, Colorado, USA},
 pages = {17--22},
 numpages = {6},
 url = {http://doi.acm.org/10.1145/2445196.2445210},
 doi = {10.1145/2445196.2445210},
 acmid = {2445210},
 publisher = {ACM},
 address = {New York, NY, USA},
 keywords = {basic data structures and algorithms, introductory computer science, learning in context, open-ended project},
}

@article{Ferrer:2012:IPG:2382887.2382904,
 author = {Ferrer, Gabriel J.},
 title = {An Interactive Parser Generator for Context-free Grammars},
 journal = {J. Comput. Sci. Coll.},
 issue_date = {December 2012},
 volume = {28},
 number = {2},
 month = dec,
 year = {2012},
 issn = {1937-4771},
 pages = {103--110},
 numpages = {8},
 url = {http://dl.acm.org/citation.cfm?id=2382887.2382904},
 acmid = {2382904},
 publisher = {Consortium for Computing Sciences in Colleges},
 address = {USA},
}

@inproceedings{Tirronen:2012:DEL:2401796.2401805,
 author = {Tirronen, Ville and Isom\"{o}tt\"{o}nen, Ville},
 title = {On the Design of Effective Learning Materials for Supporting Self-directed Learning of Programming},
 booktitle = {Proceedings of the 12th Koli Calling International Conference on Computing Education Research},
 series = {Koli Calling '12},
 year = {2012},
 isbn = {978-1-4503-1795-5},
 location = {Koli, Finland},
 pages = {74--82},
 numpages = {9},
 url = {http://doi.acm.org/10.1145/2401796.2401805},
 doi = {10.1145/2401796.2401805},
 acmid = {2401805},
 publisher = {ACM},
 address = {New York, NY, USA},
 keywords = {cognitive load theory, functional programming, programming education, self-direction},
}

@article{Isomottonen:2016:FBA:3003827.2934697,
 author = {Isom\"{o}tt\"{o}nen, Ville and Tirronen, Ville},
 title = {Flipping and Blending\&Mdash;An Action Research Project on Improving a Functional Programming Course},
 journal = {Trans. Comput. Educ.},
 issue_date = {January 2017},
 volume = {17},
 number = {1},
 month = sep,
 year = {2016},
 issn = {1946-6226},
 pages = {1:1--1:35},
 articleno = {1},
 numpages = {35},
 url = {http://doi.acm.org/10.1145/2934697},
 doi = {10.1145/2934697},
 acmid = {2934697},
 publisher = {ACM},
 address = {New York, NY, USA},
 keywords = {Action research, blended learning, flipped classroom, functional programming, independent study},
}

@article{Liu:2009:TFM:1595453.1595457,
 author = {Liu, Shaoying and Takahashi, Kazuhiro and Hayashi, Toshinori and Nakayama, Toshihiro},
 title = {Teaching Formal Methods in the Context of Software Engineering},
 journal = {SIGCSE Bull.},
 issue_date = {June 2009},
 volume = {41},
 number = {2},
 month = jun,
 year = {2009},
 issn = {0097-8418},
 pages = {17--23},
 numpages = {7},
 url = {http://doi.acm.org/10.1145/1595453.1595457},
 doi = {10.1145/1595453.1595457},
 acmid = {1595457},
 publisher = {ACM},
 address = {New York, NY, USA},
 keywords = {education, formal engineering methods, formal methods, software engineering, teaching methods},
}

@inproceedings{Slay:2003:ALE:858403.858434,
 author = {Slay, J. and Quirchmayr, G. and Kurzel, F. and Hagenus, K.},
 title = {Adaptive Learning Environments for CS Education: From AMLE to Live Spaces},
 booktitle = {Proceedings of the Fifth Australasian Conference on Computing Education - Volume 20},
 series = {ACE '03},
 year = {2003},
 isbn = {0-909925-98-4},
 location = {Adelaide, Australia},
 pages = {257--262},
 numpages = {6},
 url = {http://dl.acm.org/citation.cfm?id=858403.858434},
 acmid = {858434},
 publisher = {Australian Computer Society, Inc.},
 address = {Darlinghurst, Australia, Australia},
 keywords = {adaptive context- aware learning environments, computer science education, life-long learning},
}

@inproceedings{Wakeling:2008:RCR:1411260.1411268,
 author = {Wakeling, David},
 title = {A Robot in Every Classroom: Robots and Functional Programming Across the Curriculum},
 booktitle = {Proceedings of the 2008 International Workshop on Functional and Declarative Programming in Education},
 series = {FDPE '08},
 year = {2008},
 isbn = {978-1-60558-068-5},
 location = {Victoria, BC, Canada},
 pages = {51--60},
 numpages = {10},
 url = {http://doi.acm.org/10.1145/1411260.1411268},
 doi = {10.1145/1411260.1411268},
 acmid = {1411268},
 publisher = {ACM},
 address = {New York, NY, USA},
 keywords = {haskell, lego mindstorms, teaching},
}

@inproceedings{Diethelm:2012:STP:2401796.2401823,
 author = {Diethelm, Ira and Hubwieser, Peter and Klaus, Robert},
 title = {Students, Teachers and Phenomena: Educational Reconstruction for Computer Science Education},
 booktitle = {Proceedings of the 12th Koli Calling International Conference on Computing Education Research},
 series = {Koli Calling '12},
 year = {2012},
 isbn = {978-1-4503-1795-5},
 location = {Koli, Finland},
 pages = {164--173},
 numpages = {10},
 url = {http://doi.acm.org/10.1145/2401796.2401823},
 doi = {10.1145/2401796.2401823},
 acmid = {2401823},
 publisher = {ACM},
 address = {New York, NY, USA},
 keywords = {computer science in context, computer science in secondary education, educational reconstruction, pedagogy, phenomena, students' perceptions and beliefs, teaching framework},
}

@inproceedings{Mirolo:2019:ENP:3304221.3319746,
 author = {Mirolo, Claudio and Izu, Cruz},
 title = {An Exploration of Novice Programmers' Comprehension of Conditionals in Imperative and Functional Programming},
 booktitle = {Proceedings of the 2019 ACM Conference on Innovation and Technology in Computer Science Education},
 series = {ITiCSE '19},
 year = {2019},
 isbn = {978-1-4503-6301-3},
 location = {Aberdeen, Scotland Uk},
 pages = {436--442},
 numpages = {7},
 url = {http://doi.acm.org/10.1145/3304221.3319746},
 doi = {10.1145/3304221.3319746},
 acmid = {3319746},
 publisher = {ACM},
 address = {New York, NY, USA},
 keywords = {cs1, imperative vs. functional programming, program comprehension, reversibility, solo taxonomy},
}

@inproceedings{Conde:2015:DDN:2808580.2808682,
 author = {Conde, Miguel \'{A}. and Esteban-Costales, Gonzalo and Rodr\'{\i}guez-M{\'e}ndez, Victor and Fern\'{a}ndez-LLamas, Camino and Amador, Luis A.},
 title = {Definition and Deployment of a Non-formal Learning Environment in a Business Context},
 booktitle = {Proceedings of the 3rd International Conference on Technological Ecosystems for Enhancing Multiculturality},
 series = {TEEM '15},
 year = {2015},
 isbn = {978-1-4503-3442-6},
 location = {Porto, Portugal},
 pages = {667--673},
 numpages = {7},
 url = {http://doi.acm.org/10.1145/2808580.2808682},
 doi = {10.1145/2808580.2808682},
 acmid = {2808682},
 publisher = {ACM},
 address = {New York, NY, USA},
 keywords = {big virtual campus installations, high availability, learning content management systems, moodle, non-formal learning},
}

@inproceedings{Fleck:2017:THS:3132129.3132143,
 author = {Fleck, St{\'e}phanie and Baraudon, Charlotte and Frey, J{\'e}r{\'e}my and Lain{\'e}, Thibault and Hachet, Martin},
 title = {Teegi, He's So Cute: Example of Pedagogical Potential Testing of an Interactive Tangible Interface for Children at School},
 booktitle = {Proceedings of the 29th Conference on L'Interaction Homme-Machine},
 series = {IHM '17},
 year = {2018},
 isbn = {978-1-4503-5109-6},
 location = {Poitiers, France},
 pages = {1--12},
 numpages = {12},
 url = {http://doi.acm.org/10.1145/3132129.3132143},
 doi = {10.1145/3132129.3132143},
 acmid = {3132143},
 publisher = {ACM},
 address = {New York, NY, USA},
 keywords = {child-computer interaction, education, educative potential, school context, tangible interface, usability testing},
}

@inproceedings{Peterson:2005:MCL:1095242.1095253,
 author = {Peterson, John},
 title = {Media Centered Languages for New Computing Experiences},
 booktitle = {Proceedings of the 2005 Conference on Diversity in Computing},
 series = {TAPIA '05},
 year = {2005},
 isbn = {1-59593-257-7},
 location = {Albuquerque, New Mexico, USA},
 pages = {23--25},
 numpages = {3},
 url = {http://doi.acm.org/10.1145/1095242.1095253},
 doi = {10.1145/1095242.1095253},
 acmid = {1095253},
 publisher = {ACM},
 address = {New York, NY, USA},
 keywords = {functional programming, introductory programming languages, media-based languages},
}

@inproceedings{Kynigos:2017:RHR:3078072.3084319,
 author = {Kynigos, Chronis and Grizioti, Marianthi and Nikitopoulou, Sofia},
 title = {RobIn: A Half-baked Robot for Electronics in a STEM Context},
 booktitle = {Proceedings of the 2017 Conference on Interaction Design and Children},
 series = {IDC '17},
 year = {2017},
 isbn = {978-1-4503-4921-5},
 location = {Stanford, California, USA},
 pages = {521--526},
 numpages = {6},
 url = {http://doi.acm.org/10.1145/3078072.3084319},
 doi = {10.1145/3078072.3084319},
 acmid = {3084319},
 publisher = {ACM},
 address = {New York, NY, USA},
 keywords = {STEM, boundary crossing, educational robotics},
}

@inproceedings{Muller:2014:EUP:2677972.2677983,
 author = {M\"{u}ller, Maximilian and Otero, Nuno and Alissandrakis, Aris and Milrad, Marcelo},
 title = {Evaluating Usage Patterns and Adoption of an Interactive Video Installation on Public Displays in School Contexts},
 booktitle = {Proceedings of the 13th International Conference on Mobile and Ubiquitous Multimedia},
 series = {MUM '14},
 year = {2014},
 isbn = {978-1-4503-3304-7},
 location = {Melbourne, Victoria, Australia},
 pages = {160--169},
 numpages = {10},
 url = {http://doi.acm.org/10.1145/2677972.2677983},
 doi = {10.1145/2677972.2677983},
 acmid = {2677983},
 publisher = {ACM},
 address = {New York, NY, USA},
 keywords = {field study, in-situ evaluation, public display, technology-enhanced learning, usage patterns, video installation},
}

@inproceedings{Bdiwi:2015:MMP:2837126.2837168,
 author = {Bdiwi, Rawia and Bargaoui, Hichem},
 title = {Mobile Multimedia Platform for Collaborative Learning in Virtual Mobility Context},
 booktitle = {Proceedings of the 13th International Conference on Advances in Mobile Computing and Multimedia},
 series = {MoMM 2015},
 year = {2015},
 isbn = {978-1-4503-3493-8},
 location = {Brussels, Belgium},
 pages = {80--83},
 numpages = {4},
 url = {http://doi.acm.org/10.1145/2837126.2837168},
 doi = {10.1145/2837126.2837168},
 acmid = {2837168},
 publisher = {ACM},
 address = {New York, NY, USA},
 keywords = {Virtual mobility, blended workspace, collaborative learning, interactive multimedia system, mobile learning, video on demand},
}

@inproceedings{Clow:2011:IAP:2090116.2090121,
 author = {Clow, Doug and Makriyannis, Elpida},
 title = {iSpot Analysed: Participatory Learning and Reputation},
 booktitle = {Proceedings of the 1st International Conference on Learning Analytics and Knowledge},
 series = {LAK '11},
 year = {2011},
 isbn = {978-1-4503-0944-8},
 location = {Banff, Alberta, Canada},
 pages = {34--43},
 numpages = {10},
 url = {http://doi.acm.org/10.1145/2090116.2090121},
 doi = {10.1145/2090116.2090121},
 acmid = {2090121},
 publisher = {ACM},
 address = {New York, NY, USA},
 keywords = {analytics, participatory learning, power laws, reputation, reputation systems, social networks, social objects, wildlife},
}

@inproceedings{Chin-Bang:2009:CCE:1655925.1656017,
 author = {Chin-Bang, Yao},
 title = {Context-aware Customization e-Learning System with Intelligent On-line Examination Mechanism},
 booktitle = {Proceedings of the 2Nd International Conference on Interaction Sciences: Information Technology, Culture and Human},
 series = {ICIS '09},
 year = {2009},
 isbn = {978-1-60558-710-3},
 location = {Seoul, Korea},
 pages = {502--507},
 numpages = {6},
 url = {http://doi.acm.org/10.1145/1655925.1656017},
 doi = {10.1145/1655925.1656017},
 acmid = {1656017},
 publisher = {ACM},
 address = {New York, NY, USA},
 keywords = {context-aware, customization learning, data mining, e-learning, green test-paper, multi-agent, on-line examination, personal learning profile, recommending mechanism},
}

@inproceedings{Whaley:1991:FPV:107004.107027,
 author = {Whaley, Tom},
 title = {A Framework for Program Verification in the Context of Linked Structures and Pointer Variables},
 booktitle = {Proceedings of the Twenty-second SIGCSE Technical Symposium on Computer Science Education},
 series = {SIGCSE '91},
 year = {1991},
 isbn = {0-89791-377-9},
 location = {San Antonio, Texas, USA},
 pages = {119--123},
 numpages = {5},
 url = {http://doi.acm.org/10.1145/107004.107027},
 doi = {10.1145/107004.107027},
 acmid = {107027},
 publisher = {ACM},
 address = {New York, NY, USA},
}

@article{Whaley:1991:FPV:107005.107027,
 author = {Whaley, Tom},
 title = {A Framework for Program Verification in the Context of Linked Structures and Pointer Variables},
 journal = {SIGCSE Bull.},
 issue_date = {Mar. 1991},
 volume = {23},
 number = {1},
 month = mar,
 year = {1991},
 issn = {0097-8418},
 pages = {119--123},
 numpages = {5},
 url = {http://doi.acm.org/10.1145/107005.107027},
 doi = {10.1145/107005.107027},
 acmid = {107027},
 publisher = {ACM},
 address = {New York, NY, USA},
}

@inproceedings{Hladka:2008:ACO:1631836.1631841,
 author = {Hladk\'{a}, Barbora and Ku\v{c}ra, Ond\v{r}ej},
 title = {An Annotated Corpus Outside Its Original Context: A Corpus-based Exercise Book},
 booktitle = {Proceedings of the Third Workshop on Innovative Use of NLP for Building Educational Applications},
 series = {EANL '08},
 year = {2008},
 isbn = {978-1-932432-08-4},
 location = {Columbus, Ohio},
 pages = {36--43},
 numpages = {8},
 url = {http://dl.acm.org/citation.cfm?id=1631836.1631841},
 acmid = {1631841},
 publisher = {Association for Computational Linguistics},
 address = {Stroudsburg, PA, USA},
}

@inproceedings{Molleri:2019:ESA:3319008.3319357,
 author = {Moll{\'e}ri, Jefferson Seide and Nurdiani, Indira and Fotrousi, Farnaz and Petersen, Kai},
 title = {Experiences of Studying Attention Through EEG in the Context of Review Tasks},
 booktitle = {Proceedings of the Evaluation and Assessment on Software Engineering},
 series = {EASE '19},
 year = {2019},
 isbn = {978-1-4503-7145-2},
 location = {Copenhagen, Denmark},
 pages = {313--318},
 numpages = {6},
 url = {http://doi.acm.org/10.1145/3319008.3319357},
 doi = {10.1145/3319008.3319357},
 acmid = {3319357},
 publisher = {ACM},
 address = {New York, NY, USA},
 keywords = {Electroencephalogram, attention, experiment, human subjects},
}

@inproceedings{Fordham:2015:MMI:2676723.2691878,
 author = {Fordham, Eileen and Freger, Halley and Hinchman-Dominguez, Amanda and Mitchell, Alexander and Rebelsky, Daniel and Tsou, Victoria and Wheeler, Earnest and Wolter, Zoe and Rebelsky, Samuel A.},
 title = {MIST, The Mathematical Image Synthesis Toolkit},
 booktitle = {Proceedings of the 46th ACM Technical Symposium on Computer Science Education},
 series = {SIGCSE '15},
 year = {2015},
 isbn = {978-1-4503-2966-8},
 location = {Kansas City, Missouri, USA},
 pages = {599--599},
 numpages = {1},
 url = {http://doi.acm.org/10.1145/2676723.2691878},
 doi = {10.1145/2676723.2691878},
 acmid = {2691878},
 publisher = {ACM},
 address = {New York, NY, USA},
 keywords = {animation, computational thinking, functional programming, open source, social media, web software},
}

@inproceedings{Noor:2015:ITD:2701126.2701183,
 author = {Noor, Myzan Binti},
 title = {The Interactive Technological Devices: Play or Learn?},
 booktitle = {Proceedings of the 9th International Conference on Ubiquitous Information Management and Communication},
 series = {IMCOM '15},
 year = {2015},
 isbn = {978-1-4503-3377-1},
 location = {Bali, Indonesia},
 pages = {28:1--28:9},
 articleno = {28},
 numpages = {9},
 url = {http://doi.acm.org/10.1145/2701126.2701183},
 doi = {10.1145/2701126.2701183},
 acmid = {2701183},
 publisher = {ACM},
 address = {New York, NY, USA},
 keywords = {children's learning development, cognitive learning development, human psychological functions, interactive technological devices, social tools},
}

@inproceedings{Harfield:2014:TUC:2567574.2567607,
 author = {Harfield, Timothy D.},
 title = {Teaching the Unteachable: On the Compatibility of Learning Analytics and Humane Education},
 booktitle = {Proceedings of the Fourth International Conference on Learning Analytics And Knowledge},
 series = {LAK '14},
 year = {2014},
 isbn = {978-1-4503-2664-3},
 location = {Indianapolis, Indiana, USA},
 pages = {241--245},
 numpages = {5},
 url = {http://doi.acm.org/10.1145/2567574.2567607},
 doi = {10.1145/2567574.2567607},
 acmid = {2567607},
 publisher = {ACM},
 address = {New York, NY, USA},
 keywords = {aristotle, humanism, humanities, learning analytics, pedagogy, renaissance},
}

@inproceedings{Watanabe:2016:FIT:2857546.2857549,
 author = {Watanabe, Toyohide},
 title = {A Framework of Information Technology Supported Intelligent Learning Environment},
 booktitle = {Proceedings of the 10th International Conference on Ubiquitous Information Management and Communication},
 series = {IMCOM '16},
 year = {2016},
 isbn = {978-1-4503-4142-4},
 location = {Danang, Viet Nam},
 pages = {2:1--2:8},
 articleno = {2},
 numpages = {8},
 url = {http://doi.acm.org/10.1145/2857546.2857549},
 doi = {10.1145/2857546.2857549},
 acmid = {2857549},
 publisher = {ACM},
 address = {New York, NY, USA},
 keywords = {Knowledge transfer, goal achievement, information technology, knowledge acquisition, knowledge composition, knowledge understanding, performance goal, understanding goal},
}

@inproceedings{Montero:2016:TNC:3012430.3012590,
 author = {Montero, Jos{\'e} Antonio and Fonseca, David and Vicent, Llu\'{\i}s and Climent, August and Canaleta, Xavi and Villagrasa, Sergi},
 title = {Technological Needs Calling for the Application of Coaching in University Advising: Functional Proposal},
 booktitle = {Proceedings of the Fourth International Conference on Technological Ecosystems for Enhancing Multiculturality},
 series = {TEEM '16},
 year = {2016},
 isbn = {978-1-4503-4747-1},
 location = {Salamanca, Spain},
 pages = {665--669},
 numpages = {5},
 url = {http://doi.acm.org/10.1145/3012430.3012590},
 doi = {10.1145/3012430.3012590},
 acmid = {3012590},
 publisher = {ACM},
 address = {New York, NY, USA},
 keywords = {coaching, educational guidance, educational systems, mentoring, teaching support systems, university advising},
}

@inproceedings{Page:2003:SDM:944705.944713,
 author = {Page, Rex L.},
 title = {Software is Discrete Mathematics},
 booktitle = {Proceedings of the Eighth ACM SIGPLAN International Conference on Functional Programming},
 series = {ICFP '03},
 year = {2003},
 isbn = {1-58113-756-7},
 location = {Uppsala, Sweden},
 pages = {79--86},
 numpages = {8},
 url = {http://doi.acm.org/10.1145/944705.944713},
 doi = {10.1145/944705.944713},
 acmid = {944713},
 publisher = {ACM},
 address = {New York, NY, USA},
 keywords = {correctness proofs, discrete mathematics, formal methods, functional programming, predicate logic, software engineering},
}

@article{Page:2003:SDM:944746.944713,
 author = {Page, Rex L.},
 title = {Software is Discrete Mathematics},
 journal = {SIGPLAN Not.},
 issue_date = {September 2003},
 volume = {38},
 number = {9},
 month = aug,
 year = {2003},
 issn = {0362-1340},
 pages = {79--86},
 numpages = {8},
 url = {http://doi.acm.org/10.1145/944746.944713},
 doi = {10.1145/944746.944713},
 acmid = {944713},
 publisher = {ACM},
 address = {New York, NY, USA},
 keywords = {correctness proofs, discrete mathematics, formal methods, functional programming, predicate logic, software engineering},
}

@article{Burke:1997:GAT:268809.268830,
 author = {Burke, E. K. and Varley, D. B.},
 title = {A Genetic Algorithms Tutorial Tool for Numerical Function Optimisation},
 journal = {SIGCSE Bull.},
 issue_date = {Sept. 1997},
 volume = {29},
 number = {3},
 month = jun,
 year = {1997},
 issn = {0097-8418},
 pages = {27--30},
 numpages = {4},
 url = {http://doi.acm.org/10.1145/268809.268830},
 doi = {10.1145/268809.268830},
 acmid = {268830},
 publisher = {ACM},
 address = {New York, NY, USA},
}

@inproceedings{Burke:1997:GAT:268819.268830,
 author = {Burke, E. K. and Varley, D. B.},
 title = {A Genetic Algorithms Tutorial Tool for Numerical Function Optimisation},
 booktitle = {Proceedings of the 2Nd Conference on Integrating Technology into Computer Science Education},
 series = {ITiCSE '97},
 year = {1997},
 isbn = {0-89791-923-8},
 location = {Uppsala, Sweden},
 pages = {27--30},
 numpages = {4},
 url = {http://doi.acm.org/10.1145/268819.268830},
 doi = {10.1145/268819.268830},
 acmid = {268830},
 publisher = {ACM},
 address = {New York, NY, USA},
}

@article{Jimenez-Peris:1996:GVE:237477.237520,
 author = {Jim{\'e}nez-Peris, Ricardo and Pareja-Flores, Crist\'{o}bal and Pati\~{n}o-Mart\'{\i}nez, Marta and Vel\'{a}zquez-Iturbide, J. \'{A}ngel},
 title = {Graphical Visualization of the Evaluation of Functional Programs},
 journal = {SIGCSE Bull.},
 issue_date = {1996},
 volume = {28},
 number = {SI},
 month = jan,
 year = {1996},
 issn = {0097-8418},
 pages = {36--38},
 numpages = {3},
 url = {http://doi.acm.org/10.1145/237477.237520},
 doi = {10.1145/237477.237520},
 acmid = {237520},
 publisher = {ACM},
 address = {New York, NY, USA},
}

@article{Jimenez-Peris:1996:GVE:1013718.237520,
 author = {Jim{\'e}nez-Peris, Ricardo and Pareja-Flores, Crist\'{o}bal and Pati\~{n}o-Mart\'{\i}nez, Marta and Vel\'{a}zquez-Iturbide, J. \'{A}ngel},
 title = {Graphical Visualization of the Evaluation of Functional Programs},
 journal = {SIGCUE Outlook},
 issue_date = {Jan.-July, 1996},
 volume = {24},
 number = {1-3},
 month = jan,
 year = {1996},
 issn = {0163-5735},
 pages = {36--38},
 numpages = {3},
 url = {http://doi.acm.org/10.1145/1013718.237520},
 doi = {10.1145/1013718.237520},
 acmid = {237520},
 publisher = {ACM},
 address = {New York, NY, USA},
}

@inproceedings{Jimenez-Peris:1996:GVE:237466.237520,
 author = {Jim{\'e}nez-Peris, Ricardo and Pareja-Flores, Crist\'{o}bal and Pati\~{n}o-Mart\'{\i}nez, Marta and Vel\'{a}zquez-Iturbide, J. \'{A}ngel},
 title = {Graphical Visualization of the Evaluation of Functional Programs},
 booktitle = {Proceedings of the 1st Conference on Integrating Technology into Computer Science Education},
 series = {ITiCSE '96},
 year = {1996},
 isbn = {0-89791-844-4},
 location = {Barcelona, Spain},
 pages = {36--38},
 numpages = {3},
 url = {http://doi.acm.org/10.1145/237466.237520},
 doi = {10.1145/237466.237520},
 acmid = {237520},
 publisher = {ACM},
 address = {New York, NY, USA},
}

@article{MacDougall:1998:AUL:268092.268105,
 author = {MacDougall, Glenn},
 title = {Acadia University's \&Ldquo;Sandbox\&Rdquo;},
 journal = {Commun. ACM},
 issue_date = {Jan. 1998},
 volume = {41},
 number = {1},
 month = jan,
 year = {1998},
 issn = {0001-0782},
 pages = {32--33},
 numpages = {2},
 url = {http://doi.acm.org/10.1145/268092.268105},
 doi = {10.1145/268092.268105},
 acmid = {268105},
 publisher = {ACM},
 address = {New York, NY, USA},
}

@inproceedings{Wang:2017:SPR:3160908.3160925,
 author = {Wang, Zhaopu},
 title = {A Sociocultural Perspective on the Role of L1 in L2 Learning: A Comparative Analysis of Two L2 Studies},
 booktitle = {Proceedings of the 2017 International Conference on Education and E-Learning},
 series = {ICEEL 2017},
 year = {2017},
 isbn = {978-1-4503-5377-9},
 location = {Bangkok, Thailand},
 pages = {77--80},
 numpages = {4},
 url = {http://doi.acm.org/10.1145/3160908.3160925},
 doi = {10.1145/3160908.3160925},
 acmid = {3160925},
 publisher = {ACM},
 address = {New York, NY, USA},
 keywords = {L1 use, second language acquisition, sociocultural theory},
}

@article{Cohen:2010:CFL:1869746.1869763,
 author = {Cohen, Avi and Haberman, Bruria},
 title = {CHAMSA: Five Languages Citizens of an Increasingly Technological World Should Acquire},
 journal = {ACM Inroads},
 issue_date = {December 2010},
 volume = {1},
 number = {4},
 month = dec,
 year = {2010},
 issn = {2153-2184},
 pages = {54--57},
 numpages = {4},
 url = {http://doi.acm.org/10.1145/1869746.1869763},
 doi = {10.1145/1869746.1869763},
 acmid = {1869763},
 publisher = {ACM},
 address = {New York, NY, USA},
 keywords = {communication skills, computer science, globalization, languages},
}

@inproceedings{Anton:2014:SKG:2538862.2544312,
 author = {Anton, Gabriella and Berland, Matthew},
 title = {Studio K: A Game Development Environment Designed for Gains in Computational Thinking (Abstract Only)},
 booktitle = {Proceedings of the 45th ACM Technical Symposium on Computer Science Education},
 series = {SIGCSE '14},
 year = {2014},
 isbn = {978-1-4503-2605-6},
 location = {Atlanta, Georgia, USA},
 pages = {723--723},
 numpages = {1},
 url = {http://doi.acm.org/10.1145/2538862.2544312},
 doi = {10.1145/2538862.2544312},
 acmid = {2544312},
 publisher = {ACM},
 address = {New York, NY, USA},
 keywords = {computer science education, game design},
}

@article{Burg:1998:CAC:268092.268102,
 author = {Burg, Jennifer J. and Thomas, Stan J.},
 title = {Computers Across Campus},
 journal = {Commun. ACM},
 issue_date = {Jan. 1998},
 volume = {41},
 number = {1},
 month = jan,
 year = {1998},
 issn = {0001-0782},
 pages = {22--25},
 numpages = {4},
 url = {http://doi.acm.org/10.1145/268092.268102},
 doi = {10.1145/268092.268102},
 acmid = {268102},
 publisher = {ACM},
 address = {New York, NY, USA},
}

@article{Corbera:2008:DNM:1597849.1384391,
 author = {Corbera, Francisco and Guti{\'e}rrez, Eladio and Ramos, Juli\'{a}n and Romero, Sergio and Trenas, Mar\'{\i}a A.},
 title = {Development of a New MOODLE Module for a Basic Course on Computer Architecture},
 journal = {SIGCSE Bull.},
 issue_date = {September 2008},
 volume = {40},
 number = {3},
 month = jun,
 year = {2008},
 issn = {0097-8418},
 pages = {349--349},
 numpages = {1},
 url = {http://doi.acm.org/10.1145/1597849.1384391},
 doi = {10.1145/1597849.1384391},
 acmid = {1384391},
 publisher = {ACM},
 address = {New York, NY, USA},
 keywords = {LMS, Moodle, automatic assessment, computer architecture},
}

@inproceedings{Corbera:2008:DNM:1384271.1384391,
 author = {Corbera, Francisco and Guti{\'e}rrez, Eladio and Ramos, Juli\'{a}n and Romero, Sergio and Trenas, Mar\'{\i}a A.},
 title = {Development of a New MOODLE Module for a Basic Course on Computer Architecture},
 booktitle = {Proceedings of the 13th Annual Conference on Innovation and Technology in Computer Science Education},
 series = {ITiCSE '08},
 year = {2008},
 isbn = {978-1-60558-078-4},
 location = {Madrid, Spain},
 pages = {349--349},
 numpages = {1},
 url = {http://doi.acm.org/10.1145/1384271.1384391},
 doi = {10.1145/1384271.1384391},
 acmid = {1384391},
 publisher = {ACM},
 address = {New York, NY, USA},
 keywords = {LMS, Moodle, automatic assessment, computer architecture},
}

@inproceedings{Davis:2012:MTI:2157136.2157368,
 author = {Davis, Janet and Rebelsky, Samuel A. and Weinman, Jerod},
 title = {MediaScripting: Teaching Introductory CS by Through Interactive Graphics Scripting (Abstract Only)},
 booktitle = {Proceedings of the 43rd ACM Technical Symposium on Computer Science Education},
 series = {SIGCSE '12},
 year = {2012},
 isbn = {978-1-4503-1098-7},
 location = {Raleigh, North Carolina, USA},
 pages = {665--665},
 numpages = {1},
 url = {http://doi.acm.org/10.1145/2157136.2157368},
 doi = {10.1145/2157136.2157368},
 acmid = {2157368},
 publisher = {ACM},
 address = {New York, NY, USA},
 keywords = {media computation, multi-paradigm programming, novice programming},
}

@article{Brown:1998:SPU:268092.268103,
 author = {Brown, David G. and Burg, Jennifer J. and Dominick, Jay L.},
 title = {A Strategic Plan for Ubiquitous Laptop Computing},
 journal = {Commun. ACM},
 issue_date = {Jan. 1998},
 volume = {41},
 number = {1},
 month = jan,
 year = {1998},
 issn = {0001-0782},
 pages = {26--35},
 numpages = {10},
 url = {http://doi.acm.org/10.1145/268092.268103},
 doi = {10.1145/268092.268103},
 acmid = {268103},
 publisher = {ACM},
 address = {New York, NY, USA},
}

@inproceedings{Ball:2019:SLY:3287324.3293863,
 author = {Ball, Michael and M\"{o}nig, Jens and Romagosa, Bernat and Harvey, Brian},
 title = {Snap! A Look at 5 Years, 250,000 Users and 2 Million Projects},
 booktitle = {Proceedings of the 50th ACM Technical Symposium on Computer Science Education},
 series = {SIGCSE '19},
 year = {2019},
 isbn = {978-1-4503-5890-3},
 location = {Minneapolis, MN, USA},
 pages = {1279--1279},
 numpages = {1},
 url = {http://doi.acm.org/10.1145/3287324.3293863},
 doi = {10.1145/3287324.3293863},
 acmid = {3293863},
 publisher = {ACM},
 address = {New York, NY, USA},
 keywords = {blocks-based programming, cloud software, program analysis, snap!, visual programming language},
}

@inproceedings{Harvey:2013:SNA:2445196.2445507,
 author = {Harvey, Brian and Garcia, Daniel D. and Barnes, Tiffany and Titterton, Nathaniel and Armendariz, Daniel and Segars, Luke and Lemon, Eugene and Morris, Sean and Paley, Josh},
 title = {SNAP! (Build Your Own Blocks) (Abstract Only)},
 booktitle = {Proceeding of the 44th ACM Technical Symposium on Computer Science Education},
 series = {SIGCSE '13},
 year = {2013},
 isbn = {978-1-4503-1868-6},
 location = {Denver, Colorado, USA},
 pages = {759--759},
 numpages = {1},
 url = {http://doi.acm.org/10.1145/2445196.2445507},
 doi = {10.1145/2445196.2445507},
 acmid = {2445507},
 publisher = {ACM},
 address = {New York, NY, USA},
 keywords = {cs 0, snap! programming language},
}

@inproceedings{Larkins:2014:MUC:2538862.2544309,
 author = {Larkins, D. Brian},
 title = {Making Use of the Cognitive Apprenticeship Framework in an Undergraduate Robotics Course (Abstract Only)},
 booktitle = {Proceedings of the 45th ACM Technical Symposium on Computer Science Education},
 series = {SIGCSE '14},
 year = {2014},
 isbn = {978-1-4503-2605-6},
 location = {Atlanta, Georgia, USA},
 pages = {722--722},
 numpages = {1},
 url = {http://doi.acm.org/10.1145/2538862.2544309},
 doi = {10.1145/2538862.2544309},
 acmid = {2544309},
 publisher = {ACM},
 address = {New York, NY, USA},
 keywords = {cognitive apprenticeship, education, robotics},
}

@article{Grimheden:2005:EST:1086519.1086528,
 author = {Grimheden, Martin and T\"{o}rngren, Martin},
 title = {What is Embedded Systems and How Should It Be Taught?---results from a Didactic Analysis},
 journal = {ACM Trans. Embed. Comput. Syst.},
 issue_date = {August 2005},
 volume = {4},
 number = {3},
 month = aug,
 year = {2005},
 issn = {1539-9087},
 pages = {633--651},
 numpages = {19},
 url = {http://doi.acm.org/10.1145/1086519.1086528},
 doi = {10.1145/1086519.1086528},
 acmid = {1086528},
 publisher = {ACM},
 address = {New York, NY, USA},
 keywords = {Didactic analysis, education},
}

@inproceedings{Izu:2017:ARP:3059009.3059036,
 author = {Izu, Cruz and Pope, Cheryl and Weerasinghe, Amali},
 title = {On the Ability to Reason About Program Behaviour: A Think-Aloud Study},
 booktitle = {Proceedings of the 2017 ACM Conference on Innovation and Technology in Computer Science Education},
 series = {ITiCSE '17},
 year = {2017},
 isbn = {978-1-4503-4704-4},
 location = {Bologna, Italy},
 pages = {305--310},
 numpages = {6},
 url = {http://doi.acm.org/10.1145/3059009.3059036},
 doi = {10.1145/3059009.3059036},
 acmid = {3059036},
 publisher = {ACM},
 address = {New York, NY, USA},
 keywords = {programming, reasoning, reversibility, state, think-aloud},
}

@article{Tripathi:2006:CIT:1147991.1143393,
 author = {Tripathi, Arun Kumar},
 title = {Coping with Innovative Technology: Albert Borgmann on How Does Technology Change Learning and Teaching in Formal and Informal Education},
 journal = {Ubiquity},
 volume = {2006},
 number = {June},
 month = jun,
 year = {2006},
 issn = {1530-2180},
 pages = {2:1--2:30},
 articleno = {2},
 numpages = {30},
 url = {http://doi.acm.org/10.1145/1147991.1143393},
 doi = {10.1145/1147991.1143393},
 acmid = {1143393},
 publisher = {ACM},
 address = {New York, NY, USA},
}

@inproceedings{Ruhi:2014:PPE:2656450.2656490,
 author = {Ruhi, Umar},
 title = {Prospects \&\#38; Practices for End-user Development Activities in Business Computing Education},
 booktitle = {Proceedings of the 15th Annual Conference on Information Technology Education},
 series = {SIGITE '14},
 year = {2014},
 isbn = {978-1-4503-2686-5},
 location = {Atlanta, Georgia, USA},
 pages = {1--2},
 numpages = {2},
 url = {http://doi.acm.org/10.1145/2656450.2656490},
 doi = {10.1145/2656450.2656490},
 acmid = {2656490},
 publisher = {ACM},
 address = {New York, NY, USA},
 keywords = {EUD, education, end-user development, information literacy, information science, information systems, pedagogy},
}

@inproceedings{Burroni:2017:ACP:3079368.3079409,
 author = {Burroni, Javier},
 title = {The Act of Computer Programming in Science},
 booktitle = {Companion to the First International Conference on the Art, Science and Engineering of Programming},
 series = {Programming '17},
 year = {2017},
 isbn = {978-1-4503-4836-2},
 location = {Brussels, Belgium},
 pages = {30:1--30:8},
 articleno = {30},
 numpages = {8},
 url = {http://doi.acm.org/10.1145/3079368.3079409},
 doi = {10.1145/3079368.3079409},
 acmid = {3079409},
 publisher = {ACM},
 address = {New York, NY, USA},
}

@inproceedings{Zegura:2013:CBC:2517899.2517936,
 author = {Zegura, Ellen W. and Grinter, Rebecca E.},
 title = {Community Building for Capacity Building: Case Study of Liberia's iLab},
 booktitle = {Proceedings of the Sixth International Conference on Information and Communications Technologies and Development: Notes - Volume 2},
 series = {ICTD '13},
 year = {2013},
 isbn = {978-1-4503-1907-2},
 location = {Cape Town, South Africa},
 pages = {171--174},
 numpages = {4},
 url = {http://doi.acm.org/10.1145/2517899.2517936},
 doi = {10.1145/2517899.2517936},
 acmid = {2517936},
 publisher = {ACM},
 address = {New York, NY, USA},
 keywords = {ICTD, community of practice, computing education},
}

@inproceedings{Durham:2003:FBL:949344.949398,
 author = {Durham, Alan and Sussumu, Edson and da Concei\c{c}\~{a}o, Arlindo Fl\'{a}vio},
 title = {A Framework for Building Language Interpreters},
 booktitle = {Companion of the 18th Annual ACM SIGPLAN Conference on Object-oriented Programming, Systems, Languages, and Applications},
 series = {OOPSLA '03},
 year = {2003},
 isbn = {1-58113-751-6},
 location = {Anaheim, CA, USA},
 pages = {191--196},
 numpages = {6},
 url = {http://doi.acm.org/10.1145/949344.949398},
 doi = {10.1145/949344.949398},
 acmid = {949398},
 publisher = {ACM},
 address = {New York, NY, USA},
 keywords = {paradigm learning, programming language interpreter},
}

@article{Savidis:2005:ITI:1083431.1083462,
 author = {Savidis, Anthony},
 title = {Introductory Teaching of Imperative Programming Through an Anthropomorphic Computation Model},
 journal = {SIGCSE Bull.},
 issue_date = {June 2005},
 volume = {37},
 number = {2},
 month = jun,
 year = {2005},
 issn = {0097-8418},
 pages = {49--53},
 numpages = {5},
 url = {http://doi.acm.org/10.1145/1083431.1083462},
 doi = {10.1145/1083431.1083462},
 acmid = {1083462},
 publisher = {ACM},
 address = {New York, NY, USA},
 keywords = {abstraction of program memory, dynamic memory allocation, metaphoric computation model, teaching imperative programming},
}

@inproceedings{Dyer:2012:MSD:2530544.2530552,
 author = {Dyer, David C. and Aung, Yan Lin},
 title = {Microprocessor-based Systems Design Teaching Platform for Undergraduate Students in Computer Engineering},
 booktitle = {Proceedings of the Workshop on Embedded and Cyber-Physical Systems Education},
 series = {WESE '12},
 year = {2013},
 isbn = {978-1-4503-1765-8},
 location = {Tampere, Finland},
 pages = {8:1--8:8},
 articleno = {8},
 numpages = {8},
 url = {http://doi.acm.org/10.1145/2530544.2530552},
 doi = {10.1145/2530544.2530552},
 acmid = {2530552},
 publisher = {ACM},
 address = {New York, NY, USA},
 keywords = {ADC, DAC, FPGA, embedded, interfacing, microcontroller, microprocessor, soft-core},
}

@article{Naps:1994:OAA:191033.191052,
 author = {Naps, Thomas L. and Swander, Brian},
 title = {An Object-oriented Approach to Algorithm Visualization\&Mdash;Easy, Extensible, and Dynamic},
 journal = {SIGCSE Bull.},
 issue_date = {March 1994},
 volume = {26},
 number = {1},
 month = mar,
 year = {1994},
 issn = {0097-8418},
 pages = {46--50},
 numpages = {5},
 url = {http://doi.acm.org/10.1145/191033.191052},
 doi = {10.1145/191033.191052},
 acmid = {191052},
 publisher = {ACM},
 address = {New York, NY, USA},
}

@inproceedings{Naps:1994:OAA:191029.191052,
 author = {Naps, Thomas L. and Swander, Brian},
 title = {An Object-oriented Approach to Algorithm Visualization\&Mdash;Easy, Extensible, and Dynamic},
 booktitle = {Proceedings of the Twenty-fifth SIGCSE Symposium on Computer Science Education},
 series = {SIGCSE '94},
 year = {1994},
 isbn = {0-89791-646-8},
 location = {Phoenix, Arizona, USA},
 pages = {46--50},
 numpages = {5},
 url = {http://doi.acm.org/10.1145/191029.191052},
 doi = {10.1145/191029.191052},
 acmid = {191052},
 publisher = {ACM},
 address = {New York, NY, USA},
}

@inproceedings{Huertas:2014:EEC:2669711.2669946,
 author = {Huertas, Carlota de Le\'{o}n and L\'{o}pez, Ignacio Gonz\'{a}lez and Guti{\'e}rrez, Francisco Jos{\'e} Melara},
 title = {What Expectations Does the Education Community Have of School Counselling Departments?},
 booktitle = {Proceedings of the Second International Conference on Technological Ecosystems for Enhancing Multiculturality},
 series = {TEEM '14},
 year = {2014},
 isbn = {978-1-4503-2896-8},
 location = {Salamanca, Spain},
 pages = {503--506},
 numpages = {4},
 url = {http://doi.acm.org/10.1145/2669711.2669946},
 doi = {10.1145/2669711.2669946},
 acmid = {2669946},
 publisher = {ACM},
 address = {New York, NY, USA},
 keywords = {counseling department, education community, professional skills, secondary schools},
}

@article{Schweitzer:2010:TIC:1858583.1858594,
 author = {Schweitzer, Dino and Boleng, Jeff and Graham, Paul},
 title = {Teaching Introductory Computer Graphics with the Processing Language},
 journal = {J. Comput. Sci. Coll.},
 issue_date = {December 2010},
 volume = {26},
 number = {2},
 month = dec,
 year = {2010},
 issn = {1937-4771},
 pages = {73--79},
 numpages = {7},
 url = {http://dl.acm.org/citation.cfm?id=1858583.1858594},
 acmid = {1858594},
 publisher = {Consortium for Computing Sciences in Colleges},
 address = {USA},
}

@inproceedings{Nikolopoulos:2012:MCL:2371316.2371338,
 author = {Nikolopoulos, George and Solomou, Georgia and Pierrakeas, Christos and Kameas, Achilles},
 title = {Modeling the Characteristics of a Learning Object for Use Within e-Learning Applications},
 booktitle = {Proceedings of the Fifth Balkan Conference in Informatics},
 series = {BCI '12},
 year = {2012},
 isbn = {978-1-4503-1240-0},
 location = {Novi Sad, Serbia},
 pages = {112--117},
 numpages = {6},
 url = {http://doi.acm.org/10.1145/2371316.2371338},
 doi = {10.1145/2371316.2371338},
 acmid = {2371338},
 publisher = {ACM},
 address = {New York, NY, USA},
 keywords = {distance learning, e-learning, educational metadata, learning objects},
}

@inproceedings{Chen:2014:FML:2556325.2567872,
 author = {Chen, Pin-Ju and Chen, Yang-Hsueh},
 title = {Facilitating MOOCs Learning Through Weekly Meet-up: A Case Study in Taiwan},
 booktitle = {Proceedings of the First ACM Conference on Learning @ Scale Conference},
 series = {L@S '14},
 year = {2014},
 isbn = {978-1-4503-2669-8},
 location = {Atlanta, Georgia, USA},
 pages = {183--184},
 numpages = {2},
 url = {http://doi.acm.org/10.1145/2556325.2567872},
 doi = {10.1145/2556325.2567872},
 acmid = {2567872},
 publisher = {ACM},
 address = {New York, NY, USA},
 keywords = {distance learning, learning strategies, mooc, self-determination theory, self-regulated learning},
}

@inproceedings{Nagata:2014:MAR:2669711.2669966,
 author = {Nagata, Jorge Joo and Giner, Jos{\'e} Rafael Garc\'{\i}a-Bermejo},
 title = {Model of Augmented Reality and Pedestrian Navigation About the Territorial Heritage: Design, Implementation and Evaluation},
 booktitle = {Proceedings of the Second International Conference on Technological Ecosystems for Enhancing Multiculturality},
 series = {TEEM '14},
 year = {2014},
 isbn = {978-1-4503-2896-8},
 location = {Salamanca, Spain},
 pages = {633--637},
 numpages = {5},
 url = {http://doi.acm.org/10.1145/2669711.2669966},
 doi = {10.1145/2669711.2669966},
 acmid = {2669966},
 publisher = {ACM},
 address = {New York, NY, USA},
 keywords = {augmented reality, mobile learning, mobile pedestrian navigation, territorial heritage},
}

@inproceedings{Jimenez:2017:CTA:3017680.3022412,
 author = {Jimenez, Yerika and Hays, Theodore and Gardner-McCune, Christina},
 title = {Computational Thinking App Design Mat: Supporting the Development of Students' Computational Thinking Skills (Abstract Only)},
 booktitle = {Proceedings of the 2017 ACM SIGCSE Technical Symposium on Computer Science Education},
 series = {SIGCSE '17},
 year = {2017},
 isbn = {978-1-4503-4698-6},
 location = {Seattle, Washington, USA},
 pages = {711--711},
 numpages = {1},
 url = {http://doi.acm.org/10.1145/3017680.3022412},
 doi = {10.1145/3017680.3022412},
 acmid = {3022412},
 publisher = {ACM},
 address = {New York, NY, USA},
 keywords = {app inventor, computational thinking, computational thinking app design mat (app design mat)},
}

@inproceedings{Blanchard:2018:PPD:3159450.3162308,
 author = {Blanchard, Jeremiah J. and Gardner-McCune, Christina and Anthony, Lisa},
 title = {How Perceptions of Programming Differ in Children with and Without Prior Experience: (Abstract Only)},
 booktitle = {Proceedings of the 49th ACM Technical Symposium on Computer Science Education},
 series = {SIGCSE '18},
 year = {2018},
 isbn = {978-1-4503-5103-4},
 location = {Baltimore, Maryland, USA},
 pages = {1099--1099},
 numpages = {1},
 url = {http://doi.acm.org/10.1145/3159450.3162308},
 doi = {10.1145/3159450.3162308},
 acmid = {3162308},
 publisher = {ACM},
 address = {New York, NY, USA},
 keywords = {child, computer science education, elementary school, game programming, learning programming, middle school, programming experience, scratch, summer camp},
}

@inproceedings{Levin:2008:PDA:1599812.1599869,
 author = {Levin, Mariana},
 title = {The Potential for Developing Algebraic Thinking from Purposeful Guessing and Checking},
 booktitle = {Proceedings of the 8th International Conference on International Conference for the Learning Sciences - Volume 1},
 series = {ICLS'08},
 year = {2008},
 location = {Utrecht, The Netherlands},
 pages = {469--476},
 numpages = {8},
 url = {http://dl.acm.org/citation.cfm?id=1599812.1599869},
 acmid = {1599869},
 publisher = {International Society of the Learning Sciences},
}

@inproceedings{Garcia-Riaza:2016:MDL:3012430.3012586,
 author = {Garc\'{\i}a-Riaza, Blanca and Iglesias-Rodr\'{\i}guez, Ana},
 title = {Mobile Devices As Learning Tools: Present and Prospective Use by Future Professionals of Education},
 booktitle = {Proceedings of the Fourth International Conference on Technological Ecosystems for Enhancing Multiculturality},
 series = {TEEM '16},
 year = {2016},
 isbn = {978-1-4503-4747-1},
 location = {Salamanca, Spain},
 pages = {637--641},
 numpages = {5},
 url = {http://doi.acm.org/10.1145/3012430.3012586},
 doi = {10.1145/3012430.3012586},
 acmid = {3012586},
 publisher = {ACM},
 address = {New York, NY, USA},
 keywords = {digital competences, education, learning tools, mobile devices},
}

@article{Castelluccia:2013:TES:2532780.2532803,
 author = {Castelluccia, Daniela and Visaggio, Giuseppe},
 title = {Teaching Evidence-based Software Engineering: Learning by a Collaborative Mapping Study of Open Source Software},
 journal = {SIGSOFT Softw. Eng. Notes},
 issue_date = {November 2013},
 volume = {38},
 number = {6},
 month = nov,
 year = {2013},
 issn = {0163-5948},
 pages = {1--4},
 numpages = {4},
 url = {http://doi.acm.org/10.1145/2532780.2532803},
 doi = {10.1145/2532780.2532803},
 acmid = {2532803},
 publisher = {ACM},
 address = {New York, NY, USA},
 keywords = {decision making, education, empirical methods, evidence-based software engineering, mapping study, open source software, software engineering, systematic, systematic literature study},
}

@article{Buckner:2006:NAA:1181811.1181836,
 author = {Buckner, Kim},
 title = {A Non-traditonal Approach to an Assembly Language Course},
 journal = {J. Comput. Sci. Coll.},
 issue_date = {October 2006},
 volume = {22},
 number = {1},
 month = oct,
 year = {2006},
 issn = {1937-4771},
 pages = {179--186},
 numpages = {8},
 url = {http://dl.acm.org/citation.cfm?id=1181811.1181836},
 acmid = {1181836},
 publisher = {Consortium for Computing Sciences in Colleges},
 address = {USA},
}

@article{Sangwan:1998:SPV:274790.274311,
 author = {Sangwan, Raghvinder S. and Korsh, James F. and LaFollette,Jr., Paul S.},
 title = {A System for Program Visualization in the Classroom},
 journal = {SIGCSE Bull.},
 issue_date = {Mar. 1998},
 volume = {30},
 number = {1},
 month = mar,
 year = {1998},
 issn = {0097-8418},
 pages = {272--276},
 numpages = {5},
 url = {http://doi.acm.org/10.1145/274790.274311},
 doi = {10.1145/274790.274311},
 acmid = {274311},
 publisher = {ACM},
 address = {New York, NY, USA},
}

@inproceedings{Sangwan:1998:SPV:273133.274311,
 author = {Sangwan, Raghvinder S. and Korsh, James F. and LaFollette,Jr., Paul S.},
 title = {A System for Program Visualization in the Classroom},
 booktitle = {Proceedings of the Twenty-ninth SIGCSE Technical Symposium on Computer Science Education},
 series = {SIGCSE '98},
 year = {1998},
 isbn = {0-89791-994-7},
 location = {Atlanta, Georgia, USA},
 pages = {272--276},
 numpages = {5},
 url = {http://doi.acm.org/10.1145/273133.274311},
 doi = {10.1145/273133.274311},
 acmid = {274311},
 publisher = {ACM},
 address = {New York, NY, USA},
}

@inproceedings{Prupis:1987:IPA:41866.41877,
 author = {Prupis, Sheri},
 title = {The Importance of a Proactive Approach to Education at an Educational/Academic Computer Center},
 booktitle = {Proceedings of the 15th Annual ACM SIGUCCS Conference on User Services},
 series = {SIGUCCS '87},
 year = {1987},
 isbn = {0-89791-241-1},
 location = {Kansas City, Missouri, USA},
 pages = {57--58},
 numpages = {2},
 url = {http://doi.acm.org/10.1145/41866.41877},
 doi = {10.1145/41866.41877},
 acmid = {41877},
 publisher = {ACM},
 address = {New York, NY, USA},
}

@inproceedings{Techapalokul:2017:STM:3017680.3022450,
 author = {Techapalokul, Peeratham},
 title = {Sniffing Through Millions of Blocks for Bad Smells},
 booktitle = {Proceedings of the 2017 ACM SIGCSE Technical Symposium on Computer Science Education},
 series = {SIGCSE '17},
 year = {2017},
 isbn = {978-1-4503-4698-6},
 location = {Seattle, Washington, USA},
 pages = {781--782},
 numpages = {2},
 url = {http://doi.acm.org/10.1145/3017680.3022450},
 doi = {10.1145/3017680.3022450},
 acmid = {3022450},
 publisher = {ACM},
 address = {New York, NY, USA},
 keywords = {CS education, block-based programming, code smells, introductory computing, scratch, software quality},
}

@article{Morris:2012:MTA:2382887.2382891,
 author = {Morris, Matthew},
 title = {Moving Toward Arbitrary Interoperability},
 journal = {J. Comput. Sci. Coll.},
 issue_date = {December 2012},
 volume = {28},
 number = {2},
 month = dec,
 year = {2012},
 issn = {1937-4771},
 pages = {23--23},
 numpages = {1},
 url = {http://dl.acm.org/citation.cfm?id=2382887.2382891},
 acmid = {2382891},
 publisher = {Consortium for Computing Sciences in Colleges},
 address = {USA},
}

@article{Edwards:2011:BCW:1859159.1859171,
 author = {Edwards, Stephen H. and Back, Godmar},
 title = {Bringing Creative Web 2.0 Programming into CS1: Conference Workshop},
 journal = {J. Comput. Sci. Coll.},
 issue_date = {January 2011},
 volume = {26},
 number = {3},
 month = jan,
 year = {2011},
 issn = {1937-4771},
 pages = {54--55},
 numpages = {2},
 url = {http://dl.acm.org/citation.cfm?id=1859159.1859171},
 acmid = {1859171},
 publisher = {Consortium for Computing Sciences in Colleges},
 address = {USA},
}

@inproceedings{Paramasivam:2017:CSO:3017680.3017796,
 author = {Paramasivam, Vivek and Huang, Justin and Elliott, Sarah and Cakmak, Maya},
 title = {Computer Science Outreach with End-User Robot-Programming Tools},
 booktitle = {Proceedings of the 2017 ACM SIGCSE Technical Symposium on Computer Science Education},
 series = {SIGCSE '17},
 year = {2017},
 isbn = {978-1-4503-4698-6},
 location = {Seattle, Washington, USA},
 pages = {447--452},
 numpages = {6},
 url = {http://doi.acm.org/10.1145/3017680.3017796},
 doi = {10.1145/3017680.3017796},
 acmid = {3017796},
 publisher = {ACM},
 address = {New York, NY, USA},
 keywords = {accessibility, end-user programming, outreach, robotics},
}

@inproceedings{Gruner:2009:TEU:1596600.1596606,
 author = {Gr\"{u}ner, Sten and Lorentsen, Thomas},
 title = {Teaching Erlang Using Robotics and Player/Stage},
 booktitle = {Proceedings of the 8th ACM SIGPLAN Workshop on ERLANG},
 series = {ERLANG '09},
 year = {2009},
 isbn = {978-1-60558-507-9},
 location = {Edinburgh, Scotland},
 pages = {33--40},
 numpages = {8},
 url = {http://doi.acm.org/10.1145/1596600.1596606},
 doi = {10.1145/1596600.1596606},
 acmid = {1596606},
 publisher = {ACM},
 address = {New York, NY, USA},
 keywords = {erlang, player/stage, teaching},
}

@article{Candiotti:1998:CUA:268092.268106,
 author = {Candiotti, Alan and Clarke, Neil},
 title = {Combining Universal Access with Faculty Development and Academic Facilities},
 journal = {Commun. ACM},
 issue_date = {Jan. 1998},
 volume = {41},
 number = {1},
 month = jan,
 year = {1998},
 issn = {0001-0782},
 pages = {36--41},
 numpages = {6},
 url = {http://doi.acm.org/10.1145/268092.268106},
 doi = {10.1145/268092.268106},
 acmid = {268106},
 publisher = {ACM},
 address = {New York, NY, USA},
}

@article{Kiaer:1998:LCI:268092.268110,
 author = {Kiaer, Lynn and Mutchler, David and Froyd, Jeffrey},
 title = {Laptop Computers in an Integrated First-year Curriculum},
 journal = {Commun. ACM},
 issue_date = {Jan. 1998},
 volume = {41},
 number = {1},
 month = jan,
 year = {1998},
 issn = {0001-0782},
 pages = {45--49},
 numpages = {5},
 url = {http://doi.acm.org/10.1145/268092.268110},
 doi = {10.1145/268092.268110},
 acmid = {268110},
 publisher = {ACM},
 address = {New York, NY, USA},
}

@article{Kiesmueller:2008:GSA:1597849.1384395,
 author = {Kiesmueller, Ulrich and Brinda, Torsten},
 title = {How Do 7th Graders Solve Algorithmic Problems?: A Tool-based Analysis},
 journal = {SIGCSE Bull.},
 issue_date = {September 2008},
 volume = {40},
 number = {3},
 month = jun,
 year = {2008},
 issn = {0097-8418},
 pages = {353--353},
 numpages = {1},
 url = {http://doi.acm.org/10.1145/1597849.1384395},
 doi = {10.1145/1597849.1384395},
 acmid = {1384395},
 publisher = {ACM},
 address = {New York, NY, USA},
 keywords = {algorithms, didactics of informatics, kara, problem solving process, secondary computer science education, tool-based analysis},
}

@inproceedings{Kiesmueller:2008:GSA:1384271.1384395,
 author = {Kiesmueller, Ulrich and Brinda, Torsten},
 title = {How Do 7th Graders Solve Algorithmic Problems?: A Tool-based Analysis},
 booktitle = {Proceedings of the 13th Annual Conference on Innovation and Technology in Computer Science Education},
 series = {ITiCSE '08},
 year = {2008},
 isbn = {978-1-60558-078-4},
 location = {Madrid, Spain},
 pages = {353--353},
 numpages = {1},
 url = {http://doi.acm.org/10.1145/1384271.1384395},
 doi = {10.1145/1384271.1384395},
 acmid = {1384395},
 publisher = {ACM},
 address = {New York, NY, USA},
 keywords = {algorithms, didactics of informatics, kara, problem solving process, secondary computer science education, tool-based analysis},
}

@article{Assiter:2015:IAP:2831432.2831455,
 author = {Assiter, Karina and Wiseman, Charlie},
 title = {An Introduction to Alice Programming As a Steam Engagement Tool: Tutorial Presentation},
 journal = {J. Comput. Sci. Coll.},
 issue_date = {December 2015},
 volume = {31},
 number = {2},
 month = dec,
 year = {2015},
 issn = {1937-4771},
 pages = {149--150},
 numpages = {2},
 url = {http://dl.acm.org/citation.cfm?id=2831432.2831455},
 acmid = {2831455},
 publisher = {Consortium for Computing Sciences in Colleges},
 address = {USA},
}

@inproceedings{Bogdan:2009:MRT:1556460.1556490,
 author = {Bogdan, Cristian and Mayer, Rudolf},
 title = {Makumba: The Role of the Technology for the Sustainability of Amateur Programming Practice and Community},
 booktitle = {Proceedings of the Fourth International Conference on Communities and Technologies},
 series = {C\&\#38;T '09},
 year = {2009},
 isbn = {978-1-60558-713-4},
 location = {University Park, PA, USA},
 pages = {205--214},
 numpages = {10},
 url = {http://doi.acm.org/10.1145/1556460.1556490},
 doi = {10.1145/1556460.1556490},
 acmid = {1556490},
 publisher = {ACM},
 address = {New York, NY, USA},
 keywords = {amateur community, case studies, community of practice, sustainability of practice},
}

@inproceedings{Baloian:2005:AVU:1056018.1056020,
 author = {Baloian, N. and Breuer, H. and Luther, W.},
 title = {Algorithm Visualization Using Concept Keyboards},
 booktitle = {Proceedings of the 2005 ACM Symposium on Software Visualization},
 series = {SoftVis '05},
 year = {2005},
 isbn = {1-59593-073-6},
 location = {St. Louis, Missouri},
 pages = {7--16},
 numpages = {10},
 url = {http://doi.acm.org/10.1145/1056018.1056020},
 doi = {10.1145/1056018.1056020},
 acmid = {1056020},
 publisher = {ACM},
 address = {New York, NY, USA},
 keywords = {XML-based interface, algorithm animation, algorithm visualization, concept keyboards},
}

@article{West:2012:APS:2038772.2038791,
 author = {West, William and Pulimood, S. Monisha},
 title = {Analysis of Privacy and Security in HTML5 Web Storage},
 journal = {J. Comput. Sci. Coll.},
 issue_date = {January 2012},
 volume = {27},
 number = {3},
 month = jan,
 year = {2012},
 issn = {1937-4771},
 pages = {80--87},
 numpages = {8},
 url = {http://dl.acm.org/citation.cfm?id=2038772.2038791},
 acmid = {2038791},
 publisher = {Consortium for Computing Sciences in Colleges},
 address = {USA},
}

@inproceedings{Abdullah:2015:MFC:2838739.2838785,
 author = {Abdullah, Muhammad Haziq Lim and Brereton, Margot},
 title = {MyCalendar: Fostering Communication for Children with Autism Spectrum Disorder Through Photos and Videos},
 booktitle = {Proceedings of the Annual Meeting of the Australian Special Interest Group for Computer Human Interaction},
 series = {OzCHI '15},
 year = {2015},
 isbn = {978-1-4503-3673-4},
 location = {Parkville, VIC, Australia},
 pages = {1--9},
 numpages = {9},
 url = {http://doi.acm.org/10.1145/2838739.2838785},
 doi = {10.1145/2838739.2838785},
 acmid = {2838785},
 publisher = {ACM},
 address = {New York, NY, USA},
 keywords = {Autism Spectrum Disorder, Children, Communication, MyCalendar, iPad application},
}

@inproceedings{Harold:1976:RBC:800282.811088,
 author = {Harold, Fred G.},
 title = {Role of the Business College in the Education and Training of Computer Systems Analysts for Public Sector Jobs},
 booktitle = {Proceedings of the Fourteenth Annual Computer Personnel Research Conference},
 series = {SIGCPR '76},
 year = {1976},
 pages = {167--178},
 numpages = {12},
 url = {http://doi.acm.org/10.1145/800282.811088},
 doi = {10.1145/800282.811088},
 acmid = {811088},
 publisher = {ACM},
 address = {New York, NY, USA},
}

@article{Fernandes:2005:TSI:1059888.1059893,
 author = {Fernandes, Eric and Kumar, Amruth},
 title = {A Tutor on Subprogram Implementation},
 journal = {J. Comput. Sci. Coll.},
 issue_date = {May 2005},
 volume = {20},
 number = {5},
 month = may,
 year = {2005},
 issn = {1937-4771},
 pages = {36--46},
 numpages = {11},
 url = {http://dl.acm.org/citation.cfm?id=1059888.1059893},
 acmid = {1059893},
 publisher = {Consortium for Computing Sciences in Colleges},
 address = {USA},
}

@inproceedings{Riccioni:2008:EET:1411732.1411735,
 author = {Riccioni, Anna and Denti, Enrico and Laschi, Roberto},
 title = {An Experimental Environment for Teaching Java Security},
 booktitle = {Proceedings of the 6th International Symposium on Principles and Practice of Programming in Java},
 series = {PPPJ '08},
 year = {2008},
 isbn = {978-1-60558-223-8},
 location = {Modena, Italy},
 pages = {13--22},
 numpages = {10},
 url = {http://doi.acm.org/10.1145/1411732.1411735},
 doi = {10.1145/1411732.1411735},
 acmid = {1411735},
 publisher = {ACM},
 address = {New York, NY, USA},
 keywords = {Java cryptography extension, computer engineering education, virtual laboratory},
}

@inproceedings{Page:2009:CLU:1637837.1637842,
 author = {Page, Rex},
 title = {Computational Logic in the Undergraduate Curriculum},
 booktitle = {Proceedings of the Eighth International Workshop on the ACL2 Theorem Prover and Its Applications},
 series = {ACL2 '09},
 year = {2009},
 isbn = {9781-60558-742-4},
 location = {Boston, Massachusetts, USA},
 pages = {29--32},
 numpages = {4},
 url = {http://doi.acm.org/10.1145/1637837.1637842},
 doi = {10.1145/1637837.1637842},
 acmid = {1637842},
 publisher = {ACM},
 address = {New York, NY, USA},
 keywords = {ACL2, computer science curriculum, formal methods, software engineering, theorem provers},
}

@inproceedings{Tilley:2018:WRA:3159450.3162336,
 author = {Tilley, Eric},
 title = {Weather Radar Algorithm Development Using Google Blockly: (Abstract Only)},
 booktitle = {Proceedings of the 49th ACM Technical Symposium on Computer Science Education},
 series = {SIGCSE '18},
 year = {2018},
 isbn = {978-1-4503-5103-4},
 location = {Baltimore, Maryland, USA},
 pages = {272--272},
 numpages = {1},
 url = {http://doi.acm.org/10.1145/3159450.3162336},
 doi = {10.1145/3159450.3162336},
 acmid = {3162336},
 publisher = {ACM},
 address = {New York, NY, USA},
 keywords = {block-based programming, computer science education, meteorology},
}

@inproceedings{Huch:2007:LPE:1292520.1292534,
 author = {Huch, Frank},
 title = {Learning Programming with Erlang},
 booktitle = {Proceedings of the 2007 SIGPLAN Workshop on ERLANG Workshop},
 series = {ERLANG '07},
 year = {2007},
 isbn = {978-1-59593-675-2},
 location = {Freiburg, Germany},
 pages = {93--99},
 numpages = {7},
 url = {http://doi.acm.org/10.1145/1292520.1292534},
 doi = {10.1145/1292520.1292534},
 acmid = {1292534},
 publisher = {ACM},
 address = {New York, NY, USA},
 keywords = {education, erlang, kara, programming},
}

@inproceedings{Iglesias-Rodriguez:2017:WDC:3144826.3145412,
 author = {Iglesias-Rodr\'{\i}guez, Ana and P{\'e}rez-Escoda, Ana},
 title = {A World of Digital Competences: Mobile Apps, e-Citizenship and Computational Systems As Learning Tools},
 booktitle = {Proceedings of the 5th International Conference on Technological Ecosystems for Enhancing Multiculturality},
 series = {TEEM 2017},
 year = {2017},
 isbn = {978-1-4503-5386-1},
 location = {C\&aacute;diz, Spain},
 pages = {62:1--62:5},
 articleno = {62},
 numpages = {5},
 url = {http://doi.acm.org/10.1145/3144826.3145412},
 doi = {10.1145/3144826.3145412},
 acmid = {3145412},
 publisher = {ACM},
 address = {New York, NY, USA},
 keywords = {Digital competences, computational systems, educational innovation, learning tools, methods and models for Mobile Learning, theory, ubiquitous learning},
}

@article{Weizenbaum:2005:IIS:1151954.1067447,
 author = {Weizenbaum, Joseph},
 title = {Information in the Information Society},
 journal = {SIGCSE Bull.},
 issue_date = {September 2005},
 volume = {37},
 number = {3},
 month = jun,
 year = {2005},
 issn = {0097-8418},
 pages = {1--1},
 numpages = {1},
 url = {http://doi.acm.org/10.1145/1151954.1067447},
 doi = {10.1145/1151954.1067447},
 acmid = {1067447},
 publisher = {ACM},
 address = {New York, NY, USA},
}

@inproceedings{Weizenbaum:2005:IIS:1067445.1067447,
 author = {Weizenbaum, Joseph},
 title = {Information in the Information Society},
 booktitle = {Proceedings of the 10th Annual SIGCSE Conference on Innovation and Technology in Computer Science Education},
 series = {ITiCSE '05},
 year = {2005},
 isbn = {1-59593-024-8},
 location = {Caparica, Portugal},
 pages = {1--1},
 numpages = {1},
 url = {http://doi.acm.org/10.1145/1067445.1067447},
 doi = {10.1145/1067445.1067447},
 acmid = {1067447},
 publisher = {ACM},
 address = {New York, NY, USA},
}

@inproceedings{Seraj:2019:SHP:3311927.3323157,
 author = {Seraj, Mazyar and Gro\sse, Cornelia S. and Autexier, Serge and Drechsler, Rolf},
 title = {Smart Homes Programming: Development and Evaluation of an Educational Programming Application for Young Learners},
 booktitle = {Proceedings of the 18th ACM International Conference on Interaction Design and Children},
 series = {IDC '19},
 year = {2019},
 isbn = {978-1-4503-6690-8},
 location = {Boise, ID, USA},
 pages = {146--152},
 numpages = {7},
 url = {http://doi.acm.org/10.1145/3311927.3323157},
 doi = {10.1145/3311927.3323157},
 acmid = {3323157},
 publisher = {ACM},
 address = {New York, NY, USA},
 keywords = {Educational Block-based Programming, Google Blockly, Smart Homes, Visual Programming, Young Learners},
}

@inproceedings{Forcelini:2018:BTB:3218585.3218590,
 author = {Forcelini, Patric Galera and Garc\'{\i}a, Laura S\'{a}nchez and Schultz, Ermelindo Paulo Breviglieri},
 title = {Braille Technology Beyond the Financial Barriers: A Braille Literacy Platform to Effectively Combat Braille Literacy Crisis},
 booktitle = {Proceedings of the 8th International Conference on Software Development and Technologies for Enhancing Accessibility and Fighting Info-exclusion},
 series = {DSAI 2018},
 year = {2018},
 isbn = {978-1-4503-6467-6},
 location = {Thessaloniki, Greece},
 pages = {41--46},
 numpages = {6},
 url = {http://doi.acm.org/10.1145/3218585.3218590},
 doi = {10.1145/3218585.3218590},
 acmid = {3218590},
 publisher = {ACM},
 address = {New York, NY, USA},
 keywords = {Braille, Literacy, Low-cost technology, Tangible User Interface},
}

@inproceedings{Ukrop:2019:RDP:3287324.3287448,
 author = {Ukrop, Martin and \v{S}v\'{a}bensk\'{y}, Valdemar and Nehyba, Jan},
 title = {Reflective Diary for Professional Development of Novice Teachers},
 booktitle = {Proceedings of the 50th ACM Technical Symposium on Computer Science Education},
 series = {SIGCSE '19},
 year = {2019},
 isbn = {978-1-4503-5890-3},
 location = {Minneapolis, MN, USA},
 pages = {1088--1094},
 numpages = {7},
 url = {http://doi.acm.org/10.1145/3287324.3287448},
 doi = {10.1145/3287324.3287448},
 acmid = {3287448},
 publisher = {ACM},
 address = {New York, NY, USA},
 keywords = {learning journal, reflective practice, teacher training, teaching assistants, teaching skills},
}

@inproceedings{Taherkhani:2008:ARS:1595356.1595372,
 author = {Taherkhani, Ahmad and Malmi, Lauri and Korhonen, Ari},
 title = {Algorithm Recognition by Static Analysis and Its Application in Students' Submissions Assessment},
 booktitle = {Proceedings of the 8th International Conference on Computing Education Research},
 series = {Koli '08},
 year = {2008},
 isbn = {978-1-60558-385-3},
 location = {Koli, Finland},
 pages = {88--91},
 numpages = {4},
 url = {http://doi.acm.org/10.1145/1595356.1595372},
 doi = {10.1145/1595356.1595372},
 acmid = {1595372},
 publisher = {ACM},
 address = {New York, NY, USA},
 keywords = {algorithm recognition, automatic grading, program analysis},
}

@inproceedings{Peterson:2017:ICS:3017680.3017767,
 author = {Peterson, John and Haynes, Greg},
 title = {Integrating Computer Science into Music Education},
 booktitle = {Proceedings of the 2017 ACM SIGCSE Technical Symposium on Computer Science Education},
 series = {SIGCSE '17},
 year = {2017},
 isbn = {978-1-4503-4698-6},
 location = {Seattle, Washington, USA},
 pages = {459--464},
 numpages = {6},
 url = {http://doi.acm.org/10.1145/3017680.3017767},
 doi = {10.1145/3017680.3017767},
 acmid = {3017767},
 publisher = {ACM},
 address = {New York, NY, USA},
 keywords = {domain-specific languages, haskell, music education},
}

@article{Herrmann:1994:ISA:191033.191068,
 author = {Herrmann, Nira and Popyack, Jeffrey L.},
 title = {An Integrated, Software-based Approach to Teaching Introductory Computer Programming},
 journal = {SIGCSE Bull.},
 issue_date = {March 1994},
 volume = {26},
 number = {1},
 month = mar,
 year = {1994},
 issn = {0097-8418},
 pages = {92--96},
 numpages = {5},
 url = {http://doi.acm.org/10.1145/191033.191068},
 doi = {10.1145/191033.191068},
 acmid = {191068},
 publisher = {ACM},
 address = {New York, NY, USA},
}

@inproceedings{Herrmann:1994:ISA:191029.191068,
 author = {Herrmann, Nira and Popyack, Jeffrey L.},
 title = {An Integrated, Software-based Approach to Teaching Introductory Computer Programming},
 booktitle = {Proceedings of the Twenty-fifth SIGCSE Symposium on Computer Science Education},
 series = {SIGCSE '94},
 year = {1994},
 isbn = {0-89791-646-8},
 location = {Phoenix, Arizona, USA},
 pages = {92--96},
 numpages = {5},
 url = {http://doi.acm.org/10.1145/191029.191068},
 doi = {10.1145/191029.191068},
 acmid = {191068},
 publisher = {ACM},
 address = {New York, NY, USA},
}

@inproceedings{Papamitsiou:2014:TLA:2567574.2567609,
 author = {Papamitsiou, Zacharoula K. and Terzis, Vasileios and Economides, Anastasios A.},
 title = {Temporal Learning Analytics for Computer Based Testing},
 booktitle = {Proceedings of the Fourth International Conference on Learning Analytics And Knowledge},
 series = {LAK '14},
 year = {2014},
 isbn = {978-1-4503-2664-3},
 location = {Indianapolis, Indiana, USA},
 pages = {31--35},
 numpages = {5},
 url = {http://doi.acm.org/10.1145/2567574.2567609},
 doi = {10.1145/2567574.2567609},
 acmid = {2567609},
 publisher = {ACM},
 address = {New York, NY, USA},
 keywords = {computer based assessment, computer-based testing, educational data mining, goal-expectancy, prediction, prediction of performance, temporal learning analytics},
}

@article{Deden:1998:CSC:268092.268116,
 author = {Deden, Ann},
 title = {Computers and Systemic Change in Higher Education},
 journal = {Commun. ACM},
 issue_date = {Jan. 1998},
 volume = {41},
 number = {1},
 month = jan,
 year = {1998},
 issn = {0001-0782},
 pages = {58--63},
 numpages = {6},
 url = {http://doi.acm.org/10.1145/268092.268116},
 doi = {10.1145/268092.268116},
 acmid = {268116},
 publisher = {ACM},
 address = {New York, NY, USA},
}

@article{Grier:1998:CD:268092.268120,
 author = {Grier, Samuel L. and Bryant, Larry W.},
 title = {The Case for Desktops},
 journal = {Commun. ACM},
 issue_date = {Jan. 1998},
 volume = {41},
 number = {1},
 month = jan,
 year = {1998},
 issn = {0001-0782},
 pages = {70--71},
 numpages = {2},
 url = {http://doi.acm.org/10.1145/268092.268120},
 doi = {10.1145/268092.268120},
 acmid = {268120},
 publisher = {ACM},
 address = {New York, NY, USA},
}

@article{Weiser:1998:FUC:268092.268108,
 author = {Weiser, Mark},
 title = {The Future of Ubiquitous Computing on Campus},
 journal = {Commun. ACM},
 issue_date = {Jan. 1998},
 volume = {41},
 number = {1},
 month = jan,
 year = {1998},
 issn = {0001-0782},
 pages = {41--42},
 numpages = {2},
 url = {http://doi.acm.org/10.1145/268092.268108},
 doi = {10.1145/268092.268108},
 acmid = {268108},
 publisher = {ACM},
 address = {New York, NY, USA},
}

@inproceedings{Dil:2018:ETJ:3290511.3290528,
 author = {Dil, Anton and Osunde, Joseph},
 title = {Evaluation of a Tool for Java Structural Specification Checking},
 booktitle = {Proceedings of the 10th International Conference on Education Technology and Computers},
 series = {ICETC '18},
 year = {2018},
 isbn = {978-1-4503-6517-8},
 location = {Tokyo, Japan},
 pages = {99--104},
 numpages = {6},
 url = {http://doi.acm.org/10.1145/3290511.3290528},
 doi = {10.1145/3290511.3290528},
 acmid = {3290528},
 publisher = {ACM},
 address = {New York, NY, USA},
 keywords = {Java, automated code assessment, distance learning, software tools, virtual learning environment},
}

@inproceedings{Yamaguchi:2007:FSP:1599600.1599745,
 author = {Yamaguchi, Etsuji and Inagaki, Shigenori and Sugimoto, Masanori and Kusunoki, Fusako and Deguchi, Akiko and Takeuchi, Yuichiro and Seki, Takao and Tachibana, Sanae and Yamamoto, Tomokazu},
 title = {Fostering Students' Participation in Face-to-face Interactions and Deepening Their Understanding by Integrating Personal and Shared Spaces},
 booktitle = {Proceedings of the 8th Iternational Conference on Computer Supported Collaborative Learning},
 series = {CSCL'07},
 year = {2007},
 isbn = {978-0-6151-5436-7},
 location = {New Brunswick, New Jersey, USA},
 pages = {795--797},
 numpages = {3},
 url = {http://dl.acm.org/citation.cfm?id=1599600.1599745},
 acmid = {1599745},
 publisher = {International Society of the Learning Sciences},
}

@article{Grier:1998:EPU:280495.280504,
 author = {Grier, Samuel},
 title = {Early Projects Using Ada at the United States Air Force Academy},
 journal = {Ada Lett.},
 issue_date = {Jan./Feb. 1998},
 volume = {XVIII},
 number = {1},
 month = feb,
 year = {1998},
 issn = {1094-3641},
 pages = {92--109},
 numpages = {18},
 url = {http://doi.acm.org/10.1145/280495.280504},
 doi = {10.1145/280495.280504},
 acmid = {280504},
 publisher = {ACM},
 address = {New York, NY, USA},
}

@article{Biros:1998:CCP:268092.268109,
 author = {Biros, Janice},
 title = {Changes in Computer Purchase, Distribution, and Maintenance},
 journal = {Commun. ACM},
 issue_date = {Jan. 1998},
 volume = {41},
 number = {1},
 month = jan,
 year = {1998},
 issn = {0001-0782},
 pages = {43--44},
 numpages = {2},
 url = {http://doi.acm.org/10.1145/268092.268109},
 doi = {10.1145/268092.268109},
 acmid = {268109},
 publisher = {ACM},
 address = {New York, NY, USA},
}

@article{Watters:1998:DAU:268092.268113,
 author = {Watters, Carolyn and Conley, Marshall and Alexander, Cynthia},
 title = {The Digital Agora: Using Technology for Learning in the Social Sciences},
 journal = {Commun. ACM},
 issue_date = {Jan. 1998},
 volume = {41},
 number = {1},
 month = jan,
 year = {1998},
 issn = {0001-0782},
 pages = {50--57},
 numpages = {8},
 url = {http://doi.acm.org/10.1145/268092.268113},
 doi = {10.1145/268092.268113},
 acmid = {268113},
 publisher = {ACM},
 address = {New York, NY, USA},
}

@article{Cunningham:2015:RGA:2817322.2817328,
 author = {Cunningham, Laura and Kirkscey, Russell and Reynolds-Dyk, Ashlynn and Small, Nancy and Tran, Charity and Tucker, Virginia},
 title = {Rhetorical Grounding and an Agile Attitude: Complex Systems, Multi-genre Testing, and Service Learning in UX},
 journal = {J. Usability Studies},
 issue_date = {August 2015},
 volume = {10},
 number = {4},
 month = aug,
 year = {2015},
 issn = {1931-3357},
 pages = {182--194},
 numpages = {13},
 url = {http://dl.acm.org/citation.cfm?id=2817322.2817328},
 acmid = {2817328},
 publisher = {Usability Professionals' Association},
 address = {Bloomingdale, IL},
 keywords = {agile design, genre, mental model mismatch, rhetoric, rigor, service learning, theory, think aloud protocol, usability},
}

@inproceedings{Chaudhari:2015:IFM:2729094.2742628,
 author = {Chaudhari, Dipak L. and Damani, Om},
 title = {Introducing Formal Methods via Program Derivation},
 booktitle = {Proceedings of the 2015 ACM Conference on Innovation and Technology in Computer Science Education},
 series = {ITiCSE '15},
 year = {2015},
 isbn = {978-1-4503-3440-2},
 location = {Vilnius, Lithuania},
 pages = {266--271},
 numpages = {6},
 url = {http://doi.acm.org/10.1145/2729094.2742628},
 doi = {10.1145/2729094.2742628},
 acmid = {2742628},
 publisher = {ACM},
 address = {New York, NY, USA},
 keywords = {calculational style, correct by construction, teaching formal methods},
}

@article{Davies:2009:FMF:1595453.1595463,
 author = {Davies, Jim and Gibbons, Jeremy},
 title = {Formal Methods for Future Interoperability},
 journal = {SIGCSE Bull.},
 issue_date = {June 2009},
 volume = {41},
 number = {2},
 month = jun,
 year = {2009},
 issn = {0097-8418},
 pages = {60--64},
 numpages = {5},
 url = {http://doi.acm.org/10.1145/1595453.1595463},
 doi = {10.1145/1595453.1595463},
 acmid = {1595463},
 publisher = {ACM},
 address = {New York, NY, USA},
 keywords = {metadata, model-driven development, semantic frameworks},
}

@article{Periyasamy:2012:TCO:2379703.2379721,
 author = {Periyasamy, Kasi and Riley, Dave and Hunt, Kenny and Hansen, Stuart and Langhals, Paul},
 title = {Teaching CS 1: Object-first or Algorithmic},
 journal = {J. Comput. Sci. Coll.},
 issue_date = {October 2012},
 volume = {28},
 number = {1},
 month = oct,
 year = {2012},
 issn = {1937-4771},
 pages = {111--112},
 numpages = {2},
 url = {http://dl.acm.org/citation.cfm?id=2379703.2379721},
 acmid = {2379721},
 publisher = {Consortium for Computing Sciences in Colleges},
 address = {USA},
}

@inproceedings{Dickson:2012:SRC:2325296.2325334,
 author = {Dickson, Paul E. and Warshow, David I. and Goebel, Alec C. and Roache, Colin C. and Adrion, W. Richards},
 title = {Student Reactions to Classroom Lecture Capture},
 booktitle = {Proceedings of the 17th ACM Annual Conference on Innovation and Technology in Computer Science Education},
 series = {ITiCSE '12},
 year = {2012},
 isbn = {978-1-4503-1246-2},
 location = {Haifa, Israel},
 pages = {144--149},
 numpages = {6},
 url = {http://doi.acm.org/10.1145/2325296.2325334},
 doi = {10.1145/2325296.2325334},
 acmid = {2325334},
 publisher = {ACM},
 address = {New York, NY, USA},
 keywords = {automatic capture, evaluation, image processing, indexing, lecture recording, video creation},
}

@article{Krusche:2018:STD:3239167.3145454,
 author = {Krusche, Stephan and Dzvonyar, Dora and Xu, Han and Bruegge, Bernd},
 title = {Software Theater\&\#x02014;Teaching Demo-Oriented Prototyping},
 journal = {ACM Trans. Comput. Educ.},
 issue_date = {July 2018},
 volume = {18},
 number = {2},
 month = jul,
 year = {2018},
 issn = {1946-6226},
 pages = {10:1--10:30},
 articleno = {10},
 numpages = {30},
 url = {http://doi.acm.org/10.1145/3145454},
 doi = {10.1145/3145454},
 acmid = {3145454},
 publisher = {ACM},
 address = {New York, NY, USA},
 keywords = {Agile methods, collaborative learning, scenario-based design, visionary scenarios},
}

@inproceedings{Armendariz:2016:WIT:2839509.2844712,
 author = {Armendariz, Dan and Malan, David J. and Onken, Nikolai},
 title = {A Web-Based IDE for Teaching with Any Language (Abstract Only)},
 booktitle = {Proceedings of the 47th ACM Technical Symposium on Computing Science Education},
 series = {SIGCSE '16},
 year = {2016},
 isbn = {978-1-4503-3685-7},
 location = {Memphis, Tennessee, USA},
 pages = {711--711},
 numpages = {1},
 url = {http://doi.acm.org/10.1145/2839509.2844712},
 doi = {10.1145/2839509.2844712},
 acmid = {2844712},
 publisher = {ACM},
 address = {New York, NY, USA},
 keywords = {cloud-based ide, cloud9, cs50, debugger, docker, gdb, ide, linux},
}

@article{Kurtz:1992:UST:135250.134552,
 author = {Kurtz, B. L. and Johnston, J. B.},
 title = {Using the Synthesizer-Generator to Teach Principles of Programming Language Semantics},
 journal = {SIGCSE Bull.},
 issue_date = {March 1992},
 volume = {24},
 number = {1},
 month = mar,
 year = {1992},
 issn = {0097-8418},
 pages = {207--212},
 numpages = {6},
 url = {http://doi.acm.org/10.1145/135250.134552},
 doi = {10.1145/135250.134552},
 acmid = {134552},
 publisher = {ACM},
 address = {New York, NY, USA},
}

@inproceedings{Kurtz:1992:UST:134510.134552,
 author = {Kurtz, B. L. and Johnston, J. B.},
 title = {Using the Synthesizer-Generator to Teach Principles of Programming Language Semantics},
 booktitle = {Proceedings of the Twenty-third SIGCSE Technical Symposium on Computer Science Education},
 series = {SIGCSE '92},
 year = {1992},
 isbn = {0-89791-468-6},
 location = {Kansas City, Missouri, USA},
 pages = {207--212},
 numpages = {6},
 url = {http://doi.acm.org/10.1145/134510.134552},
 doi = {10.1145/134510.134552},
 acmid = {134552},
 publisher = {ACM},
 address = {New York, NY, USA},
}

@inproceedings{Dall:2014:TOS:2538862.2538894,
 author = {Dall, Christoffer and Nieh, Jason},
 title = {Teaching Operating Systems Using Code Review},
 booktitle = {Proceedings of the 45th ACM Technical Symposium on Computer Science Education},
 series = {SIGCSE '14},
 year = {2014},
 isbn = {978-1-4503-2605-6},
 location = {Atlanta, Georgia, USA},
 pages = {549--554},
 numpages = {6},
 url = {http://doi.acm.org/10.1145/2538862.2538894},
 doi = {10.1145/2538862.2538894},
 acmid = {2538894},
 publisher = {ACM},
 address = {New York, NY, USA},
 keywords = {code review, instructional tools, operating systems},
}

@inproceedings{Pahl:2004:WSA:1013367.1013518,
 author = {Pahl, Claus and Barrett, Ronan},
 title = {A Web Services Architecture for Learning Object Discovery and Assembly},
 booktitle = {Proceedings of the 13th International World Wide Web Conference on Alternate Track Papers \&Amp; Posters},
 series = {WWW Alt. '04},
 year = {2004},
 isbn = {1-58113-912-8},
 location = {New York, NY, USA},
 pages = {446--447},
 numpages = {2},
 url = {http://doi.acm.org/10.1145/1013367.1013518},
 doi = {10.1145/1013367.1013518},
 acmid = {1013518},
 publisher = {ACM},
 address = {New York, NY, USA},
 keywords = {architecture, assembly, discovery, interface descriptions, metadata, teaching and learning environments, web services},
}

@article{Rajaravivarma:2005:DPW:1089053.1089070,
 author = {Rajaravivarma, Rathika and Cetinski, Leo},
 title = {A Development Platform for Wireless Internet Connected Robotic Devices},
 journal = {J. Comput. Sci. Coll.},
 issue_date = {December 2005},
 volume = {21},
 number = {2},
 month = dec,
 year = {2005},
 issn = {1937-4771},
 pages = {119--130},
 numpages = {12},
 url = {http://dl.acm.org/citation.cfm?id=1089053.1089070},
 acmid = {1089070},
 publisher = {Consortium for Computing Sciences in Colleges},
 address = {USA},
}

@article{Harrow:1978:SSP:953028.804227,
 author = {Harrow, Keith},
 title = {How to Show Something is Not: Proofs in Formal Language and Computability Theory},
 journal = {SIGCSE Bull.},
 issue_date = {August 1978},
 volume = {10},
 number = {3},
 month = aug,
 year = {1978},
 issn = {0097-8418},
 pages = {27--30},
 numpages = {4},
 url = {http://doi.acm.org/10.1145/953028.804227},
 doi = {10.1145/953028.804227},
 acmid = {804227},
 publisher = {ACM},
 address = {New York, NY, USA},
}

@inproceedings{Harrow:1978:SSP:800130.804227,
 author = {Harrow, Keith},
 title = {How to Show Something is Not: Proofs in Formal Language and Computability Theory},
 booktitle = {Proceedings of the Ninth SIGCSE Technical Symposium on Computer Science Education},
 series = {SIGCSE '78},
 year = {1978},
 location = {Pittsburgh, Pennslyvannia, USA},
 pages = {27--30},
 numpages = {4},
 url = {http://doi.acm.org/10.1145/800130.804227},
 doi = {10.1145/800130.804227},
 acmid = {804227},
 publisher = {ACM},
 address = {New York, NY, USA},
}

@inproceedings{Srivastava:2001:SKS:381677.381690,
 author = {Srivastava, Mani and Muntz, Richard and Potkonjak, Miodrag},
 title = {Smart Kindergarten: Sensor-based Wireless Networks for Smart Developmental Problem-solving Environments},
 booktitle = {Proceedings of the 7th Annual International Conference on Mobile Computing and Networking},
 series = {MobiCom '01},
 year = {2001},
 isbn = {1-58113-422-3},
 location = {Rome, Italy},
 pages = {132--138},
 numpages = {7},
 url = {http://doi.acm.org/10.1145/381677.381690},
 doi = {10.1145/381677.381690},
 acmid = {381690},
 publisher = {ACM},
 address = {New York, NY, USA},
}

@inproceedings{Challco:2014:TLD:2554850.2555126,
 author = {Challco, Geiser Chalco and Isotani, Seiji},
 title = {Towards a Learning Design Authoring Tool That Generates Personalized Units of Learning for CSCL},
 booktitle = {Proceedings of the 29th Annual ACM Symposium on Applied Computing},
 series = {SAC '14},
 year = {2014},
 isbn = {978-1-4503-2469-4},
 location = {Gyeongju, Republic of Korea},
 pages = {778--780},
 numpages = {3},
 url = {http://doi.acm.org/10.1145/2554850.2555126},
 doi = {10.1145/2554850.2555126},
 acmid = {2555126},
 publisher = {ACM},
 address = {New York, NY, USA},
 keywords = {CSCL, HTN planning, learning design, web services},
}

@inproceedings{Valls-Vargas:2017:GGC:3102071.3102079,
 author = {Valls-Vargas, Josep and Zhu, Jichen and Onta\~{n}\'{o}n, Santiago},
 title = {Graph Grammar-based Controllable Generation of Puzzles for a Learning Game About Parallel Programming},
 booktitle = {Proceedings of the 12th International Conference on the Foundations of Digital Games},
 series = {FDG '17},
 year = {2017},
 isbn = {978-1-4503-5319-9},
 location = {Hyannis, Massachusetts},
 pages = {7:1--7:10},
 articleno = {7},
 numpages = {10},
 url = {http://doi.acm.org/10.1145/3102071.3102079},
 doi = {10.1145/3102071.3102079},
 acmid = {3102079},
 publisher = {ACM},
 address = {New York, NY, USA},
 keywords = {games, parallel programming, procedural content generation},
}

@inproceedings{vanWyk:2014:ADR:2664591.2664627,
 author = {van Wyk, Etienne and de Villiers, M. R. (Ruth)},
 title = {Applying Design-based Research for Developing Virtual Reality Training in the South African Mining Industry},
 booktitle = {Proceedings of the Southern African Institute for Computer Scientist and Information Technologists Annual Conference 2014 on SAICSIT 2014 Empowered by Technology},
 series = {SAICSIT '14},
 year = {2014},
 isbn = {978-1-4503-3246-0},
 location = {Centurion, South Africa},
 pages = {70:70--70:81},
 articleno = {70},
 numpages = {12},
 url = {http://doi.acm.org/10.1145/2664591.2664627},
 doi = {10.1145/2664591.2664627},
 acmid = {2664627},
 publisher = {ACM},
 address = {New York, NY, USA},
 keywords = {Design-based research, development, e-training, evaluation, industry-related research, mine safety training, virtual reality},
}

@inproceedings{Levin:1990:ILT:100348.100507,
 author = {Levin, Gary Marc},
 title = {ISETL: A Language for Teaching Discrete Mathematics (Abstract)},
 booktitle = {Proceedings of the 1990 ACM Annual Conference on Cooperation},
 series = {CSC '90},
 year = {1990},
 isbn = {0-89791-348-5},
 location = {Washington, D.C., USA},
 pages = {455--},
 url = {http://doi.acm.org/10.1145/100348.100507},
 doi = {10.1145/100348.100507},
 acmid = {100507},
 publisher = {ACM},
 address = {New York, NY, USA},
}

@inproceedings{Decker:2018:SES:3235715.3235720,
 author = {Decker, Bernd and Politze, Marius and Grzemski, Sarah},
 title = {From a SharePoint-Based E-Learning System to Moodle},
 booktitle = {Proceedings of the 2018 ACM on SIGUCCS Annual Conference},
 series = {SIGUCCS '18},
 year = {2018},
 isbn = {978-1-4503-5582-7},
 location = {Orlando, Florida, USA},
 pages = {25--30},
 numpages = {6},
 url = {http://doi.acm.org/10.1145/3235715.3235720},
 doi = {10.1145/3235715.3235720},
 acmid = {3235720},
 publisher = {ACM},
 address = {New York, NY, USA},
 keywords = {collaborative development, digitizing teaching processes, moodle},
}

@inproceedings{Thomas:2005:IKL:1082424.1082440,
 author = {Thomas, Richard C. and Karahasanovic, Amela and Kennedy, Gregor E.},
 title = {An Investigation into Keystroke Latency Metrics As an Indicator of Programming Performance},
 booktitle = {Proceedings of the 7th Australasian Conference on Computing Education - Volume 42},
 series = {ACE '05},
 year = {2005},
 isbn = {1-920682-24-4},
 location = {Newcastle, New South Wales, Australia},
 pages = {127--134},
 numpages = {8},
 url = {http://dl.acm.org/citation.cfm?id=1082424.1082440},
 acmid = {1082440},
 publisher = {Australian Computer Society, Inc.},
 address = {Darlinghurst, Australia, Australia},
 keywords = {chunking, digraph latencies, empirical methods, keystroke model, programming performance},
}

@inproceedings{Deb:2018:MAA:3159450.3159607,
 author = {Deb, Debzani and Fuad, Muztaba and Etim, James and Gloster, Clay},
 title = {MRS: Automated Assessment of Interactive Classroom Exercises},
 booktitle = {Proceedings of the 49th ACM Technical Symposium on Computer Science Education},
 series = {SIGCSE '18},
 year = {2018},
 isbn = {978-1-4503-5103-4},
 location = {Baltimore, Maryland, USA},
 pages = {290--295},
 numpages = {6},
 url = {http://doi.acm.org/10.1145/3159450.3159607},
 doi = {10.1145/3159450.3159607},
 acmid = {3159607},
 publisher = {ACM},
 address = {New York, NY, USA},
 keywords = {algorithm visualization., interactive learning environments, mobile learning, real-time assessment},
}

@inproceedings{Gopalakrishnan:2009:RTC:1639622.1639624,
 author = {Gopalakrishnan, Ganesh and Yang, Yu and Vakkalanka, Sarvani and Vo, Anh and Aananthakrishnan, Sriram and Szubzda, Grzegorz and Sawaya, Geof and Williams, Jason and Sharma, Subodh and DeLisi, Michael and Atzeni, Simone},
 title = {Some Resources for Teaching Concurrency},
 booktitle = {Proceedings of the 7th Workshop on Parallel and Distributed Systems: Testing, Analysis, and Debugging},
 series = {PADTAD '09},
 year = {2009},
 isbn = {978-1-60558-655-7},
 location = {Chicago, Illinois},
 pages = {2:1--2:6},
 articleno = {2},
 numpages = {6},
 url = {http://doi.acm.org/10.1145/1639622.1639624},
 doi = {10.1145/1639622.1639624},
 acmid = {1639624},
 publisher = {ACM},
 address = {New York, NY, USA},
 keywords = {MPI, computer science education, concurrency, dynamic verification, education, memory models, multi-core, pthreads},
}

@article{Hopper:1994:USA:181505.181516,
 author = {Hopper, Mary E.},
 title = {Usable Software in Advanced Educational Computing Projects},
 journal = {SIGGRAPH Comput. Graph.},
 issue_date = {Feb. 1994},
 volume = {28},
 number = {1},
 month = feb,
 year = {1994},
 issn = {0097-8930},
 pages = {46--48},
 numpages = {3},
 url = {http://doi.acm.org/10.1145/181505.181516},
 doi = {10.1145/181505.181516},
 acmid = {181516},
 publisher = {ACM},
 address = {New York, NY, USA},
}

@inproceedings{Franklin:2002:PIK:502716.502731,
 author = {Franklin, David and Budzik, Jay and Hammond, Kristian},
 title = {Plan-based Interfaces: Keeping Track of User Tasks and Acting to Cooperate},
 booktitle = {Proceedings of the 7th International Conference on Intelligent User Interfaces},
 series = {IUI '02},
 year = {2002},
 isbn = {1-58113-459-2},
 location = {San Francisco, California, USA},
 pages = {79--86},
 numpages = {8},
 url = {http://doi.acm.org/10.1145/502716.502731},
 doi = {10.1145/502716.502731},
 acmid = {502731},
 publisher = {ACM},
 address = {New York, NY, USA},
 keywords = {perceptual user interfaces, plan-based intelligent user interfaces, representation of activity, task recognition},
}

@inproceedings{Malan:2017:WIT:3017680.3017839,
 author = {Malan, David J. and Onken, Nikolai and Armendariz, Dan},
 title = {A Web-Based IDE for Teaching with Any Language (Abstract Only)},
 booktitle = {Proceedings of the 2017 ACM SIGCSE Technical Symposium on Computer Science Education},
 series = {SIGCSE '17},
 year = {2017},
 isbn = {978-1-4503-4698-6},
 location = {Seattle, Washington, USA},
 pages = {739--739},
 numpages = {1},
 url = {http://doi.acm.org/10.1145/3017680.3017839},
 doi = {10.1145/3017680.3017839},
 acmid = {3017839},
 publisher = {ACM},
 address = {New York, NY, USA},
 keywords = {CS50, GDB, IDE, cloud-based IDE, cloud9, debugger, docker, linux},
}

@inproceedings{Leony:2012:GLA:2330601.2330642,
 author = {Leony, Derick and Pardo, Abelardo and de la Fuente Valent\'{\i}n, Luis and de Castro, David S\'{a}nchez and Kloos, Carlos Delgado},
 title = {GLASS: A Learning Analytics Visualization Tool},
 booktitle = {Proceedings of the 2Nd International Conference on Learning Analytics and Knowledge},
 series = {LAK '12},
 year = {2012},
 isbn = {978-1-4503-1111-3},
 location = {Vancouver, British Columbia, Canada},
 pages = {162--163},
 numpages = {2},
 url = {http://doi.acm.org/10.1145/2330601.2330642},
 doi = {10.1145/2330601.2330642},
 acmid = {2330642},
 publisher = {ACM},
 address = {New York, NY, USA},
 keywords = {learning analytics, visualization framework, visualization system},
}

@inproceedings{Tu:2010:DVL:1822090.1822108,
 author = {Tu, Shengru and Oh, Sehun James and Kale, Rushikesh and Kallem, Aditya and Tankashala, Shireesha},
 title = {Developing Verification-driven Learning Cases},
 booktitle = {Proceedings of the Fifteenth Annual Conference on Innovation and Technology in Computer Science Education},
 series = {ITiCSE '10},
 year = {2010},
 isbn = {978-1-60558-820-9},
 location = {Bilkent, Ankara, Turkey},
 pages = {58--62},
 numpages = {5},
 url = {http://doi.acm.org/10.1145/1822090.1822108},
 doi = {10.1145/1822090.1822108},
 acmid = {1822108},
 publisher = {ACM},
 address = {New York, NY, USA},
 keywords = {TDL, software verification, verification-driven learning},
}

@article{Yelowitz:1978:PAS:953028.804232,
 author = {Yelowitz, Lawrence},
 title = {A Project Approach to Structure and Correctness in Pitt's Second Computer Science Course},
 journal = {SIGCSE Bull.},
 issue_date = {August 1978},
 volume = {10},
 number = {3},
 month = aug,
 year = {1978},
 issn = {0097-8418},
 pages = {50--54},
 numpages = {5},
 url = {http://doi.acm.org/10.1145/953028.804232},
 doi = {10.1145/953028.804232},
 acmid = {804232},
 publisher = {ACM},
 address = {New York, NY, USA},
}

@inproceedings{Yelowitz:1978:PAS:800130.804232,
 author = {Yelowitz, Lawrence},
 title = {A Project Approach to Structure and Correctness in Pitt's Second Computer Science Course},
 booktitle = {Proceedings of the Ninth SIGCSE Technical Symposium on Computer Science Education},
 series = {SIGCSE '78},
 year = {1978},
 location = {Pittsburgh, Pennslyvannia, USA},
 pages = {50--54},
 numpages = {5},
 url = {http://doi.acm.org/10.1145/800130.804232},
 doi = {10.1145/800130.804232},
 acmid = {804232},
 publisher = {ACM},
 address = {New York, NY, USA},
}

@article{LeBlanc:1998:HSC:268092.268118,
 author = {LeBlanc,Jr., Richard J. and Teal, Steven L.},
 title = {Hardware and Software Choices for Student Computer Initiatives},
 journal = {Commun. ACM},
 issue_date = {Jan. 1998},
 volume = {41},
 number = {1},
 month = jan,
 year = {1998},
 issn = {0001-0782},
 pages = {64--69},
 numpages = {6},
 url = {http://doi.acm.org/10.1145/268092.268118},
 doi = {10.1145/268092.268118},
 acmid = {268118},
 publisher = {ACM},
 address = {New York, NY, USA},
}

@inproceedings{Hamid:2014:TEB:2538862.2544280,
 author = {Hamid, Nadeem Abdul and Benzel, Steven},
 title = {Towards Engaging Big Data for CS1/2 (Abstract Only)},
 booktitle = {Proceedings of the 45th ACM Technical Symposium on Computer Science Education},
 series = {SIGCSE '14},
 year = {2014},
 isbn = {978-1-4503-2605-6},
 location = {Atlanta, Georgia, USA},
 pages = {710--710},
 numpages = {1},
 url = {http://doi.acm.org/10.1145/2538862.2544280},
 doi = {10.1145/2538862.2544280},
 acmid = {2544280},
 publisher = {ACM},
 address = {New York, NY, USA},
 keywords = {CS1, big data},
}

@inproceedings{Henderson:1989:TRP:65293.71190,
 author = {Henderson, Peter B. and Romero, Francisco J.},
 title = {Teaching Recursion As a Problem-solving Tool Using Standard ML},
 booktitle = {Proceedings of the Twentieth SIGCSE Technical Symposium on Computer Science Education},
 series = {SIGCSE '89},
 year = {1989},
 isbn = {0-89791-298-5},
 location = {Louisville, Kentucky, USA},
 pages = {27--31},
 numpages = {5},
 url = {http://doi.acm.org/10.1145/65293.71190},
 doi = {10.1145/65293.71190},
 acmid = {71190},
 publisher = {ACM},
 address = {New York, NY, USA},
}

@article{Henderson:1989:TRP:65294.71190,
 author = {Henderson, Peter B. and Romero, Francisco J.},
 title = {Teaching Recursion As a Problem-solving Tool Using Standard ML},
 journal = {SIGCSE Bull.},
 issue_date = {Feb. 1989},
 volume = {21},
 number = {1},
 month = feb,
 year = {1989},
 issn = {0097-8418},
 pages = {27--31},
 numpages = {5},
 url = {http://doi.acm.org/10.1145/65294.71190},
 doi = {10.1145/65294.71190},
 acmid = {71190},
 publisher = {ACM},
 address = {New York, NY, USA},
}

@inproceedings{Ruiz:2014:TDL:2669711.2669914,
 author = {Ruiz, Javier Santofimia and D\'{\i}az, H{\'e}ctor J. Pijeira and Ruip{\'e}rez-Valiente, Jos{\'e} A. and Mu\~{n}oz-Merino, Pedro J. and Kloos, Carlos Delgado},
 title = {Towards the Development of a Learning Analytics Extension in Open edX},
 booktitle = {Proceedings of the Second International Conference on Technological Ecosystems for Enhancing Multiculturality},
 series = {TEEM '14},
 year = {2014},
 isbn = {978-1-4503-2896-8},
 location = {Salamanca, Spain},
 pages = {299--306},
 numpages = {8},
 url = {http://doi.acm.org/10.1145/2669711.2669914},
 doi = {10.1145/2669711.2669914},
 acmid = {2669914},
 publisher = {ACM},
 address = {New York, NY, USA},
 keywords = {MOOCs, learning analytics, visualizations},
}

@inproceedings{Read:2012:PDD:2379057.2379119,
 author = {Read, Sarah and DelaMerced, Anna and Zachry, Mark},
 title = {Participatory Design in the Development of a Web-based Technology for Visualizing Writing Activity As Knowledge Work},
 booktitle = {Proceedings of the 30th ACM International Conference on Design of Communication},
 series = {SIGDOC '12},
 year = {2012},
 isbn = {978-1-4503-1497-8},
 location = {Seattle, Washington, USA},
 pages = {333--340},
 numpages = {8},
 url = {http://doi.acm.org/10.1145/2379057.2379119},
 doi = {10.1145/2379057.2379119},
 acmid = {2379119},
 publisher = {ACM},
 address = {New York, NY, USA},
 keywords = {genre ecologies, knowledge work, participatory design, visualizations, web-based learning technologies},
}

@inproceedings{Wertlen:2010:ASD:1899503.1899560,
 author = {Wertlen, Ronald and Strickland, Richard},
 title = {awareNet: The System Design of a Social Networking Software for Disadvantaged South African Schools},
 booktitle = {Proceedings of the 2010 Annual Research Conference of the South African Institute of Computer Scientists and Information Technologists},
 series = {SAICSIT '10},
 year = {2010},
 isbn = {978-1-60558-950-3},
 location = {Bela Bela, South Africa},
 pages = {429--433},
 numpages = {5},
 url = {http://doi.acm.org/10.1145/1899503.1899560},
 doi = {10.1145/1899503.1899560},
 acmid = {1899560},
 publisher = {ACM},
 address = {New York, NY, USA},
 keywords = {low bandwidth, poor connectivity, social networking for education},
}

@inproceedings{Schmidt:2003:PFM:776816.776917,
 author = {Schmidt, Douglas C. and Buschmann, Frank},
 title = {Patterns, Frameworks, and Middleware: Their Synergistic Relationships},
 booktitle = {Proceedings of the 25th International Conference on Software Engineering},
 series = {ICSE '03},
 year = {2003},
 isbn = {0-7695-1877-X},
 location = {Portland, Oregon},
 pages = {694--704},
 numpages = {11},
 url = {http://dl.acm.org/citation.cfm?id=776816.776917},
 acmid = {776917},
 publisher = {IEEE Computer Society},
 address = {Washington, DC, USA},
}

@inproceedings{Thinyane:2012:EIU:2389836.2389868,
 author = {Thinyane, Hannah and Thorne, Jean-Paul},
 title = {An Empirical Investigation into the Use of Digital Photo Frames As Low Cost e-Book Readers},
 booktitle = {Proceedings of the South African Institute for Computer Scientists and Information Technologists Conference},
 series = {SAICSIT '12},
 year = {2012},
 isbn = {978-1-4503-1308-7},
 location = {Pretoria, South Africa},
 pages = {270--276},
 numpages = {7},
 url = {http://doi.acm.org/10.1145/2389836.2389868},
 doi = {10.1145/2389836.2389868},
 acmid = {2389868},
 publisher = {ACM},
 address = {New York, NY, USA},
 keywords = {digital photo frame, e-book reader, improving classroom teaching},
}

@article{Black:1989:OTK:67450.67467,
 author = {Black, J. B. and Bechtold, J. S. and Mitrani, M. and Carroll, J. M.},
 title = {On-line Tutorials: What Kind of Inference Leads to the Most Effective Learning?},
 journal = {SIGCHI Bull.},
 volume = {20},
 number = {SI},
 month = mar,
 year = {1989},
 issn = {0736-6906},
 pages = {81--83},
 numpages = {3},
 url = {http://doi.acm.org/10.1145/67450.67467},
 doi = {10.1145/67450.67467},
 acmid = {67467},
 publisher = {ACM},
 address = {New York, NY, USA},
}

@inproceedings{Black:1989:OTK:67449.67467,
 author = {Black, J. B. and Bechtold, J. S. and Mitrani, M. and Carroll, J. M.},
 title = {On-line Tutorials: What Kind of Inference Leads to the Most Effective Learning?},
 booktitle = {Proceedings of the SIGCHI Conference on Human Factors in Computing Systems},
 series = {CHI '89},
 year = {1989},
 isbn = {0-89791-301-9},
 pages = {81--83},
 numpages = {3},
 url = {http://doi.acm.org/10.1145/67449.67467},
 doi = {10.1145/67449.67467},
 acmid = {67467},
 publisher = {ACM},
 address = {New York, NY, USA},
}

@inproceedings{Ivanova:2009:EFI:1632189.1632298,
 author = {Ivanova, Malinka and Popova, Anguelina},
 title = {An Exploration of Formal and Informal Learning Flows in LMS 2.0: Case Study Edu 2.0},
 booktitle = {Proceedings of the 2009 IEEE/WIC/ACM International Joint Conference on Web Intelligence and Intelligent Agent Technology - Volume 03},
 series = {WI-IAT '09},
 year = {2009},
 isbn = {978-0-7695-3801-3},
 pages = {227--230},
 numpages = {4},
 url = {https://doi.org/10.1109/WI-IAT.2009.269},
 doi = {10.1109/WI-IAT.2009.269},
 acmid = {1632298},
 publisher = {IEEE Computer Society},
 address = {Washington, DC, USA},
 keywords = {LMS 2.0, Edu 2.0, Web 2.0 technologies, formal, informal, learning, flow},
}

@article{Barros:2002:SPU:637610.544463,
 author = {Barros, Jo\~{a}o Paulo},
 title = {Specific Proposals for the Use of Petri Nets in a Concurrent Programming Course},
 journal = {SIGCSE Bull.},
 issue_date = {September 2002},
 volume = {34},
 number = {3},
 month = jun,
 year = {2002},
 issn = {0097-8418},
 pages = {165--167},
 numpages = {3},
 url = {http://doi.acm.org/10.1145/637610.544463},
 doi = {10.1145/637610.544463},
 acmid = {544463},
 publisher = {ACM},
 address = {New York, NY, USA},
 keywords = {FSP, LTSA, introductory course, process algebra, state machines},
}

@inproceedings{Barros:2002:SPU:544414.544463,
 author = {Barros, Jo\~{a}o Paulo},
 title = {Specific Proposals for the Use of Petri Nets in a Concurrent Programming Course},
 booktitle = {Proceedings of the 7th Annual Conference on Innovation and Technology in Computer Science Education},
 series = {ITiCSE '02},
 year = {2002},
 isbn = {1-58113-499-1},
 location = {Aarhus, Denmark},
 pages = {165--167},
 numpages = {3},
 url = {http://doi.acm.org/10.1145/544414.544463},
 doi = {10.1145/544414.544463},
 acmid = {544463},
 publisher = {ACM},
 address = {New York, NY, USA},
 keywords = {FSP, LTSA, introductory course, process algebra, state machines},
}

@inproceedings{Evans:2006:III:1134285.1134388,
 author = {Evans, David and Peck, Michael},
 title = {Inculcating Invariants in Introductory Courses},
 booktitle = {Proceedings of the 28th International Conference on Software Engineering},
 series = {ICSE '06},
 year = {2006},
 isbn = {1-59593-375-1},
 location = {Shanghai, China},
 pages = {673--678},
 numpages = {6},
 url = {http://doi.acm.org/10.1145/1134285.1134388},
 doi = {10.1145/1134285.1134388},
 acmid = {1134388},
 publisher = {ACM},
 address = {New York, NY, USA},
 keywords = {dependability, dynamic inference, introductory software engineering, invariants, security, software engineering, static analysis},
}

@article{Chellappa:1997:EIV:260750.260769,
 author = {Chellappa, Ramnath and Barua, Anitesh and Whinston, Andrew B.},
 title = {An Electronic Infrastructure for a Virtual University},
 journal = {Commun. ACM},
 issue_date = {Sept. 1997},
 volume = {40},
 number = {9},
 month = sep,
 year = {1997},
 issn = {0001-0782},
 pages = {56--58},
 numpages = {3},
 url = {http://doi.acm.org/10.1145/260750.260769},
 doi = {10.1145/260750.260769},
 acmid = {260769},
 publisher = {ACM},
 address = {New York, NY, USA},
}

@inproceedings{Flick:1983:OUI:800041.801433,
 author = {Flick, William C. and Isensee, Philip H.},
 title = {Organizing User Information: A Way to Hold Fewer Hands},
 booktitle = {Proceedings of the 11th Annual ACM SIGUCCS Conference on User Services},
 series = {SIGUCCS '83},
 year = {1983},
 isbn = {0-89791-116-4},
 location = {New Orleans, Louisiana, USA},
 pages = {113--121},
 numpages = {9},
 url = {http://doi.acm.org/10.1145/800041.801433},
 doi = {10.1145/800041.801433},
 acmid = {801433},
 publisher = {ACM},
 address = {New York, NY, USA},
}

@article{Hiltz:1997:ALN:260750.260764,
 author = {Hiltz, Starr Roxanne and Wellman, Barry},
 title = {Asynchronous Learning Networks As a Virtual Classroom},
 journal = {Commun. ACM},
 issue_date = {Sept. 1997},
 volume = {40},
 number = {9},
 month = sep,
 year = {1997},
 issn = {0001-0782},
 pages = {44--49},
 numpages = {6},
 url = {http://doi.acm.org/10.1145/260750.260764},
 doi = {10.1145/260750.260764},
 acmid = {260764},
 publisher = {ACM},
 address = {New York, NY, USA},
}

@inproceedings{Evans:1981:AUI:800276.810963,
 author = {Evans, R. and Fiddian, N. J. and Gray, W. A.},
 title = {Adaptable User Interfaces for Portable, Interactive Computing Software Systems},
 booktitle = {Proceedings of the Joint Conference on Easier and More Productive Use of Computer Systems. (Part - II): Human Interface and the User Interface - Volume 1981},
 series = {CHI '81},
 year = {1981},
 isbn = {0-89791-064-8},
 location = {Ann Arbor, MI},
 pages = {59--64},
 numpages = {6},
 url = {http://doi.acm.org/10.1145/800276.810963},
 doi = {10.1145/800276.810963},
 acmid = {810963},
 publisher = {ACM},
 address = {New York, NY, USA},
 keywords = {Adaptability, Demography, Interactive systems, Portability, Teaching aid, User interface},
}

@article{Evans:1981:AUI:1015579.810963,
 author = {Evans, R. and Fiddian, N. J. and Gray, W. A.},
 title = {Adaptable User Interfaces for Portable, Interactive Computing Software Systems},
 journal = {SIGSOC Bull.},
 issue_date = {1982},
 volume = {13},
 number = {2-3},
 month = may,
 year = {1981},
 issn = {0163-5794},
 pages = {59--64},
 numpages = {6},
 url = {http://doi.acm.org/10.1145/1015579.810963},
 doi = {10.1145/1015579.810963},
 acmid = {810963},
 publisher = {ACM},
 address = {New York, NY, USA},
 keywords = {Adaptability, Demography, Interactive systems, Portability, Teaching aid, User interface},
}

@inproceedings{Landau:2013:IIC:2484762.2484769,
 author = {Landau, Pl Rubin and Mulder, Greg and Holmes, Raquell and Borinskaya, Sofya and Kang, NamHwa and Bordeianu, Cristian},
 title = {INSTANCES: Incorporating Computational \&Lt;U\&Gt;Scientific\&Lt;/U\&Gt; Thinking Advances into Education \&\#38; Science Courses},
 booktitle = {Proceedings of the Conference on Extreme Science and Engineering Discovery Environment: Gateway to Discovery},
 series = {XSEDE '13},
 year = {2013},
 isbn = {978-1-4503-2170-9},
 location = {San Diego, California, USA},
 pages = {61:1--61:4},
 articleno = {61},
 numpages = {4},
 url = {http://doi.acm.org/10.1145/2484762.2484769},
 doi = {10.1145/2484762.2484769},
 acmid = {2484769},
 publisher = {ACM},
 address = {New York, NY, USA},
 keywords = {6-12 science education, computational science, computer tools, education, in-service teachers, pre-service teachers},
}

@article{VanVerth:1986:TMP:953055.5648,
 author = {Van Verth, Patricia B.},
 title = {Testing a Model of Program Quality},
 journal = {SIGCSE Bull.},
 issue_date = {February 1986},
 volume = {18},
 number = {1},
 month = feb,
 year = {1986},
 issn = {0097-8418},
 pages = {163--172},
 numpages = {10},
 url = {http://doi.acm.org/10.1145/953055.5648},
 doi = {10.1145/953055.5648},
 acmid = {5648},
 publisher = {ACM},
 address = {New York, NY, USA},
}

@inproceedings{VanVerth:1986:TMP:5600.5648,
 author = {Van Verth, Patricia B.},
 title = {Testing a Model of Program Quality},
 booktitle = {Proceedings of the Seventeenth SIGCSE Technical Symposium on Computer Science Education},
 series = {SIGCSE '86},
 year = {1986},
 isbn = {0-89791-178-4},
 location = {Cincinnati, Ohio, USA},
 pages = {163--172},
 numpages = {10},
 url = {http://doi.acm.org/10.1145/5600.5648},
 doi = {10.1145/5600.5648},
 acmid = {5648},
 publisher = {ACM},
 address = {New York, NY, USA},
}

@inproceedings{Ferreira:2019:UDS:3297280.3297463,
 author = {Ferreira, Vin\'{\i}cius Gomes and Canedo, Edna Dias},
 title = {Using Design Sprint As a Facilitator in Active Learning for Students in the Requirements Engineering Course: An Experience Report},
 booktitle = {Proceedings of the 34th ACM/SIGAPP Symposium on Applied Computing},
 series = {SAC '19},
 year = {2019},
 isbn = {978-1-4503-5933-7},
 location = {Limassol, Cyprus},
 pages = {1852--1859},
 numpages = {8},
 url = {http://doi.acm.org/10.1145/3297280.3297463},
 doi = {10.1145/3297280.3297463},
 acmid = {3297463},
 publisher = {ACM},
 address = {New York, NY, USA},
 keywords = {active learning, design sprint, facilitate learning, requirements engineering, supervised internship},
}

@inproceedings{Flor:1997:EGC:1599773.1599779,
 author = {Flor, Nick V. and Maglio, Paul P.},
 title = {Emergent Global Cueing of Local Activity: Covering in Music},
 booktitle = {Proceedings of the 2Nd International Conference on Computer Support for Collaborative Learning},
 series = {CSCL '97},
 year = {1997},
 location = {Toronto, Ontario, Canada},
 pages = {47--54},
 numpages = {8},
 url = {http://dl.acm.org/citation.cfm?id=1599773.1599779},
 acmid = {1599779},
 publisher = {International Society of the Learning Sciences},
}

@article{Roels:2019:CFC:3340630.3331149,
 author = {Roels, Reinout and Signer, Beat},
 title = {A Conceptual Framework and Content Model for Next Generation Presentation Solutions},
 journal = {Proc. ACM Hum.-Comput. Interact.},
 issue_date = {June 2019},
 volume = {3},
 number = {EICS},
 month = jun,
 year = {2019},
 issn = {2573-0142},
 pages = {7:1--7:22},
 articleno = {7},
 numpages = {22},
 url = {http://doi.acm.org/10.1145/3331149},
 doi = {10.1145/3331149},
 acmid = {3331149},
 publisher = {ACM},
 address = {New York, NY, USA},
 keywords = {conceptual framework, content model, mindxpres, powerpoint, presentations, slideware},
}

@inproceedings{Wiles:2016:SCP:2906831.2906962,
 author = {Wiles, Janet and Worthy, Peter and Hensby, Kristyn and Boden, Marie and Heath, Scott and Pounds, Paul and Rybak, Nikodem and Smith, Michael and Taufaofua, Jonathon and Weigel, Jason},
 title = {Social Cardboard: Pretotyping a Social Ethnodroid in the Wild},
 booktitle = {The Eleventh ACM/IEEE International Conference on Human Robot Interaction},
 series = {HRI '16},
 year = {2016},
 isbn = {978-1-4673-8370-7},
 location = {Christchurch, New Zealand},
 pages = {531--532},
 numpages = {2},
 url = {http://dl.acm.org/citation.cfm?id=2906831.2906962},
 acmid = {2906962},
 publisher = {IEEE Press},
 address = {Piscataway, NJ, USA},
 keywords = {child-friendly robot, chri, ethnodroid, opal robot, pretotyping, testing robots in the wild, wizard of oz},
}

@inproceedings{Fischer:1990:UCE:97243.97305,
 author = {Fischer, Gerhard and Lemke, Andreas C. and Mastaglio, Thomas and Morch, Anders I.},
 title = {Using Critics to Empower Users},
 booktitle = {Proceedings of the SIGCHI Conference on Human Factors in Computing Systems},
 series = {CHI '90},
 year = {1990},
 isbn = {0-201-50932-6},
 location = {Seattle, Washington, USA},
 pages = {337--347},
 numpages = {11},
 url = {http://doi.acm.org/10.1145/97243.97305},
 doi = {10.1145/97243.97305},
 acmid = {97305},
 publisher = {ACM},
 address = {New York, NY, USA},
}

@inproceedings{Esteban:2013:DHS:2536536.2536551,
 author = {Esteban, Gonzalo and Fern\'{a}ndez, Camino and Conde, Miguel A. and Matell\'{a}n, Vicente},
 title = {Design of a Haptic Simulator Framework for Modelling Surgical Learning Systems},
 booktitle = {Proceedings of the First International Conference on Technological Ecosystem for Enhancing Multiculturality},
 series = {TEEM '13},
 year = {2013},
 isbn = {978-1-4503-2345-1},
 location = {Salamanca, Spain},
 pages = {87--94},
 numpages = {8},
 url = {http://doi.acm.org/10.1145/2536536.2536551},
 doi = {10.1145/2536536.2536551},
 acmid = {2536551},
 publisher = {ACM},
 address = {New York, NY, USA},
 keywords = {design pattern, e-learning framework, haptic simulator},
}

@inproceedings{Flores:2006:ART:1179295.1179318,
 author = {Flores, Victoria Contreras},
 title = {ARTNATOMY (Anatomical Basis of Facial Expression Interactive Learning Tool)},
 booktitle = {ACM SIGGRAPH 2006 Educators Program},
 series = {SIGGRAPH '06},
 year = {2006},
 isbn = {1-59593-364-6},
 location = {Boston, Massachusetts},
 articleno = {22},
 url = {http://doi.acm.org/10.1145/1179295.1179318},
 doi = {10.1145/1179295.1179318},
 acmid = {1179318},
 publisher = {ACM},
 address = {New York, NY, USA},
 keywords = {education, educational software, facial animation, fine arts, interactive resource},
}

@inproceedings{Gross:2015:HRS:2723576.2723601,
 author = {Gross, Eric and Wshah, Safwan and Simmons, Isaiah and Skinner, Gary},
 title = {A Handwriting Recognition System for the Classroom},
 booktitle = {Proceedings of the Fifth International Conference on Learning Analytics And Knowledge},
 series = {LAK '15},
 year = {2015},
 isbn = {978-1-4503-3417-4},
 location = {Poughkeepsie, New York},
 pages = {218--222},
 numpages = {5},
 url = {http://doi.acm.org/10.1145/2723576.2723601},
 doi = {10.1145/2723576.2723601},
 acmid = {2723601},
 publisher = {ACM},
 address = {New York, NY, USA},
 keywords = {Xerox Ignite\texttrademark, handwriting, intelligent character recognition, learning analytics},
}

@inproceedings{Grammenos:2007:DEE:1296843.1296863,
 author = {Grammenos, Dimitris and Savidis, Anthony and Georgalis, Yannis and Bourdenas, Themistoklis and Stephanidis, Constantine},
 title = {Dual Educational Electronic Textbooks: The Starlight Platform},
 booktitle = {Proceedings of the 9th International ACM SIGACCESS Conference on Computers and Accessibility},
 series = {Assets '07},
 year = {2007},
 isbn = {978-1-59593-573-1},
 location = {Tempe, Arizona, USA},
 pages = {107--114},
 numpages = {8},
 url = {http://doi.acm.org/10.1145/1296843.1296863},
 doi = {10.1145/1296843.1296863},
 acmid = {1296863},
 publisher = {ACM},
 address = {New York, NY, USA},
 keywords = {blind students, braille display, electronic books, loosely coupled dual interaction, non-visual interaction, synthetic speech},
}

@inproceedings{Hawthorne:2005:SEE:1062455.1062581,
 author = {Hawthorne, Matthew J. and Perry, Dewayne E.},
 title = {Software Engineering Education in the Era of Outsourcing, Distributed Development, and Open Source Software: Challenges and Opportunities},
 booktitle = {Proceedings of the 27th International Conference on Software Engineering},
 series = {ICSE '05},
 year = {2005},
 isbn = {1-58113-963-2},
 location = {St. Louis, MO, USA},
 pages = {643--644},
 numpages = {2},
 url = {http://doi.acm.org/10.1145/1062455.1062581},
 doi = {10.1145/1062455.1062581},
 acmid = {1062581},
 publisher = {ACM},
 address = {New York, NY, USA},
 keywords = {computer science education, contextual learning, education, informatics, software engineering education},
}

@article{Hamid:2008:TPC:1409823.1409868,
 author = {Hamid, Nadeem Abdul},
 title = {Theorem Proving with the COQ Proof Assistant: Tutorial Presentation},
 journal = {J. Comput. Sci. Coll.},
 issue_date = {December 2008},
 volume = {24},
 number = {2},
 month = dec,
 year = {2008},
 issn = {1937-4771},
 pages = {230--230},
 numpages = {1},
 url = {http://dl.acm.org/citation.cfm?id=1409823.1409868},
 acmid = {1409868},
 publisher = {Consortium for Computing Sciences in Colleges},
 address = {USA},
}

@article{Ivie:2018:RSC:3212709.3186266,
 author = {Ivie, Peter and Thain, Douglas},
 title = {Reproducibility in Scientific Computing},
 journal = {ACM Comput. Surv.},
 issue_date = {July 2018},
 volume = {51},
 number = {3},
 month = jul,
 year = {2018},
 issn = {0360-0300},
 pages = {63:1--63:36},
 articleno = {63},
 numpages = {36},
 url = {http://doi.acm.org/10.1145/3186266},
 doi = {10.1145/3186266},
 acmid = {3186266},
 publisher = {ACM},
 address = {New York, NY, USA},
 keywords = {Reproducibility, computational science, replicability, reproducible, scientific computing, scientific workflow, scientific workflows, workflow, workflows},
}

@inproceedings{Moore:2002:ANA:544220.544326,
 author = {Moore, Shirley and Baker, A. J. and Dongarra, Jack},
 title = {Active Netlib: An Active Mathematical Software Collection for Inquiry-based Computational Science \& Engineering Education},
 booktitle = {Proceedings of the 2Nd ACM/IEEE-CS Joint Conference on Digital Libraries},
 series = {JCDL '02},
 year = {2002},
 isbn = {1-58113-513-0},
 location = {Portland, Oregon, USA},
 pages = {379--379},
 numpages = {1},
 url = {http://doi.acm.org/10.1145/544220.544326},
 doi = {10.1145/544220.544326},
 acmid = {544326},
 publisher = {ACM},
 address = {New York, NY, USA},
 keywords = {computational problems, computational science, computational servers, education, engineering, interactive interfaces, learning environments, linear algebra, mathematical software, numerical analysis, numerical methods, software reuse, solvers},
}

@inproceedings{Moore:2002:ANA:544220.544349,
 author = {Moore, Shirley and Baker, A. J. and Dongarra, Jack},
 title = {Active Netlib: An Active Mathematical Software Collection for Inquiry-based Computational Science \& Engineering Education},
 booktitle = {Proceedings of the 2Nd ACM/IEEE-CS Joint Conference on Digital Libraries},
 series = {JCDL '02},
 year = {2002},
 isbn = {1-58113-513-0},
 location = {Portland, Oregon, USA},
 pages = {401--401},
 numpages = {1},
 url = {http://doi.acm.org/10.1145/544220.544349},
 doi = {10.1145/544220.544349},
 acmid = {544349},
 publisher = {ACM},
 address = {New York, NY, USA},
 keywords = {computational problems, computational science, computational servers, education, engineering, interactive interfaces, learning environments, linear algebra, mathematical software, numerical analysis, numerical methods, software reuse, solvers},
}

