@inproceedings{Chang:2002:GTV:820060.820062,
 author = {Chang, Dempsey and Dooley, Laurence and Tuovinen, Juhani E.},
 title = {Gestalt Theory in Visual Screen Design: A New Look at an Old Subject},
 booktitle = {Proceedings of the Seventh World Conference on Computers in Education Conference on Computers in Education: Australian Topics - Volume 8},
 series = {CRPIT '02},
 year = {2002},
 isbn = {0-909925-86-0},
 location = {Copenhagen, Denmark},
 pages = {5--12},
 numpages = {8},
 url = {http://dl.acm.org/citation.cfm?id=820060.820062},
 acmid = {820062},
 publisher = {Australian Computer Society, Inc.},
 address = {Darlinghurst, Australia, Australia},
}

