@inproceedings{Buffum:2015:LNI:2787622.2787734,
 author = {Buffum, Philip Sheridan},
 title = {Leveraging Narrative Interactivity to Foster Computer Science Identities},
 booktitle = {Proceedings of the Eleventh Annual International Conference on International Computing Education Research},
 series = {ICER '15},
 year = {2015},
 isbn = {978-1-4503-3630-7},
 location = {Omaha, Nebraska, USA},
 pages = {247--248},
 numpages = {2},
 url = {http://doi.acm.org/10.1145/2787622.2787734},
 doi = {10.1145/2787622.2787734},
 acmid = {2787734},
 publisher = {ACM},
 address = {New York, NY, USA},
 keywords = {equity, identity formation, middle school, narrative},
}

@inproceedings{Szynkiewicz:2019:LTC:3304221.3325597,
 author = {Szynkiewicz, Justyna},
 title = {Learning Through Construction's Influence on IT Students' Identity Formation},
 booktitle = {Proceedings of the 2019 ACM Conference on Innovation and Technology in Computer Science Education},
 series = {ITiCSE '19},
 year = {2019},
 isbn = {978-1-4503-6301-3},
 location = {Aberdeen, Scotland Uk},
 pages = {348--349},
 numpages = {2},
 url = {http://doi.acm.org/10.1145/3304221.3325597},
 doi = {10.1145/3304221.3325597},
 acmid = {3325597},
 publisher = {ACM},
 address = {New York, NY, USA},
 keywords = {active learning, it identity, computer science education, learning through construction},
}

@inproceedings{Kapoor:2019:GTC:3304221.3325598,
 author = {Kapoor, Amanpreet},
 title = {A Grounded Theory of Computing Professional Identity Formation},
 booktitle = {Proceedings of the 2019 ACM Conference on Innovation and Technology in Computer Science Education},
 series = {ITiCSE '19},
 year = {2019},
 isbn = {978-1-4503-6301-3},
 location = {Aberdeen, Scotland Uk},
 pages = {334--335},
 numpages = {2},
 url = {http://doi.acm.org/10.1145/3304221.3325598},
 doi = {10.1145/3304221.3325598},
 acmid = {3325598},
 publisher = {ACM},
 address = {New York, NY, USA},
 keywords = {computing professional identity, grounded theory, identity},
}

@inproceedings{Suzuki:1997:IFP:1599773.1599808,
 author = {Suzuki, Hideyuki and Kato, Hiroshi},
 title = {Identity Formation/Transformation As the Process of Collaborative Learning Through AlgoArena},
 booktitle = {Proceedings of the 2Nd International Conference on Computer Support for Collaborative Learning},
 series = {CSCL '97},
 year = {1997},
 location = {Toronto, Ontario, Canada},
 pages = {283--291},
 numpages = {9},
 url = {http://dl.acm.org/citation.cfm?id=1599773.1599808},
 acmid = {1599808},
 publisher = {International Society of the Learning Sciences},
 keywords = {identity, interaction analysis, situated learning, software education},
}

@inproceedings{Parker:2017:SPI:3105726.3105737,
 author = {Parker, Rick},
 title = {Studying Professional Identity in Software Engineering},
 booktitle = {Proceedings of the 2017 ACM Conference on International Computing Education Research},
 series = {ICER '17},
 year = {2017},
 isbn = {978-1-4503-4968-0},
 location = {Tacoma, Washington, USA},
 pages = {283--284},
 numpages = {2},
 url = {http://doi.acm.org/10.1145/3105726.3105737},
 doi = {10.1145/3105726.3105737},
 acmid = {3105737},
 publisher = {ACM},
 address = {New York, NY, USA},
 keywords = {capstone, communities of practice, concerns-based adoption, professional identity},
}

@inproceedings{Sigurdson:2017:SPM:3141880.3141888,
 author = {Sigurdson, Nikki and Petersen, Andrew},
 title = {Student Perspectives on Mathematics in Computer Science},
 booktitle = {Proceedings of the 17th Koli Calling International Conference on Computing Education Research},
 series = {Koli Calling '17},
 year = {2017},
 isbn = {978-1-4503-5301-4},
 location = {Koli, Finland},
 pages = {108--117},
 numpages = {10},
 url = {http://doi.acm.org/10.1145/3141880.3141888},
 doi = {10.1145/3141880.3141888},
 acmid = {3141888},
 publisher = {ACM},
 address = {New York, NY, USA},
 keywords = {curriculum, identity, mathematics},
}

@inproceedings{Parker:2016:SPS:2839509.2850544,
 author = {Parker, Rick},
 title = {Student Perceptions of Success in Computer Science Senior Capstone Projects (Abstract Only)},
 booktitle = {Proceedings of the 47th ACM Technical Symposium on Computing Science Education},
 series = {SIGCSE '16},
 year = {2016},
 isbn = {978-1-4503-3685-7},
 location = {Memphis, Tennessee, USA},
 pages = {689--689},
 numpages = {1},
 url = {http://doi.acm.org/10.1145/2839509.2850544},
 doi = {10.1145/2839509.2850544},
 acmid = {2850544},
 publisher = {ACM},
 address = {New York, NY, USA},
 keywords = {capstone, computer science education, student perceptions},
}

