@inproceedings{Wang:2018:UMM:3291078.3291121,
 author = {Wang, Xiaojun and Dost\'{a}l, Jir\'{\i}},
 title = {Using a Mind Map to Learn English Vocabulary},
 booktitle = {Proceedings of the 2018 2Nd International Conference on Education and E-Learning},
 series = {ICEEL 2018},
 year = {2018},
 isbn = {978-1-4503-6577-2},
 location = {Bali, Indonesia},
 pages = {150--153},
 numpages = {4},
 url = {http://doi.acm.org/10.1145/3291078.3291121},
 doi = {10.1145/3291078.3291121},
 acmid = {3291121},
 publisher = {ACM},
 address = {New York, NY, USA},
 keywords = {English, Mind Map, vocabulary},
}

@inproceedings{Daungtod:2019:SFC:3306500.3306542,
 author = {Daungtod, Srisuda and Chaijareon, Sumalee},
 title = {A Synthesis Framework of Constructivist via Gamification-based Learning Environments Model to Enhance Self-regulation for Undergraduate Students},
 booktitle = {Proceedings of the 10th International Conference on E-Education, E-Business, E-Management and E-Learning},
 series = {IC4E '19},
 year = {2019},
 isbn = {978-1-4503-6602-1},
 location = {Tokyo, Japan},
 pages = {146--150},
 numpages = {5},
 url = {http://doi.acm.org/10.1145/3306500.3306542},
 doi = {10.1145/3306500.3306542},
 acmid = {3306542},
 publisher = {ACM},
 address = {New York, NY, USA},
 keywords = {constructivist learning environments, gamification, intrinsic motivation, self-regulation},
}

@inproceedings{Gardner:2018:CNR:3170358.3170373,
 author = {Gardner, Josh and Brooks, Christopher},
 title = {Coenrollment Networks and Their Relationship to Grades in Undergraduate Education},
 booktitle = {Proceedings of the 8th International Conference on Learning Analytics and Knowledge},
 series = {LAK '18},
 year = {2018},
 isbn = {978-1-4503-6400-3},
 location = {Sydney, New South Wales, Australia},
 pages = {295--304},
 numpages = {10},
 url = {http://doi.acm.org/10.1145/3170358.3170373},
 doi = {10.1145/3170358.3170373},
 acmid = {3170373},
 publisher = {ACM},
 address = {New York, NY, USA},
 keywords = {grade prediction, learning analytics},
}

@article{Guimaraes:1994:EUA:190650.190661,
 author = {Guimar\~{a}es, M\'{a}rio Andr{\'e} Mayerhofer and de Lucena, Carlos Jos{\'e} Pereira and Cavalcanti, Maur\'{\i}cio Roma},
 title = {Experience Using the ASA Algorithm Teaching System},
 journal = {SIGCSE Bull.},
 issue_date = {Dec. 1994},
 volume = {26},
 number = {4},
 month = dec,
 year = {1994},
 issn = {0097-8418},
 pages = {45--50},
 numpages = {6},
 url = {http://doi.acm.org/10.1145/190650.190661},
 doi = {10.1145/190650.190661},
 acmid = {190661},
 publisher = {ACM},
 address = {New York, NY, USA},
}

@article{Cooper:2010:KCL:1839676.1839686,
 author = {Cooper, Stephen and P{\'e}rez, Lance C. and Rainey, Daphne},
 title = {K--12 Computational Learning},
 journal = {Commun. ACM},
 issue_date = {November 2010},
 volume = {53},
 number = {11},
 month = nov,
 year = {2010},
 issn = {0001-0782},
 pages = {27--29},
 numpages = {3},
 url = {http://doi.acm.org/10.1145/1839676.1839686},
 doi = {10.1145/1839676.1839686},
 acmid = {1839686},
 publisher = {ACM},
 address = {New York, NY, USA},
}

@inproceedings{Bort:2015:ICC:2676723.2677308,
 author = {Bort, Heather and Czarnik, Mimi and Brylow, Dennis},
 title = {Introducing Computing Concepts to Non-Majors: A Case Study in Gothic Novels},
 booktitle = {Proceedings of the 46th ACM Technical Symposium on Computer Science Education},
 series = {SIGCSE '15},
 year = {2015},
 isbn = {978-1-4503-2966-8},
 location = {Kansas City, Missouri, USA},
 pages = {132--137},
 numpages = {6},
 url = {http://doi.acm.org/10.1145/2676723.2677308},
 doi = {10.1145/2676723.2677308},
 acmid = {2677308},
 publisher = {ACM},
 address = {New York, NY, USA},
 keywords = {computer science education, network analysis},
}

@inproceedings{Law:2007:MVP:1316624.1316673,
 author = {Law, Effie Lai-Chong and Nguyen-Ngoc, Anh Vu and Kuru, Selahattin},
 title = {Mixed-method Validation of Pedagogical Concepts for an Intercultural Online Learning Environment: A Case Study},
 booktitle = {Proceedings of the 2007 International ACM Conference on Supporting Group Work},
 series = {GROUP '07},
 year = {2007},
 isbn = {978-1-59593-845-9},
 location = {Sanibel Island, Florida, USA},
 pages = {321--330},
 numpages = {10},
 url = {http://doi.acm.org/10.1145/1316624.1316673},
 doi = {10.1145/1316624.1316673},
 acmid = {1316673},
 publisher = {ACM},
 address = {New York, NY, USA},
 keywords = {competencies, cross-cultural, online learning environment, self-directed learning, social network analysis},
}

@inproceedings{Bower:2006:LSE:1151869.1151877,
 author = {Bower, Matt},
 title = {A Learning System Engineering Approach to Developing Online Courses},
 booktitle = {Proceedings of the 8th Australasian Conference on Computing Education - Volume 52},
 series = {ACE '06},
 year = {2006},
 isbn = {1-920682-34-1},
 location = {Hobart, Australia},
 pages = {45--54},
 numpages = {10},
 url = {http://dl.acm.org/citation.cfm?id=1151869.1151877},
 acmid = {1151877},
 publisher = {Australian Computer Society, Inc.},
 address = {Darlinghurst, Australia, Australia},
 keywords = {curriculum engineering, learning design, online learning, online technology},
}

@inproceedings{Shackelford:1990:ECM:97344.97413,
 author = {Shackelford, Russell L.},
 title = {Educational Computing: Myths Versus Methods\&Mdash;Why Computers Haven'T Helped and What We Can Do About It},
 booktitle = {Proceedings of the Conference on Computers and the Quality of Life},
 series = {CQL '90},
 year = {1990},
 isbn = {0-89791-403-1},
 location = {George Washington University, Washington, D.C., USA},
 pages = {139--146},
 numpages = {8},
 url = {http://doi.acm.org/10.1145/97344.97413},
 doi = {10.1145/97344.97413},
 acmid = {97413},
 publisher = {ACM},
 address = {New York, NY, USA},
}

@article{Shackelford:1990:ECM:97351.97413,
 author = {Shackelford, Russell L.},
 title = {Educational Computing: Myths Versus Methods\&Mdash;Why Computers Haven'T Helped and What We Can Do About It},
 journal = {SIGCAS Comput. Soc.},
 issue_date = {Oct. 1990},
 volume = {20},
 number = {3},
 month = aug,
 year = {1990},
 issn = {0095-2737},
 pages = {139--146},
 numpages = {8},
 url = {http://doi.acm.org/10.1145/97351.97413},
 doi = {10.1145/97351.97413},
 acmid = {97413},
 publisher = {ACM},
 address = {New York, NY, USA},
}

@inproceedings{Aprea:2008:TCT:1599812.1599817,
 author = {Aprea, Carmela},
 title = {Task-oriented Coaching for Teaching Instructional Planning: A Design-based Research Approach},
 booktitle = {Proceedings of the 8th International Conference on International Conference for the Learning Sciences - Volume 1},
 series = {ICLS'08},
 year = {2008},
 location = {Utrecht, The Netherlands},
 pages = {43--51},
 numpages = {9},
 url = {http://dl.acm.org/citation.cfm?id=1599812.1599817},
 acmid = {1599817},
 publisher = {International Society of the Learning Sciences},
}

@article{Perry:1997:RWP:264701.264708,
 author = {Perry, Elissa L. and Ballou, Deborah J.},
 title = {The Role of Work, Play, and Fun in Microcomputer Software Training},
 journal = {SIGMIS Database},
 issue_date = {Spring 1997},
 volume = {28},
 number = {2},
 month = apr,
 year = {1997},
 issn = {0095-0033},
 pages = {93--112},
 numpages = {20},
 url = {http://doi.acm.org/10.1145/264701.264708},
 doi = {10.1145/264701.264708},
 acmid = {264708},
 publisher = {ACM},
 address = {New York, NY, USA},
 keywords = {computer-based training, fun, human-computer interaction, learning, play, work},
}

@inproceedings{Lau:2017:TSL:3027385.3027443,
 author = {Lau, Clarissa and Sinclair, Jeanne and Taub, Michelle and Azevedo, Roger and Jang, Eunice Eunhee},
 title = {Transitioning Self-regulated Learning Profiles in Hypermedia-learning Environments},
 booktitle = {Proceedings of the Seventh International Learning Analytics \&\#38; Knowledge Conference},
 series = {LAK '17},
 year = {2017},
 isbn = {978-1-4503-4870-6},
 location = {Vancouver, British Columbia, Canada},
 pages = {198--202},
 numpages = {5},
 url = {http://doi.acm.org/10.1145/3027385.3027443},
 doi = {10.1145/3027385.3027443},
 acmid = {3027443},
 publisher = {ACM},
 address = {New York, NY, USA},
 keywords = {information-processing theory, latent transition analysis, metacognition, metamemory, self-regulated learning},
}

@inproceedings{Gelderblom:2008:DTY:1456659.1456668,
 author = {Gelderblom, Helene and Kotz{\'e}, Paula},
 title = {Designing Technology for Young Children: What We Can Learn from Theories of Cognitive Development},
 booktitle = {Proceedings of the 2008 Annual Research Conference of the South African Institute of Computer Scientists and Information Technologists on IT Research in Developing Countries: Riding the Wave of Technology},
 series = {SAICSIT '08},
 year = {2008},
 isbn = {978-1-60558-286-3},
 location = {Wilderness, South Africa},
 pages = {66--75},
 numpages = {10},
 url = {http://doi.acm.org/10.1145/1456659.1456668},
 doi = {10.1145/1456659.1456668},
 acmid = {1456668},
 publisher = {ACM},
 address = {New York, NY, USA},
 keywords = {children's technology/software, cognitive development, cognitive skill development, design guidelines, psychological theories},
}

@inproceedings{Dong:2001:DPI:379437.379699,
 author = {Dong, Andy and Agogino, Alice M.},
 title = {Design Principles for the Information Architecture of a SMET Education Digital Library},
 booktitle = {Proceedings of the 1st ACM/IEEE-CS Joint Conference on Digital Libraries},
 series = {JCDL '01},
 year = {2001},
 isbn = {1-58113-345-6},
 location = {Roanoke, Virginia, USA},
 pages = {314--321},
 numpages = {8},
 url = {http://doi.acm.org/10.1145/379437.379699},
 doi = {10.1145/379437.379699},
 acmid = {379699},
 publisher = {ACM},
 address = {New York, NY, USA},
 keywords = {education, engineering, learning technology, mathematics, science, technology},
}

