@inproceedings{White:2008:PIT:1449956.1450043,
 author = {White, Michael},
 title = {Permeating Innovative Technologies Throughout the Institution},
 booktitle = {Proceedings of the 36th  Annual ACM SIGUCCS Fall Conference: Moving Mountains, Blazing Trails},
 series = {SIGUCCS '08},
 year = {2008},
 isbn = {978-1-60558-074-6},
 location = {Portland, OR, USA},
 pages = {297--300},
 numpages = {4},
 url = {http://doi.acm.org/10.1145/1449956.1450043},
 doi = {10.1145/1449956.1450043},
 acmid = {1450043},
 publisher = {ACM},
 address = {New York, NY, USA},
 keywords = {diffusion of innovations, models of technology use, new technologies},
}

@inproceedings{Miller:2009:CSI:1584322.1584331,
 author = {Miller, Jan C.},
 title = {Computer Science Innovation in Thailand},
 booktitle = {Proceedings of the Fifth International Workshop on Computing Education Research Workshop},
 series = {ICER '09},
 year = {2009},
 isbn = {978-1-60558-615-1},
 location = {Berkeley, CA, USA},
 pages = {63--74},
 numpages = {12},
 url = {http://doi.acm.org/10.1145/1584322.1584331},
 doi = {10.1145/1584322.1584331},
 acmid = {1584331},
 publisher = {ACM},
 address = {New York, NY, USA},
 keywords = {computer education, cross-cultural study, diffusion of innovation, empirical qualitative research, higher education reform, intercultural communication, system success, teaching and learning, thai culture, university culture},
}

@inproceedings{Bakheet:2019:FCC:3318396.3318447,
 author = {Bakheet, Eman Madani and Gravell, Andrew M.},
 title = {Flipped Classroom from Computer Science Instructors' Perspectives: A Proposed Model},
 booktitle = {Proceedings of the 2019 8th International Conference on Educational and Information Technology},
 series = {ICEIT 2019},
 year = {2019},
 isbn = {978-1-4503-6267-2},
 location = {Cambridge, United Kingdom},
 pages = {131--136},
 numpages = {6},
 url = {http://doi.acm.org/10.1145/3318396.3318447},
 doi = {10.1145/3318396.3318447},
 acmid = {3318447},
 publisher = {ACM},
 address = {New York, NY, USA},
 keywords = {Flipped classroom, UTAUT, computer science education, teaching pedagogy},
}

@inproceedings{Simon:2011:CSF:1953163.1953350,
 author = {Simon, Beth and Bales, Elizabeth and Griswold, William G. and Cooper, Stephen},
 title = {Case Study: Faculty Professional Development Workshops for Innovation Diffusion},
 booktitle = {Proceedings of the 42Nd ACM Technical Symposium on Computer Science Education},
 series = {SIGCSE '11},
 year = {2011},
 isbn = {978-1-4503-0500-6},
 location = {Dallas, TX, USA},
 pages = {673--678},
 numpages = {6},
 url = {http://doi.acm.org/10.1145/1953163.1953350},
 doi = {10.1145/1953163.1953350},
 acmid = {1953350},
 publisher = {ACM},
 address = {New York, NY, USA},
 keywords = {faculty development workshop, instructor adoption, tablet PC, ubiquitous presenter},
}

@inproceedings{Sanchez-Prieto:2016:ERC:3012430.3012594,
 author = {S\'{a}nchez-Prieto, Jos{\'e} Carlos and Miguel\'{a}\~{n}ez, Susana Olmos and Garc\'{\i}a-Pe\~{n}alvo, Francisco J.},
 title = {Enjoyment, Resistance to Change and Mlearning Acceptance Among Pre-service Teachers},
 booktitle = {Proceedings of the Fourth International Conference on Technological Ecosystems for Enhancing Multiculturality},
 series = {TEEM '16},
 year = {2016},
 isbn = {978-1-4503-4747-1},
 location = {Salamanca, Spain},
 pages = {691--697},
 numpages = {7},
 url = {http://doi.acm.org/10.1145/3012430.3012594},
 doi = {10.1145/3012430.3012594},
 acmid = {3012594},
 publisher = {ACM},
 address = {New York, NY, USA},
 keywords = {TAM, enjoyment, mlearning, pre-primary, pre-service, resistance to change},
}

@inproceedings{Alkhalifah:2017:MLA:3175536.3175583,
 author = {Alkhalifah, Tamim and de Vries, Denise and Rampersad, Giselle},
 title = {Mobile Learning Adoption in Developing Countries},
 booktitle = {Proceedings of the 2017 9th International Conference on Education Technology and Computers},
 series = {ICETC 2017},
 year = {2017},
 isbn = {978-1-4503-5435-6},
 location = {Barcelona, Spain},
 pages = {89--93},
 numpages = {5},
 url = {http://doi.acm.org/10.1145/3175536.3175583},
 doi = {10.1145/3175536.3175583},
 acmid = {3175583},
 publisher = {ACM},
 address = {New York, NY, USA},
 keywords = {M-learning, adoption, developing countries, technology acceptance models},
}

@inproceedings{Mosunmola:2018:AUM:3183586.3183595,
 author = {Mosunmola, Akinbode and Mayowa, Agboola and Okuboyejo, Senanu and Adeniji, Chinenrim},
 title = {Adoption and Use of Mobile Learning in Higher Education: The UTAUT Model},
 booktitle = {Proceedings of the 9th International Conference on E-Education, E-Business, E-Management and E-Learning},
 series = {IC4E '18},
 year = {2018},
 isbn = {978-1-4503-5485-1},
 location = {San Diego, California},
 pages = {20--25},
 numpages = {6},
 url = {http://doi.acm.org/10.1145/3183586.3183595},
 doi = {10.1145/3183586.3183595},
 acmid = {3183595},
 publisher = {ACM},
 address = {New York, NY, USA},
 keywords = {UTAUT2, higher education, mobile device, mobile learning},
}

@article{Grandon:2005:FIS:1047846.1047853,
 author = {Grandon, Elizabeth E. and Alshare, Khaled and Kwun, Obyung},
 title = {Factors Influencing Student Intention to Adopt Online Classes: A Cross-cultural Study},
 journal = {J. Comput. Sci. Coll.},
 issue_date = {April 2005},
 volume = {20},
 number = {4},
 month = apr,
 year = {2005},
 issn = {1937-4771},
 pages = {46--56},
 numpages = {11},
 url = {http://dl.acm.org/citation.cfm?id=1047846.1047853},
 acmid = {1047853},
 publisher = {Consortium for Computing Sciences in Colleges},
 address = {USA},
}

@inproceedings{Herath:2017:MSO:3084381.3084390,
 author = {Herath, Tejaswini and Herath, Hemantha S.B. and D'Arcy, John},
 title = {Managing Security in Organizations: Adoption of Information Security Solutions},
 booktitle = {Proceedings of the 2017 ACM SIGMIS Conference on Computers and People Research},
 series = {SIGMIS-CPR '17},
 year = {2017},
 isbn = {978-1-4503-5037-2},
 location = {Bangalore, India},
 pages = {87--88},
 numpages = {2},
 url = {http://doi.acm.org/10.1145/3084381.3084390},
 doi = {10.1145/3084381.3084390},
 acmid = {3084390},
 publisher = {ACM},
 address = {New York, NY, USA},
 keywords = {adoption, assimilation, diffusion, diffusion of innovation, information security, technology organization environment},
}

@inproceedings{Faggiani:2018:ELO:3241815.3241859,
 author = {Faggiani, Kathy S. and Dafnis, Bill and Kwan, Matthew},
 title = {Experiential Learning in an Online IT Program: A Case Study of Third-Party Capstone Project Sourcing},
 booktitle = {Proceedings of the 19th Annual SIG Conference on Information Technology Education},
 series = {SIGITE '18},
 year = {2018},
 isbn = {978-1-4503-5954-2},
 location = {Fort Lauderdale, Florida, USA},
 pages = {72--77},
 numpages = {6},
 url = {http://doi.acm.org/10.1145/3241815.3241859},
 doi = {10.1145/3241815.3241859},
 acmid = {3241859},
 publisher = {ACM},
 address = {New York, NY, USA},
 keywords = {experiential learning, industry-based capstone., information technology capstone course, project sources},
}

@inproceedings{Dafnis:2015:IDP:2808006.2808036,
 author = {Dafnis, Bill},
 title = {The Innovation Diffusion Paradox in Undergraduate Information Technology Student Outcomes},
 booktitle = {Proceedings of the 16th Annual Conference on Information Technology Education},
 series = {SIGITE '15},
 year = {2015},
 isbn = {978-1-4503-3835-6},
 location = {Chicago, Illinois, USA},
 pages = {15--20},
 numpages = {6},
 url = {http://doi.acm.org/10.1145/2808006.2808036},
 doi = {10.1145/2808006.2808036},
 acmid = {2808036},
 publisher = {ACM},
 address = {New York, NY, USA},
 keywords = {assessment, disruptive change., information technology innovation},
}

@article{Raman:2015:CSE:2767124.2716325,
 author = {Raman, Raghu and Venkatasubramanian, Smrithi and Achuthan, Krishnashree and Nedungadi, Prema},
 title = {Computer Science (CS) Education in Indian Schools: Situation Analysis Using Darmstadt Model},
 journal = {Trans. Comput. Educ.},
 issue_date = {May 2015},
 volume = {15},
 number = {2},
 month = may,
 year = {2015},
 issn = {1946-6226},
 pages = {7:1--7:36},
 articleno = {7},
 numpages = {36},
 url = {http://doi.acm.org/10.1145/2716325},
 doi = {10.1145/2716325},
 acmid = {2716325},
 publisher = {ACM},
 address = {New York, NY, USA},
 keywords = {Darmstadt model, ICT education, Theory of diffusion of innovation},
}

@inproceedings{Prieto:2014:MLA:2669711.2669961,
 author = {Prieto, Jos{\'e} Carlos S\'{a}nchez and Miguel\'{a}\~{n}ez, Susana Olmos and Garc\'{\i}a-Pe\~{n}alvo, Francisco J.},
 title = {Mobile Learning Adoption from Informal into Formal: An Extended TAM Model to Measure Mobile Acceptance Among Teachers},
 booktitle = {Proceedings of the Second International Conference on Technological Ecosystems for Enhancing Multiculturality},
 series = {TEEM '14},
 year = {2014},
 isbn = {978-1-4503-2896-8},
 location = {Salamanca, Spain},
 pages = {595--602},
 numpages = {8},
 url = {http://doi.acm.org/10.1145/2669711.2669961},
 doi = {10.1145/2669711.2669961},
 acmid = {2669961},
 publisher = {ACM},
 address = {New York, NY, USA},
 keywords = {ICT, TAM, mlearning, technology acceptance model, technology adoption},
}

@inproceedings{Postner:2019:IHE:3304221.3319765,
 author = {Postner, Lori and Burdge, Darci and Ellis, Heidi J. C. and Jackson, Stoney and Hislop, Gregory W.},
 title = {Impact of HFOSS on Education on Instructors},
 booktitle = {Proceedings of the 2019 ACM Conference on Innovation and Technology in Computer Science Education},
 series = {ITiCSE '19},
 year = {2019},
 isbn = {978-1-4503-6301-3},
 location = {Aberdeen, Scotland Uk},
 pages = {285--291},
 numpages = {7},
 url = {http://doi.acm.org/10.1145/3304221.3319765},
 doi = {10.1145/3304221.3319765},
 acmid = {3319765},
 publisher = {ACM},
 address = {New York, NY, USA},
 keywords = {computing education, computing for social good, hfoss, humanitarian computing},
}

@inproceedings{Prieto:2017:ADF:3144826.3145374,
 author = {Prieto, Jos{\'e} Carlos S\'{a}nchez and Miguel\'{a}\~{n}ez, Susana Olmos and Garc\'{\i}a-Pe\~{n}alvo, Francisco J.},
 title = {Assessment of the Disposition of Future Secondary Education Teachers Towards Mobile Learning},
 booktitle = {Proceedings of the 5th International Conference on Technological Ecosystems for Enhancing Multiculturality},
 series = {TEEM 2017},
 year = {2017},
 isbn = {978-1-4503-5386-1},
 location = {C\&aacute;diz, Spain},
 pages = {27:1--27:6},
 articleno = {27},
 numpages = {6},
 url = {http://doi.acm.org/10.1145/3144826.3145374},
 doi = {10.1145/3144826.3145374},
 acmid = {3145374},
 publisher = {ACM},
 address = {New York, NY, USA},
 keywords = {TAM, mobile learning, pre-service teachers, technology acceptance, university students},
}

@inproceedings{Sanchez-Prieto:2018:MAL:3284179.3284220,
 author = {S\'{a}nchez-Prieto, Jos{\'e} Carlos and Fang, Huang and Teo, Timothy and Garc\'{\i}a-Pe\~{n}alvo, Francisco Jos{\'e} and Torrecilla-S\'{a}nchez, Eva Mar\'{\i}a},
 title = {Mobile Acceptance and Learning Beliefs: A Cross-Cultural Assessment Between China and Spain},
 booktitle = {Proceedings of the Sixth International Conference on Technological Ecosystems for Enhancing Multiculturality},
 series = {TEEM'18},
 year = {2018},
 isbn = {978-1-4503-6518-5},
 location = {Salamanca, Spain},
 pages = {228--234},
 numpages = {7},
 url = {http://doi.acm.org/10.1145/3284179.3284220},
 doi = {10.1145/3284179.3284220},
 acmid = {3284220},
 publisher = {ACM},
 address = {New York, NY, USA},
 keywords = {TAM, learning beliefs, mobile learning, university students},
}

@article{PortoBellini:2018:AED:3234519.3205945,
 author = {Porto Bellini, Carlo Gabriel},
 title = {The ABCs of Effectiveness in the Digital Society},
 journal = {Commun. ACM},
 issue_date = {July 2018},
 volume = {61},
 number = {7},
 month = jun,
 year = {2018},
 issn = {0001-0782},
 pages = {84--91},
 numpages = {8},
 url = {http://doi.acm.org/10.1145/3205945},
 doi = {10.1145/3205945},
 acmid = {3205945},
 publisher = {ACM},
 address = {New York, NY, USA},
}

@inproceedings{Rhode:2018:CII:3178158.3178179,
 author = {Rhode, Jason and Krishnamurthi, Murali},
 title = {Considerations for Institutional Instructional Technology Decision-making},
 booktitle = {Proceedings of the 6th International Conference on Information and Education Technology},
 series = {ICIET '18},
 year = {2018},
 isbn = {978-1-4503-5359-5},
 location = {Osaka, Japan},
 pages = {201--210},
 numpages = {10},
 url = {http://doi.acm.org/10.1145/3178158.3178179},
 doi = {10.1145/3178158.3178179},
 acmid = {3178179},
 publisher = {ACM},
 address = {New York, NY, USA},
 keywords = {faculty, higher education, institution, instruction, integration, retention, selection, teaching, technology, tools},
}

@article{Kraemer:2009:OLP:1516046.1516063,
 author = {Kraemer, Kenneth L. and Dedrick, Jason and Sharma, Prakul},
 title = {One Laptop Per Child: Vision vs. Reality},
 journal = {Commun. ACM},
 issue_date = {June 2009},
 volume = {52},
 number = {6},
 month = jun,
 year = {2009},
 issn = {0001-0782},
 pages = {66--73},
 numpages = {8},
 url = {http://doi.acm.org/10.1145/1516046.1516063},
 doi = {10.1145/1516046.1516063},
 acmid = {1516063},
 publisher = {ACM},
 address = {New York, NY, USA},
}

@inproceedings{Sylvan:2007:NMO:1599600.1599770,
 author = {Sylvan, Elisabeth},
 title = {Network Models of Online Communities of Creators},
 booktitle = {Proceedings of the 8th Iternational Conference on Computer Supported Collaborative Learning},
 series = {CSCL'07},
 year = {2007},
 isbn = {978-0-6151-5436-7},
 location = {New Brunswick, New Jersey, USA},
 pages = {868--870},
 numpages = {3},
 url = {http://dl.acm.org/citation.cfm?id=1599600.1599770},
 acmid = {1599770},
 publisher = {International Society of the Learning Sciences},
}

