@inproceedings{Teplovs:2011:GPM:2090116.2090139,
 author = {Teplovs, Chris and Fujita, Nobuko and Vatrapu, Ravi},
 title = {Generating Predictive Models of Learner Community Dynamics},
 booktitle = {Proceedings of the 1st International Conference on Learning Analytics and Knowledge},
 series = {LAK '11},
 year = {2011},
 isbn = {978-1-4503-0944-8},
 location = {Banff, Alberta, Canada},
 pages = {147--152},
 numpages = {6},
 url = {http://doi.acm.org/10.1145/2090116.2090139},
 doi = {10.1145/2090116.2090139},
 acmid = {2090139},
 publisher = {ACM},
 address = {New York, NY, USA},
 keywords = {analysis, game theory, information visualization, latent semantic analysis, learner models, social network analysis},
}

@inproceedings{Budde:2017:TBT:3137065.3137077,
 author = {Budde, Lea and Heinemann, Birte and Schulte, Carsten},
 title = {A Theory Based Tool Set for Analysing Reading Processes in the Context of Learning Programming},
 booktitle = {Proceedings of the 12th Workshop on Primary and Secondary Computing Education},
 series = {WiPSCE '17},
 year = {2017},
 isbn = {978-1-4503-5428-8},
 location = {Nijmegen, Netherlands},
 pages = {83--86},
 numpages = {4},
 url = {http://doi.acm.org/10.1145/3137065.3137077},
 doi = {10.1145/3137065.3137077},
 acmid = {3137077},
 publisher = {ACM},
 address = {New York, NY, USA},
 keywords = {Block Model, Block Sequence Viewer, Cognitive Load, Eye Tracking, Learning Programming},
}

@article{D'mello:2013:AAA:2395123.2395128,
 author = {D'mello, Sidney and Graesser, Art},
 title = {AutoTutor and Affective Autotutor: Learning by Talking with Cognitively and Emotionally Intelligent Computers That Talk Back},
 journal = {ACM Trans. Interact. Intell. Syst.},
 issue_date = {December 2012},
 volume = {2},
 number = {4},
 month = jan,
 year = {2013},
 issn = {2160-6455},
 pages = {23:1--23:39},
 articleno = {23},
 numpages = {39},
 url = {http://doi.acm.org/10.1145/2395123.2395128},
 doi = {10.1145/2395123.2395128},
 acmid = {2395128},
 publisher = {ACM},
 address = {New York, NY, USA},
 keywords = {Intelligent tutoring systems, affect detection and synthesis, affective computing, constructivism, deep learning, natural language understanding, student modeling, user modeling},
}

@inproceedings{Wang:2016:TTH:2883851.2883964,
 author = {Wang, Xu and Wen, Miaomiao and Ros{\'e}, Carolyn P.},
 title = {Towards Triggering Higher-order Thinking Behaviors in MOOCs},
 booktitle = {Proceedings of the Sixth International Conference on Learning Analytics \& Knowledge},
 series = {LAK '16},
 year = {2016},
 isbn = {978-1-4503-4190-5},
 location = {Edinburgh, United Kingdom},
 pages = {398--407},
 numpages = {10},
 url = {http://doi.acm.org/10.1145/2883851.2883964},
 doi = {10.1145/2883851.2883964},
 acmid = {2883964},
 publisher = {ACM},
 address = {New York, NY, USA},
 keywords = {LDA topic modeling, coding manual, discussion, learning analytics, propensity score matching, regression analysis},
}

@inproceedings{vanderLinden:2016:SGI:3014033.3014040,
 author = {van der Linden, Anne and van Joolingen, Wouter},
 title = {A Serious Game for Interactive Teaching of Newton's Laws},
 booktitle = {Proceedings of the 3rd Asia-Europe Symposium on Simulation \& Serious Gaming},
 series = {VRCAI '16},
 year = {2016},
 isbn = {978-1-4503-4693-1},
 location = {Zhuhai, China},
 pages = {165--167},
 numpages = {3},
 url = {http://doi.acm.org/10.1145/3014033.3014040},
 doi = {10.1145/3014033.3014040},
 acmid = {3014040},
 publisher = {ACM},
 address = {New York, NY, USA},
 keywords = {inquiry-based learning, modeling, science education, serious games, simulation},
}

@inproceedings{Sidupa:2018:RII:3268808.3268813,
 author = {Sidupa, Christiana and Luke, Joice and Kurniawan, Chandra},
 title = {The Role of ICT in Improving English Reading Ability: Case Study of 5th Semester University Students},
 booktitle = {Proceedings of the 2Nd International Conference on E-Society, E-Education and E-Technology},
 series = {ICSET 2018},
 year = {2018},
 isbn = {978-1-4503-6528-4},
 location = {Taipei, Taiwan},
 pages = {42--45},
 numpages = {4},
 url = {http://doi.acm.org/10.1145/3268808.3268813},
 doi = {10.1145/3268808.3268813},
 acmid = {3268813},
 publisher = {ACM},
 address = {New York, NY, USA},
 keywords = {Information and Communication Technology (ICT), ability, post-test, pre-test, undergraduate},
}

@inproceedings{Ahmad:2013:SLA:2445196.2445286,
 author = {Ahmad, Khuloud and Gestwicki, Paul},
 title = {Studio-based Learning and App Inventor for Android in an Introductory CS Course for Non-majors},
 booktitle = {Proceeding of the 44th ACM Technical Symposium on Computer Science Education},
 series = {SIGCSE '13},
 year = {2013},
 isbn = {978-1-4503-1868-6},
 location = {Denver, Colorado, USA},
 pages = {287--292},
 numpages = {6},
 url = {http://doi.acm.org/10.1145/2445196.2445286},
 doi = {10.1145/2445196.2445286},
 acmid = {2445286},
 publisher = {ACM},
 address = {New York, NY, USA},
 keywords = {AIA, MSLQ, computer science education, introductory computer science, mind map, studio-based learning},
}

@article{Werner:2014:CPG:2698235.2677091,
 author = {Werner, Linda and Denner, Jill and Campe, Shannon},
 title = {Children Programming Games: A Strategy for Measuring Computational Learning},
 journal = {Trans. Comput. Educ.},
 issue_date = {February 2015},
 volume = {14},
 number = {4},
 month = dec,
 year = {2014},
 issn = {1946-6226},
 pages = {24:1--24:22},
 articleno = {24},
 numpages = {22},
 url = {http://doi.acm.org/10.1145/2677091},
 doi = {10.1145/2677091},
 acmid = {2677091},
 publisher = {ACM},
 address = {New York, NY, USA},
 keywords = {Alice, Computational learning, computational thinking, game programming, middle school},
}

@inproceedings{Escobedo:2012:MMA:2207676.2208649,
 author = {Escobedo, Lizbeth and Nguyen, David H. and Boyd, LouAnne and Hirano, Sen and Rangel, Alejandro and Garcia-Rosas, Daniel and Tentori, Monica and Hayes, Gillian},
 title = {MOSOCO: A Mobile Assistive Tool to Support Children with Autism Practicing Social Skills in Real-life Situations},
 booktitle = {Proceedings of the SIGCHI Conference on Human Factors in Computing Systems},
 series = {CHI '12},
 year = {2012},
 isbn = {978-1-4503-1015-4},
 location = {Austin, Texas, USA},
 pages = {2589--2598},
 numpages = {10},
 url = {http://doi.acm.org/10.1145/2207676.2208649},
 doi = {10.1145/2207676.2208649},
 acmid = {2208649},
 publisher = {ACM},
 address = {New York, NY, USA},
 keywords = {assistive technology, augmented reality, autism, child-computer interaction, mobile applications, social skills},
}

@inproceedings{Bouvier:2016:NPP:3024906.3024912,
 author = {Bouvier, Dennis and Lovellette, Ellie and Matta, John and Alshaigy, Bedour and Becker, Brett A. and Craig, Michelle and Jackova, Jana and McCartney, Robert and Sanders, Kate and Zarb, Mark},
 title = {Novice Programmers and the Problem Description Effect},
 booktitle = {Proceedings of the 2016 ITiCSE Working Group Reports},
 series = {ITiCSE '16},
 year = {2016},
 isbn = {978-1-4503-4882-9},
 location = {Arequipa, Peru},
 pages = {103--118},
 numpages = {16},
 url = {http://doi.acm.org/10.1145/3024906.3024912},
 doi = {10.1145/3024906.3024912},
 acmid = {3024912},
 publisher = {ACM},
 address = {New York, NY, USA},
 keywords = {CS1, context, novice programmers},
}

@inproceedings{Schulte:2010:IPC:1971681.1971687,
 author = {Schulte, Carsten and Clear, Tony and Taherkhani, Ahmad and Busjahn, Teresa and Paterson, James H.},
 title = {An Introduction to Program Comprehension for Computer Science Educators},
 booktitle = {Proceedings of the 2010 ITiCSE Working Group Reports},
 series = {ITiCSE-WGR '10},
 year = {2010},
 isbn = {978-1-4503-0677-5},
 location = {Ankara, Turkey},
 pages = {65--86},
 numpages = {22},
 url = {http://doi.acm.org/10.1145/1971681.1971687},
 doi = {10.1145/1971681.1971687},
 acmid = {1971687},
 publisher = {ACM},
 address = {New York, NY, USA},
 keywords = {CS ed research, pedagogy, program comprehension},
}

@inproceedings{Deitelhoff:2018:AGS:3204493.3207421,
 author = {Deitelhoff, Fabian},
 title = {Asynchronous Gaze Sharing: Towards a Dynamic Help System to Support Learners During Program Comprehension},
 booktitle = {Proceedings of the 2018 ACM Symposium on Eye Tracking Research \& Applications},
 series = {ETRA '18},
 year = {2018},
 isbn = {978-1-4503-5706-7},
 location = {Warsaw, Poland},
 pages = {70:1--70:3},
 articleno = {70},
 numpages = {3},
 url = {http://doi.acm.org/10.1145/3204493.3207421},
 doi = {10.1145/3204493.3207421},
 acmid = {3207421},
 publisher = {ACM},
 address = {New York, NY, USA},
 keywords = {asynchronous gaze sharing, program comprehension, social guidance, social navigation},
}

@inproceedings{Schueler:2008:MEM:1599871.1599910,
 author = {Schueler, Anne and Scheiter, Katharina and Gerjets, Peter and Rummer, Ralf},
 title = {The Modality Effect in Multimedia Learning: Theoretical and Empirical Limitations},
 booktitle = {Proceedings of the 8th International Conference on International Conference for the Learning Sciences - Volume 2},
 series = {ICLS'08},
 year = {2008},
 location = {Utrecht, The Netherlands},
 pages = {311--318},
 numpages = {8},
 url = {http://dl.acm.org/citation.cfm?id=1599871.1599910},
 acmid = {1599910},
 publisher = {International Society of the Learning Sciences},
}

@inproceedings{Busjahn:2013:UCR:2526968.2526969,
 author = {Busjahn, Teresa and Schulte, Carsten},
 title = {The Use of Code Reading in Teaching Programming},
 booktitle = {Proceedings of the 13th Koli Calling International Conference on Computing Education Research},
 series = {Koli Calling '13},
 year = {2013},
 isbn = {978-1-4503-2482-3},
 location = {Koli, Finland},
 pages = {3--11},
 numpages = {9},
 url = {http://doi.acm.org/10.1145/2526968.2526969},
 doi = {10.1145/2526968.2526969},
 acmid = {2526969},
 publisher = {ACM},
 address = {New York, NY, USA},
 keywords = {CS ed research, code comprehension, code reading, educational research, program comprehension, teaching programming},
}

@inproceedings{Schulte:2008:BME:1404520.1404535,
 author = {Schulte, Carsten},
 title = {Block Model: An Educational Model of Program Comprehension As a Tool for a Scholarly Approach to Teaching},
 booktitle = {Proceedings of the Fourth International Workshop on Computing Education Research},
 series = {ICER '08},
 year = {2008},
 isbn = {978-1-60558-216-0},
 location = {Sydney, Australia},
 pages = {149--160},
 numpages = {12},
 url = {http://doi.acm.org/10.1145/1404520.1404535},
 doi = {10.1145/1404520.1404535},
 acmid = {1404535},
 publisher = {ACM},
 address = {New York, NY, USA},
 keywords = {CS, CS ed research, educational model, pedagogy, program comprehension, teaching algorithms, teaching teacher students},
}

@inproceedings{Dascalu:2015:DCS:2723576.2723578,
 author = {Dascalu, Mihai and Trausan-Matu, Stefan and Dessus, Philippe and McNamara, Danielle S.},
 title = {Discourse Cohesion: A Signature of Collaboration},
 booktitle = {Proceedings of the Fifth International Conference on Learning Analytics And Knowledge},
 series = {LAK '15},
 year = {2015},
 isbn = {978-1-4503-3417-4},
 location = {Poughkeepsie, New York},
 pages = {350--354},
 numpages = {5},
 url = {http://doi.acm.org/10.1145/2723576.2723578},
 doi = {10.1145/2723576.2723578},
 acmid = {2723578},
 publisher = {ACM},
 address = {New York, NY, USA},
 keywords = {cohesion, collaboration assessment, computer supported collaborative learning, discourse analysis, learning analytics},
}

@inproceedings{Joksimovic:2015:YCA:2723576.2723604,
 author = {Joksimovi\'{c}, Sre\'{c}ko and Dowell, Nia and Skrypnyk, Oleksandra and Kovanovi\'{c}, Vitomir and Ga\v{s}evi\'{c}, Dragan and Dawson, Shane and Graesser, Arthur C.},
 title = {How Do You Connect?: Analysis of Social Capital Accumulation in Connectivist MOOCs},
 booktitle = {Proceedings of the Fifth International Conference on Learning Analytics And Knowledge},
 series = {LAK '15},
 year = {2015},
 isbn = {978-1-4503-3417-4},
 location = {Poughkeepsie, New York},
 pages = {64--68},
 numpages = {5},
 url = {http://doi.acm.org/10.1145/2723576.2723604},
 doi = {10.1145/2723576.2723604},
 acmid = {2723604},
 publisher = {ACM},
 address = {New York, NY, USA},
 keywords = {Coh-Metrix, MOOCs, automated text analysis, language, learning, social capital, social network analysis, social processes},
}

@inproceedings{Kimmerle:2009:ULW:1641309.1641315,
 author = {Kimmerle, Joachim and Moskaliuk, Johannes and Cress, Ulrike},
 title = {Understanding Learning: The Wiki Way},
 booktitle = {Proceedings of the 5th International Symposium on Wikis and Open Collaboration},
 series = {WikiSym '09},
 year = {2009},
 isbn = {978-1-60558-730-1},
 location = {Orlando, Florida},
 pages = {3:1--3:8},
 articleno = {3},
 numpages = {8},
 url = {http://doi.acm.org/10.1145/1641309.1641315},
 doi = {10.1145/1641309.1641315},
 acmid = {1641315},
 publisher = {ACM},
 address = {New York, NY, USA},
 keywords = {Wiki, co-evolution, collective knowledge, knowledge building},
}

@inproceedings{Francois:2009:CSL:1609179.1609182,
 author = {Fran\c{c}ois, Thomas L.},
 title = {Combining a Statistical Language Model with Logistic Regression to Predict the Lexical and Syntactic Difficulty of Texts for FFL},
 booktitle = {Proceedings of the 12th Conference of the European Chapter of the Association for Computational Linguistics: Student Research Workshop},
 series = {EACL '09},
 year = {2009},
 location = {Athens, Greece},
 pages = {19--27},
 numpages = {9},
 url = {http://dl.acm.org/citation.cfm?id=1609179.1609182},
 acmid = {1609182},
 publisher = {Association for Computational Linguistics},
 address = {Stroudsburg, PA, USA},
}

@inproceedings{Rodriguez:2019:ULA:3303772.3303841,
 author = {Rodriguez, Fernando and Yu, Renzhe and Park, Jihyun and Rivas, Mariela Janet and Warschauer, Mark and Sato, Brian K.},
 title = {Utilizing Learning Analytics to Map Students' Self-Reported Study Strategies to Click Behaviors in STEM Courses},
 booktitle = {Proceedings of the 9th International Conference on Learning Analytics \& Knowledge},
 series = {LAK19},
 year = {2019},
 isbn = {978-1-4503-6256-6},
 location = {Tempe, AZ, USA},
 pages = {456--460},
 numpages = {5},
 url = {http://doi.acm.org/10.1145/3303772.3303841},
 doi = {10.1145/3303772.3303841},
 acmid = {3303841},
 publisher = {ACM},
 address = {New York, NY, USA},
 keywords = {Higher Education, Learning Analytics, STEM Education, Spacing Effect, Study Skills, Underrepresented Students},
}

@inproceedings{Beheshitha:2016:RAG:2883851.2883904,
 author = {Beheshitha, Sanam Shirazi and Hatala, Marek and Ga\v{s}evi\'{c}, Dragan and Joksimovi\'{c}, Sre\'{c}ko},
 title = {The Role of Achievement Goal Orientations when Studying Effect of Learning Analytics Visualizations},
 booktitle = {Proceedings of the Sixth International Conference on Learning Analytics \& Knowledge},
 series = {LAK '16},
 year = {2016},
 isbn = {978-1-4503-4190-5},
 location = {Edinburgh, United Kingdom},
 pages = {54--63},
 numpages = {10},
 url = {http://doi.acm.org/10.1145/2883851.2883904},
 doi = {10.1145/2883851.2883904},
 acmid = {2883904},
 publisher = {ACM},
 address = {New York, NY, USA},
 keywords = {achievement goal orientation, dashboards, learning analytics, online discussions, visualizations},
}

@inproceedings{vanOosten:2011:RAR:2043132.2043147,
 author = {van Oosten, Philip and Hoste, V{\'e}ronique},
 title = {Readability Annotation: Replacing the Expert by the Crowd},
 booktitle = {Proceedings of the 6th Workshop on Innovative Use of NLP for Building Educational Applications},
 series = {IUNLPBEA '11},
 year = {2011},
 isbn = {9781937284039},
 location = {Portland, Oregon},
 pages = {120--129},
 numpages = {10},
 url = {http://dl.acm.org/citation.cfm?id=2043132.2043147},
 acmid = {2043147},
 publisher = {Association for Computational Linguistics},
 address = {Stroudsburg, PA, USA},
}

@inproceedings{Hong:2008:IPK:1599812.1599856,
 author = {Hong, Huang-Yao and Lin, Xiaodong},
 title = {Introducing People Knowledge into Science Learning},
 booktitle = {Proceedings of the 8th International Conference on International Conference for the Learning Sciences - Volume 1},
 series = {ICLS'08},
 year = {2008},
 location = {Utrecht, The Netherlands},
 pages = {366--373},
 numpages = {8},
 url = {http://dl.acm.org/citation.cfm?id=1599812.1599856},
 acmid = {1599856},
 publisher = {International Society of the Learning Sciences},
}

@inproceedings{Nathan:1990:ESP:97243.97317,
 author = {Nathan, Mitchell J.},
 title = {Empowering the Student: Prospects for an Unintelligent Tutoring System},
 booktitle = {Proceedings of the SIGCHI Conference on Human Factors in Computing Systems},
 series = {CHI '90},
 year = {1990},
 isbn = {0-201-50932-6},
 location = {Seattle, Washington, USA},
 pages = {407--414},
 numpages = {8},
 url = {http://doi.acm.org/10.1145/97243.97317},
 doi = {10.1145/97243.97317},
 acmid = {97317},
 publisher = {ACM},
 address = {New York, NY, USA},
}

@inproceedings{Hilbert:2008:CML:1599812.1599855,
 author = {Hilbert, Tatjana and N\"{u}ckles, Matthias and Matzel, Sandra},
 title = {Concept Mapping for Learning from Text: Evidence for a Worked-out-map-effect},
 booktitle = {Proceedings of the 8th International Conference on International Conference for the Learning Sciences - Volume 1},
 series = {ICLS'08},
 year = {2008},
 location = {Utrecht, The Netherlands},
 pages = {358--365},
 numpages = {8},
 url = {http://dl.acm.org/citation.cfm?id=1599812.1599855},
 acmid = {1599855},
 publisher = {International Society of the Learning Sciences},
}

@inproceedings{Bednarik:2018:EME:3279720.3279722,
 author = {Bednarik, Roman and Schulte, Carsten and Budde, Lea and Heinemann, Birte and Vrzakova, Hana},
 title = {Eye-movement Modeling Examples in Source Code Comprehension: A Classroom Study},
 booktitle = {Proceedings of the 18th Koli Calling International Conference on Computing Education Research},
 series = {Koli Calling '18},
 year = {2018},
 isbn = {978-1-4503-6535-2},
 location = {Koli, Finland},
 pages = {2:1--2:8},
 articleno = {2},
 numpages = {8},
 url = {http://doi.acm.org/10.1145/3279720.3279722},
 doi = {10.1145/3279720.3279722},
 acmid = {3279722},
 publisher = {ACM},
 address = {New York, NY, USA},
 keywords = {classroom, eye-tracking, gaze guidance, source code},
}

@inproceedings{Barkmin:2017:CSD:3141880.3141913,
 author = {Barkmin, Mike and Kramer, Matthias and Tobinski, David and Brinda, Torsten},
 title = {Code Structure Difficulty in OOP: An Exploration Study Regarding Basic Cognitive Processes},
 booktitle = {Proceedings of the 17th Koli Calling International Conference on Computing Education Research},
 series = {Koli Calling '17},
 year = {2017},
 isbn = {978-1-4503-5301-4},
 location = {Koli, Finland},
 pages = {185--186},
 numpages = {2},
 url = {http://doi.acm.org/10.1145/3141880.3141913},
 doi = {10.1145/3141880.3141913},
 acmid = {3141913},
 publisher = {ACM},
 address = {New York, NY, USA},
 keywords = {competency modeling, encoding / decoding, object-oriented programming, programming experience},
}

@inproceedings{Paim:2018:CEP:3274192.3274204,
 author = {Paim, Polianna and Prietch, Soraia and Duarte, Anderson},
 title = {CoDesign in the Exploratory Phase of an Assistive Technology Product Design to Support the Teaching-Learning Process of Brazilian-Portuguese Language for Visual Persons},
 booktitle = {Proceedings of the 17th Brazilian Symposium on Human Factors in Computing Systems},
 series = {IHC 2018},
 year = {2018},
 isbn = {978-1-4503-6601-4},
 location = {Bel\&\#233;m, Brazil},
 pages = {12:1--12:9},
 articleno = {12},
 numpages = {9},
 url = {http://doi.acm.org/10.1145/3274192.3274204},
 doi = {10.1145/3274192.3274204},
 acmid = {3274204},
 publisher = {ACM},
 address = {New York, NY, USA},
 keywords = {Assistive Technology, CoDesign, Semantic Numbers, Visual People},
}

@inproceedings{Diziol:2009:PCK:1600053.1600080,
 author = {Diziol, Dejana and Rummel, Nikol and Spada, Hans},
 title = {Procedural and Conceptual Knowledge Acquisition in Mathematics: Where is Collaboration Helpful?},
 booktitle = {Proceedings of the 9th International Conference on Computer Supported Collaborative Learning - Volume 1},
 series = {CSCL'09},
 year = {2009},
 isbn = {978-1-4092-8598-4},
 location = {Rhodes, Greece},
 pages = {178--187},
 numpages = {10},
 url = {http://dl.acm.org/citation.cfm?id=1600053.1600080},
 acmid = {1600080},
 publisher = {International Society of the Learning Sciences},
}

@inproceedings{Chen:2016:TME:2883851.2883951,
 author = {Chen, Ye and Yu, Bei and Zhang, Xuewei and Yu, Yihan},
 title = {Topic Modeling for Evaluating Students' Reflective Writing: A Case Study of Pre-service Teachers' Journals},
 booktitle = {Proceedings of the Sixth International Conference on Learning Analytics \& Knowledge},
 series = {LAK '16},
 year = {2016},
 isbn = {978-1-4503-4190-5},
 location = {Edinburgh, United Kingdom},
 pages = {1--5},
 numpages = {5},
 url = {http://doi.acm.org/10.1145/2883851.2883951},
 doi = {10.1145/2883851.2883951},
 acmid = {2883951},
 publisher = {ACM},
 address = {New York, NY, USA},
 keywords = {LDA, automated grading, education, journal writing, learning analytics, reflection, text mining, topic modeling},
}

@inproceedings{Melguizo:2008:INS:1599871.1599900,
 author = {Melguizo, Mari Carmen Puerta and Madrid, R. Ignacio and Van Oostendorp, Herre},
 title = {The Importance of Navigation Support and Reading Order on Hypertext Learning and Cognitive Load},
 booktitle = {Proceedings of the 8th International Conference on International Conference for the Learning Sciences - Volume 2},
 series = {ICLS'08},
 year = {2008},
 location = {Utrecht, The Netherlands},
 pages = {229--236},
 numpages = {8},
 url = {http://dl.acm.org/citation.cfm?id=1599871.1599900},
 acmid = {1599900},
 publisher = {International Society of the Learning Sciences},
}

@inproceedings{Allen:2017:WYS:3027385.3027445,
 author = {Allen, Laura K. and Perret, Cecile and Likens, Aaron and McNamara, Danielle S.},
 title = {What'D You Say Again?: Recurrence Quantification Analysis As a Method for Analyzing the Dynamics of Discourse in a Reading Strategy Tutor},
 booktitle = {Proceedings of the Seventh International Learning Analytics \&\#38; Knowledge Conference},
 series = {LAK '17},
 year = {2017},
 isbn = {978-1-4503-4870-6},
 location = {Vancouver, British Columbia, Canada},
 pages = {373--382},
 numpages = {10},
 url = {http://doi.acm.org/10.1145/3027385.3027445},
 doi = {10.1145/3027385.3027445},
 acmid = {3027445},
 publisher = {ACM},
 address = {New York, NY, USA},
 keywords = {corpus linguistics, dynamics, intelligent tutoring systems, natural language processing, reading, stealth assessment},
}

@inproceedings{Rouet:1993:CPH:168466.168508,
 author = {Rouet, Jean Fran\c{c}ois},
 title = {Cognitive Processing of Hyperdocuments: When Does Nonlinearity Help?},
 booktitle = {Proceedings of the ACM Conference on Hypertext},
 series = {ECHT '92},
 year = {1992},
 isbn = {0-89791-547-X},
 location = {Milan, Italy},
 pages = {131--140},
 numpages = {10},
 url = {http://doi.acm.org/10.1145/168466.168508},
 doi = {10.1145/168466.168508},
 acmid = {168508},
 publisher = {ACM},
 address = {New York, NY, USA},
}

@inproceedings{Herman:2008:MSR:1599812.1599853,
 author = {Herman, Phillip and Gomez, Louis M. and Gomez, Kimberley and Williams, Adam and Perkins, Kristen},
 title = {Metacognitive Support for Reading in Science Classrooms},
 booktitle = {Proceedings of the 8th International Conference on International Conference for the Learning Sciences - Volume 1},
 series = {ICLS'08},
 year = {2008},
 location = {Utrecht, The Netherlands},
 pages = {342--349},
 numpages = {8},
 url = {http://dl.acm.org/citation.cfm?id=1599812.1599853},
 acmid = {1599853},
 publisher = {International Society of the Learning Sciences},
}

@inproceedings{Manning:2008:SAM:1599871.1599874,
 author = {Manning, Flori H. and Goldman, Susan R. and Ozuru, Yasuhiro and Lawless, Kimberly A. and Gomez, Kimberley and Braasch, Jason},
 title = {Students' Analysis of Multiple Sources for Agreements and Disagreements},
 booktitle = {Proceedings of the 8th International Conference on International Conference for the Learning Sciences - Volume 2},
 series = {ICLS'08},
 year = {2008},
 location = {Utrecht, The Netherlands},
 pages = {19--26},
 numpages = {8},
 url = {http://dl.acm.org/citation.cfm?id=1599871.1599874},
 acmid = {1599874},
 publisher = {International Society of the Learning Sciences},
}

@inproceedings{Thury:1998:ASW:296336.296393,
 author = {Thury, Eva M.},
 title = {Analysis of Student Web Browsing Behavior: Implications for Designing and Evaluating Web Sites},
 booktitle = {Proceedings of the 16th Annual International Conference on Computer Documentation},
 series = {SIGDOC '98},
 year = {1998},
 isbn = {1-58113-004-X},
 location = {Quebec, Quebec, Canada},
 pages = {265--270},
 numpages = {6},
 url = {http://doi.acm.org/10.1145/296336.296393},
 doi = {10.1145/296336.296393},
 acmid = {296393},
 publisher = {ACM},
 address = {New York, NY, USA},
}

@inproceedings{Dehler:2007:FAD:1599600.1599633,
 author = {Dehler, Jessica and Bodemer, Daniel and Buder, Juergen},
 title = {Fostering Audience Design of Computer-mediated Knowledge Communication by Knowledge Mirroring},
 booktitle = {Proceedings of the 8th Iternational Conference on Computer Supported Collaborative Learning},
 series = {CSCL'07},
 year = {2007},
 isbn = {978-0-6151-5436-7},
 location = {New Brunswick, New Jersey, USA},
 pages = {171--173},
 numpages = {3},
 url = {http://dl.acm.org/citation.cfm?id=1599600.1599633},
 acmid = {1599633},
 publisher = {International Society of the Learning Sciences},
}

@inproceedings{Dehler:2007:KMF:1599600.1599762,
 author = {Dehler, Jessica},
 title = {Knowledge Mirroring: Fostering Computer-mediated Collaboration and Learning},
 booktitle = {Proceedings of the 8th Iternational Conference on Computer Supported Collaborative Learning},
 series = {CSCL'07},
 year = {2007},
 isbn = {978-0-6151-5436-7},
 location = {New Brunswick, New Jersey, USA},
 pages = {842--844},
 numpages = {3},
 url = {http://dl.acm.org/citation.cfm?id=1599600.1599762},
 acmid = {1599762},
 publisher = {International Society of the Learning Sciences},
}

@inproceedings{Stegmann:2007:CAC:1599600.1599724,
 author = {Stegmann, Karsten and Wecker, Christof and Weinberger, Armin and Fischer, Frank},
 title = {Collaborative Argumentation and Cognitive Processing: An Empirical Study in a Computer-supported Collaborative Learning Environment},
 booktitle = {Proceedings of the 8th Iternational Conference on Computer Supported Collaborative Learning},
 series = {CSCL'07},
 year = {2007},
 isbn = {978-0-6151-5436-7},
 location = {New Brunswick, New Jersey, USA},
 pages = {662--671},
 numpages = {10},
 url = {http://dl.acm.org/citation.cfm?id=1599600.1599724},
 acmid = {1599724},
 publisher = {International Society of the Learning Sciences},
}

@inproceedings{VanOostendorp:2008:CLA:1599871.1599926,
 author = {Van Oostendorp, Herre and Beijersbergen, Michiel J. and Solaimani, Sam},
 title = {Conditions for Learning from Animations},
 booktitle = {Proceedings of the 8th International Conference on International Conference for the Learning Sciences - Volume 2},
 series = {ICLS'08},
 year = {2008},
 location = {Utrecht, The Netherlands},
 pages = {438--445},
 numpages = {8},
 url = {http://dl.acm.org/citation.cfm?id=1599871.1599926},
 acmid = {1599926},
 publisher = {International Society of the Learning Sciences},
}

@inproceedings{Dodson:2017:HAC:3020165.3022158,
 author = {Dodson, Samuel and Freund, Luanne and Kopak, Rick},
 title = {Do Highlights Affect Comprehension?: Lessons from a User Study},
 booktitle = {Proceedings of the 2017 Conference on Conference Human Information Interaction and Retrieval},
 series = {CHIIR '17},
 year = {2017},
 isbn = {978-1-4503-4677-1},
 location = {Oslo, Norway},
 pages = {381--384},
 numpages = {4},
 url = {http://doi.acm.org/10.1145/3020165.3022158},
 doi = {10.1145/3020165.3022158},
 acmid = {3022158},
 publisher = {ACM},
 address = {New York, NY, USA},
 keywords = {annotation, comprehension, highlighting, reading, social reading},
}

@inproceedings{Sherin:2012:UCM:2330601.2330649,
 author = {Sherin, Bruce},
 title = {Using Computational Methods to Discover Student Science Conceptions in Interview Data},
 booktitle = {Proceedings of the 2Nd International Conference on Learning Analytics and Knowledge},
 series = {LAK '12},
 year = {2012},
 isbn = {978-1-4503-1111-3},
 location = {Vancouver, British Columbia, Canada},
 pages = {188--197},
 numpages = {10},
 url = {http://doi.acm.org/10.1145/2330601.2330649},
 doi = {10.1145/2330601.2330649},
 acmid = {2330649},
 publisher = {ACM},
 address = {New York, NY, USA},
 keywords = {conceptual change, learning analytics},
}

@inproceedings{Buder:2009:STC:1600053.1600140,
 author = {Buder, J\"{u}rgen and Bodemer, Daniel and Dehler, Jessica and Engelmann, Tanja},
 title = {SCAN Tools for Collaborative Learning},
 booktitle = {Proceedings of the 9th International Conference on Computer Supported Collaborative Learning - Volume 1},
 series = {CSCL'09},
 year = {2009},
 isbn = {978-1-4092-8598-4},
 location = {Rhodes, Greece},
 pages = {606--615},
 numpages = {10},
 url = {http://dl.acm.org/citation.cfm?id=1600053.1600140},
 acmid = {1600140},
 publisher = {International Society of the Learning Sciences},
}

@inproceedings{Sangin:2008:LUA:1599871.1599907,
 author = {Sangin, Mirweis and Molinari, Ga\"{e}lle and N\"{u}ssli, Marc-Antoine and Dillenbourg, Pierre},
 title = {How Learners Use Awareness Cues About Their Peer's Knowledge?: Insights from Synchronized Eye-tracking Data},
 booktitle = {Proceedings of the 8th International Conference on International Conference for the Learning Sciences - Volume 2},
 series = {ICLS'08},
 year = {2008},
 location = {Utrecht, The Netherlands},
 pages = {287--294},
 numpages = {8},
 url = {http://dl.acm.org/citation.cfm?id=1599871.1599907},
 acmid = {1599907},
 publisher = {International Society of the Learning Sciences},
}

@article{Walton:2003:CLW:637848.637864,
 author = {Walton, Marion and Vukovic, Vera},
 title = {Cultures, Literacy, and the Web: Dimensions of Information "Scent"},
 journal = {Interactions},
 issue_date = {March + April 2003},
 volume = {10},
 number = {2},
 month = mar,
 year = {2003},
 issn = {1072-5520},
 pages = {64--71},
 numpages = {8},
 url = {http://doi.acm.org/10.1145/637848.637864},
 doi = {10.1145/637848.637864},
 acmid = {637864},
 publisher = {ACM},
 address = {New York, NY, USA},
}

