@article{Faulkner:1999:IUI:384266.299791,
 author = {Faulkner, Xris and Culwin, Fintan},
 title = {Integration of Usability Issues Within Initial Software Development Education. (It's All About the User Dummy!)},
 journal = {SIGCSE Bull.},
 issue_date = {March 1999},
 volume = {31},
 number = {1},
 month = mar,
 year = {1999},
 issn = {0097-8418},
 pages = {296--300},
 numpages = {5},
 url = {http://doi.acm.org/10.1145/384266.299791},
 doi = {10.1145/384266.299791},
 acmid = {299791},
 publisher = {ACM},
 address = {New York, NY, USA},
 keywords = {computer science, curriculum, graphical user interface, human computer interaction, human computer systems, software development, texts},
}

@inproceedings{Faulkner:1999:IUI:299649.299791,
 author = {Faulkner, Xris and Culwin, Fintan},
 title = {Integration of Usability Issues Within Initial Software Development Education. (It's All About the User Dummy!)},
 booktitle = {The Proceedings of the Thirtieth SIGCSE Technical Symposium on Computer Science Education},
 series = {SIGCSE '99},
 year = {1999},
 isbn = {1-58113-085-6},
 location = {New Orleans, Louisiana, USA},
 pages = {296--300},
 numpages = {5},
 url = {http://doi.acm.org/10.1145/299649.299791},
 doi = {10.1145/299649.299791},
 acmid = {299791},
 publisher = {ACM},
 address = {New York, NY, USA},
 keywords = {computer science, curriculum, graphical user interface, human computer interaction, human computer systems, software development, texts},
}

@article{Finerman:1969:CCA:363196.363201,
 author = {Finerman, Aaron},
 title = {Computing Capabilities at Argentine and Chilean Universities},
 journal = {Commun. ACM},
 issue_date = {Aug. 1969},
 volume = {12},
 number = {8},
 month = aug,
 year = {1969},
 issn = {0001-0782},
 pages = {425--431},
 numpages = {7},
 url = {http://doi.acm.org/10.1145/363196.363201},
 doi = {10.1145/363196.363201},
 acmid = {363201},
 publisher = {ACM},
 address = {New York, NY, USA},
 keywords = {Argentine universities, Chilean universities, South American universities, computing science academic programs, developing nations, surveys of computing centers, university computing capabilities, university computing centers, university education, university-student relationship},
}

@inproceedings{Hundhausen:2008:ESI:1352135.1352271,
 author = {Hundhausen, Christopher D. and Narayanan, N Hari and Crosby, Martha E.},
 title = {Exploring Studio-based Instructional Models for Computing Education},
 booktitle = {Proceedings of the 39th SIGCSE Technical Symposium on Computer Science Education},
 series = {SIGCSE '08},
 year = {2008},
 isbn = {978-1-59593-799-5},
 location = {Portland, OR, USA},
 pages = {392--396},
 numpages = {5},
 url = {http://doi.acm.org/10.1145/1352135.1352271},
 doi = {10.1145/1352135.1352271},
 acmid = {1352271},
 publisher = {ACM},
 address = {New York, NY, USA},
 keywords = {cs ed. research, cs1, cs2, cs3, design crits, pre-cs1, student-constructed artifacts, studio-based learning and instruction},
}

@article{Hundhausen:2008:ESI:1352322.1352271,
 author = {Hundhausen, Christopher D. and Narayanan, N Hari and Crosby, Martha E.},
 title = {Exploring Studio-based Instructional Models for Computing Education},
 journal = {SIGCSE Bull.},
 issue_date = {March 2008},
 volume = {40},
 number = {1},
 month = mar,
 year = {2008},
 issn = {0097-8418},
 pages = {392--396},
 numpages = {5},
 url = {http://doi.acm.org/10.1145/1352322.1352271},
 doi = {10.1145/1352322.1352271},
 acmid = {1352271},
 publisher = {ACM},
 address = {New York, NY, USA},
 keywords = {cs ed. research, cs1, cs2, cs3, design crits, pre-cs1, student-constructed artifacts, studio-based learning and instruction},
}

@article{Wolfe:1998:OGA:307710.307720,
 author = {Wolfe, Rosalee},
 title = {Open GL: Agent of Change or Sign of the Times?},
 journal = {SIGGRAPH Comput. Graph.},
 issue_date = {Nov. 1998},
 volume = {32},
 number = {4},
 month = nov,
 year = {1998},
 issn = {0097-8930},
 pages = {29--31},
 numpages = {3},
 url = {http://doi.acm.org/10.1145/307710.307720},
 doi = {10.1145/307710.307720},
 acmid = {307720},
 publisher = {ACM},
 address = {New York, NY, USA},
}

@article{Tucker:1994:NDI:191033.191038,
 author = {Tucker, Allen B. and Wegner, Peter},
 title = {New Directions in the Introductory Computer Science Curriculum},
 journal = {SIGCSE Bull.},
 issue_date = {March 1994},
 volume = {26},
 number = {1},
 month = mar,
 year = {1994},
 issn = {0097-8418},
 pages = {11--15},
 numpages = {5},
 url = {http://doi.acm.org/10.1145/191033.191038},
 doi = {10.1145/191033.191038},
 acmid = {191038},
 publisher = {ACM},
 address = {New York, NY, USA},
}

@inproceedings{Tucker:1994:NDI:191029.191038,
 author = {Tucker, Allen B. and Wegner, Peter},
 title = {New Directions in the Introductory Computer Science Curriculum},
 booktitle = {Proceedings of the Twenty-fifth SIGCSE Symposium on Computer Science Education},
 series = {SIGCSE '94},
 year = {1994},
 isbn = {0-89791-646-8},
 location = {Phoenix, Arizona, USA},
 pages = {11--15},
 numpages = {5},
 url = {http://doi.acm.org/10.1145/191029.191038},
 doi = {10.1145/191029.191038},
 acmid = {191038},
 publisher = {ACM},
 address = {New York, NY, USA},
}

@inproceedings{Consiglio:2011:DIL:2074712.2074758,
 author = {Consiglio, Teresa and van der Veer, Gerrit},
 title = {Designing an Interactive Learning Environment for a Worldwide Distance Adult Learning Community},
 booktitle = {Proceedings of the 29th Annual European Conference on Cognitive Ergonomics},
 series = {ECCE '11},
 year = {2011},
 isbn = {978-1-4503-1029-1},
 location = {Rostock, Germany},
 pages = {225--228},
 numpages = {4},
 url = {http://doi.acm.org/10.1145/2074712.2074758},
 doi = {10.1145/2074712.2074758},
 acmid = {2074758},
 publisher = {ACM},
 address = {New York, NY, USA},
 keywords = {cultural diversity, e-learning, open source},
}

@inproceedings{Strawhacker:2015:SDC:2771839.2771867,
 author = {Strawhacker, Amanda and Lee, Melissa and Caine, Claire and Bers, Marina},
 title = {ScratchJr Demo: A Coding Language for Kindergarten},
 booktitle = {Proceedings of the 14th International Conference on Interaction Design and Children},
 series = {IDC '15},
 year = {2015},
 isbn = {978-1-4503-3590-4},
 location = {Boston, Massachusetts},
 pages = {414--417},
 numpages = {4},
 url = {http://doi.acm.org/10.1145/2771839.2771867},
 doi = {10.1145/2771839.2771867},
 acmid = {2771867},
 publisher = {ACM},
 address = {New York, NY, USA},
 keywords = {STEM, early childhood, education, graphical programming, tablets},
}

@article{Acher:2017:TSP:3155324.3088440,
 author = {Acher, Mathieu and Lopez-Herrejon, Roberto E. and Rabiser, Rick},
 title = {Teaching Software Product Lines: A Snapshot of Current Practices and Challenges},
 journal = {ACM Trans. Comput. Educ.},
 issue_date = {December 2017},
 volume = {18},
 number = {1},
 month = oct,
 year = {2017},
 issn = {1946-6226},
 pages = {2:1--2:31},
 articleno = {2},
 numpages = {31},
 url = {http://doi.acm.org/10.1145/3088440},
 doi = {10.1145/3088440},
 acmid = {3088440},
 publisher = {ACM},
 address = {New York, NY, USA},
 keywords = {Software product lines, software engineering teaching, software product line teaching, variability modeling},
}

