@inproceedings{Char:2015:AGF:2676723.2691865,
 author = {Char, Bruce and Popyack, Jeffrey and Johnson, Jeremy and Mongan, William},
 title = {Automatically Generated Feedback for CS Student Work: Best Practices (Abstract Only)},
 booktitle = {Proceedings of the 46th ACM Technical Symposium on Computer Science Education},
 series = {SIGCSE '15},
 year = {2015},
 isbn = {978-1-4503-2966-8},
 location = {Kansas City, Missouri, USA},
 pages = {696--696},
 numpages = {1},
 url = {http://doi.acm.org/10.1145/2676723.2691865},
 doi = {10.1145/2676723.2691865},
 acmid = {2691865},
 publisher = {ACM},
 address = {New York, NY, USA},
 keywords = {autograding, automatic feedback, scaling instruction},
}

@inproceedings{Hundhausen:2008:ESI:1352135.1352271,
 author = {Hundhausen, Christopher D. and Narayanan, N Hari and Crosby, Martha E.},
 title = {Exploring Studio-based Instructional Models for Computing Education},
 booktitle = {Proceedings of the 39th SIGCSE Technical Symposium on Computer Science Education},
 series = {SIGCSE '08},
 year = {2008},
 isbn = {978-1-59593-799-5},
 location = {Portland, OR, USA},
 pages = {392--396},
 numpages = {5},
 url = {http://doi.acm.org/10.1145/1352135.1352271},
 doi = {10.1145/1352135.1352271},
 acmid = {1352271},
 publisher = {ACM},
 address = {New York, NY, USA},
 keywords = {cs ed. research, cs1, cs2, cs3, design crits, pre-cs1, student-constructed artifacts, studio-based learning and instruction},
}

@article{Hundhausen:2008:ESI:1352322.1352271,
 author = {Hundhausen, Christopher D. and Narayanan, N Hari and Crosby, Martha E.},
 title = {Exploring Studio-based Instructional Models for Computing Education},
 journal = {SIGCSE Bull.},
 issue_date = {March 2008},
 volume = {40},
 number = {1},
 month = mar,
 year = {2008},
 issn = {0097-8418},
 pages = {392--396},
 numpages = {5},
 url = {http://doi.acm.org/10.1145/1352322.1352271},
 doi = {10.1145/1352322.1352271},
 acmid = {1352271},
 publisher = {ACM},
 address = {New York, NY, USA},
 keywords = {cs ed. research, cs1, cs2, cs3, design crits, pre-cs1, student-constructed artifacts, studio-based learning and instruction},
}

