@inproceedings{Ben-BassatLevy:2011:PST:1999747.1999887,
 author = {Ben-Bassat Levy, Ronit and Vel\'{a}zquez Iturbide, J. Angel},
 title = {A Problem Solving Teaching Guide Based on a Procedure Intertwined with a Teaching Model},
 booktitle = {Proceedings of the 16th Annual Joint Conference on Innovation and Technology in Computer Science Education},
 series = {ITiCSE '11},
 year = {2011},
 isbn = {978-1-4503-0697-3},
 location = {Darmstadt, Germany},
 pages = {374--374},
 numpages = {1},
 url = {http://doi.acm.org/10.1145/1999747.1999887},
 doi = {10.1145/1999747.1999887},
 acmid = {1999887},
 publisher = {ACM},
 address = {New York, NY, USA},
 keywords = {learning styles, problem solving},
}

@inproceedings{Renwick:2011:LSI:2047594.2047679,
 author = {Renwick, Janet S. and Foltz, C. Bryan},
 title = {Learning Styles of Information Technology Students},
 booktitle = {Proceedings of the 2011 Conference on Information Technology Education},
 series = {SIGITE '11},
 year = {2011},
 isbn = {978-1-4503-1017-8},
 location = {West Point, New York, USA},
 pages = {313--314},
 numpages = {2},
 url = {http://doi.acm.org/10.1145/2047594.2047679},
 doi = {10.1145/2047594.2047679},
 acmid = {2047679},
 publisher = {ACM},
 address = {New York, NY, USA},
 keywords = {IT education, learning styles},
}

@article{Chamillard:2005:LSA:1151954.1067512,
 author = {Chamillard, A. T. and Sward, Ricky E.},
 title = {Learning Styles Across the Curriculum},
 journal = {SIGCSE Bull.},
 issue_date = {September 2005},
 volume = {37},
 number = {3},
 month = jun,
 year = {2005},
 issn = {0097-8418},
 pages = {241--245},
 numpages = {5},
 url = {http://doi.acm.org/10.1145/1151954.1067512},
 doi = {10.1145/1151954.1067512},
 acmid = {1067512},
 publisher = {ACM},
 address = {New York, NY, USA},
 keywords = {learning styles, student performance},
}

@inproceedings{Chamillard:2005:LSA:1067445.1067512,
 author = {Chamillard, A. T. and Sward, Ricky E.},
 title = {Learning Styles Across the Curriculum},
 booktitle = {Proceedings of the 10th Annual SIGCSE Conference on Innovation and Technology in Computer Science Education},
 series = {ITiCSE '05},
 year = {2005},
 isbn = {1-59593-024-8},
 location = {Caparica, Portugal},
 pages = {241--245},
 numpages = {5},
 url = {http://doi.acm.org/10.1145/1067445.1067512},
 doi = {10.1145/1067445.1067512},
 acmid = {1067512},
 publisher = {ACM},
 address = {New York, NY, USA},
 keywords = {learning styles, student performance},
}

@article{Galpin:2007:LSP:1269900.1268844,
 author = {Galpin, Vashti C. and Sanders, Ian D. and Chen, Pei-yu},
 title = {Learning Styles and Personality Types of Computer Science Students at a South African University},
 journal = {SIGCSE Bull.},
 issue_date = {September 2007},
 volume = {39},
 number = {3},
 month = jun,
 year = {2007},
 issn = {0097-8418},
 pages = {201--205},
 numpages = {5},
 url = {http://doi.acm.org/10.1145/1269900.1268844},
 doi = {10.1145/1269900.1268844},
 acmid = {1268844},
 publisher = {ACM},
 address = {New York, NY, USA},
 keywords = {learning style, personality type},
}

@inproceedings{Galpin:2007:LSP:1268784.1268844,
 author = {Galpin, Vashti C. and Sanders, Ian D. and Chen, Pei-yu},
 title = {Learning Styles and Personality Types of Computer Science Students at a South African University},
 booktitle = {Proceedings of the 12th Annual SIGCSE Conference on Innovation and Technology in Computer Science Education},
 series = {ITiCSE '07},
 year = {2007},
 isbn = {978-1-59593-610-3},
 location = {Dundee, Scotland},
 pages = {201--205},
 numpages = {5},
 url = {http://doi.acm.org/10.1145/1268784.1268844},
 doi = {10.1145/1268784.1268844},
 acmid = {1268844},
 publisher = {ACM},
 address = {New York, NY, USA},
 keywords = {learning style, personality type},
}

@article{Unrein:2011:BRD:2072296.2077940,
 author = {Unrein, Judy},
 title = {Book Review: 'Design for How People Learn (Voices That Matter)' by Julie Dirksen},
 journal = {eLearn},
 issue_date = {December 2011},
 volume = {2011},
 number = {12},
 month = dec,
 year = {2011},
 issn = {1535-394X},
 articleno = {4},
 url = {http://doi.acm.org/10.1145/2072296.2077940},
 doi = {10.1145/2072296.2077940},
 acmid = {2077940},
 publisher = {ACM},
 address = {New York, NY, USA},
 keywords = {instructional design,learning styles},
}

@inproceedings{Alaoutinen:2010:CSS:1930464.1930482,
 author = {Alaoutinen, Satu and Smolander, Kari},
 title = {Are Computer Science Students Different Learners?},
 booktitle = {Proceedings of the 10th Koli Calling International Conference on Computing Education Research},
 series = {Koli Calling '10},
 year = {2010},
 isbn = {978-1-4503-0520-4},
 location = {Koli, Finland},
 pages = {100--105},
 numpages = {6},
 url = {http://doi.acm.org/10.1145/1930464.1930482},
 doi = {10.1145/1930464.1930482},
 acmid = {1930482},
 publisher = {ACM},
 address = {New York, NY, USA},
 keywords = {CS education, culture, learning style},
}

@inproceedings{Demetriadis:2003:PSS:961511.961562,
 author = {Demetriadis, Stavros and Triantfillou, Evangelos and Pombortsis, Andreas},
 title = {A Phenomenographic Study of Students' Attitudes Toward the Use of Multiple Media for Learning},
 booktitle = {Proceedings of the 8th Annual Conference on Innovation and Technology in Computer Science Education},
 series = {ITiCSE '03},
 year = {2003},
 isbn = {1-58113-672-2},
 location = {Thessaloniki, Greece},
 pages = {183--187},
 numpages = {5},
 url = {http://doi.acm.org/10.1145/961511.961562},
 doi = {10.1145/961511.961562},
 acmid = {961562},
 publisher = {ACM},
 address = {New York, NY, USA},
 keywords = {learning styles, multimedia learning, students' attitudes},
}

@article{Demetriadis:2003:PSS:961290.961562,
 author = {Demetriadis, Stavros and Triantfillou, Evangelos and Pombortsis, Andreas},
 title = {A Phenomenographic Study of Students' Attitudes Toward the Use of Multiple Media for Learning},
 journal = {SIGCSE Bull.},
 issue_date = {September 2003},
 volume = {35},
 number = {3},
 month = jun,
 year = {2003},
 issn = {0097-8418},
 pages = {183--187},
 numpages = {5},
 url = {http://doi.acm.org/10.1145/961290.961562},
 doi = {10.1145/961290.961562},
 acmid = {961562},
 publisher = {ACM},
 address = {New York, NY, USA},
 keywords = {learning styles, multimedia learning, students' attitudes},
}

@article{Deibel:2005:TFM:1151954.1067525,
 author = {Deibel, Katherine},
 title = {Team Formation Methods for Increasing Interaction During In-class Group Work},
 journal = {SIGCSE Bull.},
 issue_date = {September 2005},
 volume = {37},
 number = {3},
 month = jun,
 year = {2005},
 issn = {0097-8418},
 pages = {291--295},
 numpages = {5},
 url = {http://doi.acm.org/10.1145/1151954.1067525},
 doi = {10.1145/1151954.1067525},
 acmid = {1067525},
 publisher = {ACM},
 address = {New York, NY, USA},
 keywords = {active learning, collaborative learning, learning styles},
}

@inproceedings{Deibel:2005:TFM:1067445.1067525,
 author = {Deibel, Katherine},
 title = {Team Formation Methods for Increasing Interaction During In-class Group Work},
 booktitle = {Proceedings of the 10th Annual SIGCSE Conference on Innovation and Technology in Computer Science Education},
 series = {ITiCSE '05},
 year = {2005},
 isbn = {1-59593-024-8},
 location = {Caparica, Portugal},
 pages = {291--295},
 numpages = {5},
 url = {http://doi.acm.org/10.1145/1067445.1067525},
 doi = {10.1145/1067445.1067525},
 acmid = {1067525},
 publisher = {ACM},
 address = {New York, NY, USA},
 keywords = {active learning, collaborative learning, learning styles},
}

@article{Begel:2004:KLC:1028174.971367,
 author = {Begel, Andrew and Garcia, Daniel D. and Wolfman, Steven A.},
 title = {Kinesthetic Learning in the Classroom},
 journal = {SIGCSE Bull.},
 issue_date = {March 2004},
 volume = {36},
 number = {1},
 month = mar,
 year = {2004},
 issn = {0097-8418},
 pages = {183--184},
 numpages = {2},
 url = {http://doi.acm.org/10.1145/1028174.971367},
 doi = {10.1145/1028174.971367},
 acmid = {971367},
 publisher = {ACM},
 address = {New York, NY, USA},
 keywords = {Kinesthetic learning style, active learning, sensorimotor learning},
}

@inproceedings{Begel:2004:KLC:971300.971367,
 author = {Begel, Andrew and Garcia, Daniel D. and Wolfman, Steven A.},
 title = {Kinesthetic Learning in the Classroom},
 booktitle = {Proceedings of the 35th SIGCSE Technical Symposium on Computer Science Education},
 series = {SIGCSE '04},
 year = {2004},
 isbn = {1-58113-798-2},
 location = {Norfolk, Virginia, USA},
 pages = {183--184},
 numpages = {2},
 url = {http://doi.acm.org/10.1145/971300.971367},
 doi = {10.1145/971300.971367},
 acmid = {971367},
 publisher = {ACM},
 address = {New York, NY, USA},
 keywords = {Kinesthetic learning style, active learning, sensorimotor learning},
}

@article{Hill:2003:PGA:792548.611964,
 author = {Hill, John M. D. and Ray, Clark K. and Blair, Jean R. S. and Carver,Jr., Curtis A.},
 title = {Puzzles and Games: Addressing Different Learning Styles in Teaching Operating Systems Concepts},
 journal = {SIGCSE Bull.},
 issue_date = {January 2003},
 volume = {35},
 number = {1},
 month = jan,
 year = {2003},
 issn = {0097-8418},
 pages = {182--186},
 numpages = {5},
 url = {http://doi.acm.org/10.1145/792548.611964},
 doi = {10.1145/792548.611964},
 acmid = {611964},
 publisher = {ACM},
 address = {New York, NY, USA},
 keywords = {classroom games, learning styles, operating systems},
}

@inproceedings{Hill:2003:PGA:611892.611964,
 author = {Hill, John M. D. and Ray, Clark K. and Blair, Jean R. S. and Carver,Jr., Curtis A.},
 title = {Puzzles and Games: Addressing Different Learning Styles in Teaching Operating Systems Concepts},
 booktitle = {Proceedings of the 34th SIGCSE Technical Symposium on Computer Science Education},
 series = {SIGCSE '03},
 year = {2003},
 isbn = {1-58113-648-X},
 location = {Reno, Navada, USA},
 pages = {182--186},
 numpages = {5},
 url = {http://doi.acm.org/10.1145/611892.611964},
 doi = {10.1145/611892.611964},
 acmid = {611964},
 publisher = {ACM},
 address = {New York, NY, USA},
 keywords = {classroom games, learning styles, operating systems},
}

@inproceedings{Gomes:2010:SSP:1822090.1822123,
 author = {Gomes, Anabela Jesus and Mendes, Ant\'{o}nio Jos{\'e}},
 title = {A Study on Student Performance in First Year CS Courses},
 booktitle = {Proceedings of the Fifteenth Annual Conference on Innovation and Technology in Computer Science Education},
 series = {ITiCSE '10},
 year = {2010},
 isbn = {978-1-60558-820-9},
 location = {Bilkent, Ankara, Turkey},
 pages = {113--117},
 numpages = {5},
 url = {http://doi.acm.org/10.1145/1822090.1822123},
 doi = {10.1145/1822090.1822123},
 acmid = {1822123},
 publisher = {ACM},
 address = {New York, NY, USA},
 keywords = {learning difficulties, learning styles, programming learning},
}

@inproceedings{deRaadt:2011:MSD:2459936.2459949,
 author = {de Raadt, Michael and Simon},
 title = {My Students Don'T Learn the Way I Do},
 booktitle = {Proceedings of the Thirteenth Australasian Computing Education Conference - Volume 114},
 series = {ACE '11},
 year = {2011},
 isbn = {978-1-920682-94-1},
 location = {Perth, Australia},
 pages = {105--112},
 numpages = {8},
 url = {http://dl.acm.org/citation.cfm?id=2459936.2459949},
 acmid = {2459949},
 publisher = {Australian Computer Society, Inc.},
 address = {Darlinghurst, Australia, Australia},
 keywords = {VARK, computing education, introductory programming, learning styles},
}

@inproceedings{Sprinkle:2011:TSL:2095050.2095094,
 author = {Sprinkle, Jonathan},
 title = {Teaching Students to Learn to Learn Mobile Phone Programming},
 booktitle = {Proceedings of the Compilation of the Co-located Workshops on DSM'11, TMC'11, AGERE! 2011, AOOPES'11, NEAT'11, \& VMIL'11},
 series = {SPLASH '11 Workshops},
 year = {2011},
 isbn = {978-1-4503-1183-0},
 location = {Portland, Oregon, USA},
 pages = {261--266},
 numpages = {6},
 url = {http://doi.acm.org/10.1145/2095050.2095094},
 doi = {10.1145/2095050.2095094},
 acmid = {2095094},
 publisher = {ACM},
 address = {New York, NY, USA},
 keywords = {learning styles, mobile phone programming, software engineering},
}

@inproceedings{Rutherfoord:2008:ETM:1414558.1414570,
 author = {Rutherfoord, Rebecca H. and Rutherfoord, James K.},
 title = {Exploring Teaching Methods for On-line Course Delivery-using Universal Instructional Design},
 booktitle = {Proceedings of the 9th ACM SIGITE Conference on Information Technology Education},
 series = {SIGITE '08},
 year = {2008},
 isbn = {978-1-60558-329-7},
 location = {Cincinnati, OH, USA},
 pages = {45--50},
 numpages = {6},
 url = {http://doi.acm.org/10.1145/1414558.1414570},
 doi = {10.1145/1414558.1414570},
 acmid = {1414570},
 publisher = {ACM},
 address = {New York, NY, USA},
 keywords = {learning styles, teaching styles, universal instructional design},
}

@inproceedings{Koppe:2013:GEI:2541917.2541926,
 author = {K\"{o}ppe, Christian and Rodin, Rick},
 title = {Guided Exploration: An Inductive Minimalist Approach for Teaching Tool-related Concepts and Techniques},
 booktitle = {Proceedings of the 3rd Computer Science Education Research Conference on Computer Science Education Research},
 series = {CSERC '13},
 year = {2013},
 location = {Arnhem, Netherlands},
 pages = {9:93--9:101},
 articleno = {9},
 numpages = {9},
 url = {http://dl.acm.org/citation.cfm?id=2541917.2541926},
 acmid = {2541926},
 publisher = {Open Universiteit, Heerlen},
 address = {Open Univ., Heerlen, The Netherlands, The Netherlands},
 keywords = {Educational Patterns, Inductive Teaching, Learning Styles},
}

@inproceedings{Sikorski:1998:TCY:286498.286520,
 author = {Sikorski, Marcin},
 title = {Teaching Computers the Young and the Adults: Observations on Learning Style Differences},
 booktitle = {CHI 98 Conference Summary on Human Factors in Computing Systems},
 series = {CHI '98},
 year = {1998},
 isbn = {1-58113-028-7},
 location = {Los Angeles, California, USA},
 pages = {42--43},
 numpages = {2},
 url = {http://doi.acm.org/10.1145/286498.286520},
 doi = {10.1145/286498.286520},
 acmid = {286520},
 publisher = {ACM},
 address = {New York, NY, USA},
 keywords = {Poland, computers in eduation, learning styles},
}

@inproceedings{Lara-Munoz:2017:ILS:3123818.3123843,
 author = {Lara-Mu\~{n}oz, E. M. and Rebolledo-M{\'e}ndez, G. and Rojano-C\'{a}ceres, J. R.},
 title = {The Influence of Learning Styles in Collaborative Activities},
 booktitle = {Proceedings of the XVIII International Conference on Human Computer Interaction},
 series = {Interacci\&oacute;n '17},
 year = {2017},
 isbn = {978-1-4503-5229-1},
 location = {Cancun, Mexico},
 pages = {33:1--33:6},
 articleno = {33},
 numpages = {6},
 url = {http://doi.acm.org/10.1145/3123818.3123843},
 doi = {10.1145/3123818.3123843},
 acmid = {3123843},
 publisher = {ACM},
 address = {New York, NY, USA},
 keywords = {collaboration, intelligent tutoring system, learning styles},
}

@inproceedings{Soares:2014:ESL:2669711.2669883,
 author = {Soares, Filomena and Le\~{a}o, Celina P. and Guedes, Anabela and Pereira, Isabel M. Br\'{a}s and Morais, Cristina and Esteves, M. Teresa Sena},
 title = {Engineering Students' Learning Styles in Fluid Mechanics},
 booktitle = {Proceedings of the Second International Conference on Technological Ecosystems for Enhancing Multiculturality},
 series = {TEEM '14},
 year = {2014},
 isbn = {978-1-4503-2896-8},
 location = {Salamanca, Spain},
 pages = {81--87},
 numpages = {7},
 url = {http://doi.acm.org/10.1145/2669711.2669883},
 doi = {10.1145/2669711.2669883},
 acmid = {2669883},
 publisher = {ACM},
 address = {New York, NY, USA},
 keywords = {engineering education, fluid mechanics, learning styles, students perceptions},
}

@inproceedings{Chiou:2012:DPN:2365946.2365948,
 author = {Chiou, Chuang-Kai and Tseng, Judy C.R.},
 title = {Design of a Personalized Navigation Support System for Context-aware Ubiquitous Learning Environment},
 booktitle = {Proceedings of the 2012 RecSys Workshop on Personalizing the Local Mobile Experience},
 series = {LocalPeMA '12},
 year = {2012},
 isbn = {978-1-4503-1639-2},
 location = {Dublin, Ireland},
 pages = {1--6},
 numpages = {6},
 url = {http://doi.acm.org/10.1145/2365946.2365948},
 doi = {10.1145/2365946.2365948},
 acmid = {2365948},
 publisher = {ACM},
 address = {New York, NY, USA},
 keywords = {learning orientation theory, learning style, navigation support, personalization, ubiquitous learning},
}

@inproceedings{Nimkoompai:2017:DUB:3162957.3162978,
 author = {Nimkoompai, Apichaya and Paireekreng, Worapat},
 title = {Dynamic UX Based M-learning Using User Profile of Learning Style},
 booktitle = {Proceedings of the 3rd International Conference on Communication and Information Processing},
 series = {ICCIP '17},
 year = {2017},
 isbn = {978-1-4503-5365-6},
 location = {Tokyo, Japan},
 pages = {221--225},
 numpages = {5},
 url = {http://doi.acm.org/10.1145/3162957.3162978},
 doi = {10.1145/3162957.3162978},
 acmid = {3162978},
 publisher = {ACM},
 address = {New York, NY, USA},
 keywords = {learning style, m-learning, user experience, user profile},
}

@article{Layman:2006:PTL:1124706.1121474,
 author = {Layman, Lucas and Cornwell, Travis and Williams, Laurie and Williams, Laurie},
 title = {Personality Types, Learning Styles, and an Agile Approach to Software Engineering Education},
 journal = {SIGCSE Bull.},
 issue_date = {March 2006},
 volume = {38},
 number = {1},
 month = mar,
 year = {2006},
 issn = {0097-8418},
 pages = {428--432},
 numpages = {5},
 url = {http://doi.acm.org/10.1145/1124706.1121474},
 doi = {10.1145/1124706.1121474},
 acmid = {1121474},
 publisher = {ACM},
 address = {New York, NY, USA},
 keywords = {agile methods, learning styles, personality types, software engineering education},
}

@inproceedings{Layman:2006:PTL:1121341.1121474,
 author = {Layman, Lucas and Cornwell, Travis and Williams, Laurie and Williams, Laurie},
 title = {Personality Types, Learning Styles, and an Agile Approach to Software Engineering Education},
 booktitle = {Proceedings of the 37th SIGCSE Technical Symposium on Computer Science Education},
 series = {SIGCSE '06},
 year = {2006},
 isbn = {1-59593-259-3},
 location = {Houston, Texas, USA},
 pages = {428--432},
 numpages = {5},
 url = {http://doi.acm.org/10.1145/1121341.1121474},
 doi = {10.1145/1121341.1121474},
 acmid = {1121474},
 publisher = {ACM},
 address = {New York, NY, USA},
 keywords = {agile methods, learning styles, personality types, software engineering education},
}

@inproceedings{Yim:2010:CSI:1734263.1734418,
 author = {Yim, Ketrina and Garcia, Daniel D. and Ahn, Sally},
 title = {Computer Science Illustrated: Engaging Visual Aids for Computer Science Education},
 booktitle = {Proceedings of the 41st ACM Technical Symposium on Computer Science Education},
 series = {SIGCSE '10},
 year = {2010},
 isbn = {978-1-4503-0006-3},
 location = {Milwaukee, Wisconsin, USA},
 pages = {465--469},
 numpages = {5},
 url = {http://doi.acm.org/10.1145/1734263.1734418},
 doi = {10.1145/1734263.1734418},
 acmid = {1734418},
 publisher = {ACM},
 address = {New York, NY, USA},
 keywords = {cartoon, illustration, introductory curriculum, learning style, visual learning},
}

@inproceedings{Alshammari:2015:ILS:2729094.2742614,
 author = {Alshammari, Mohammad and Anane, Rachid and Hendley, Robert J.},
 title = {The Impact of Learning Style Adaptivity in Teaching Computer Security},
 booktitle = {Proceedings of the 2015 ACM Conference on Innovation and Technology in Computer Science Education},
 series = {ITiCSE '15},
 year = {2015},
 isbn = {978-1-4503-3440-2},
 location = {Vilnius, Lithuania},
 pages = {135--140},
 numpages = {6},
 url = {http://doi.acm.org/10.1145/2729094.2742614},
 doi = {10.1145/2729094.2742614},
 acmid = {2742614},
 publisher = {ACM},
 address = {New York, NY, USA},
 keywords = {adaptivity, computer security education, e-learning systems, learning style},
}

@inproceedings{Hosseini:2019:YG:3287324.3287411,
 author = {Hosseini, Hadi and Perweiler, Laurel},
 title = {Are You Game?},
 booktitle = {Proceedings of the 50th ACM Technical Symposium on Computer Science Education},
 series = {SIGCSE '19},
 year = {2019},
 isbn = {978-1-4503-5890-3},
 location = {Minneapolis, MN, USA},
 pages = {866--872},
 numpages = {7},
 url = {http://doi.acm.org/10.1145/3287324.3287411},
 doi = {10.1145/3287324.3287411},
 acmid = {3287411},
 publisher = {ACM},
 address = {New York, NY, USA},
 keywords = {game-based learning, introductory computer science, learning styles, scaffolding},
}

@inproceedings{Bontchev:2009:ADS:1731740.1731767,
 author = {Bontchev, Boyan and Vassileva, Dessislava and Chavkova, Boryana and Mitev, Vladimir},
 title = {Architectural Design of a Software Engine for Adaptation Control in the ADOPTA e-Learning Platform},
 booktitle = {Proceedings of the International Conference on Computer Systems and Technologies and Workshop for PhD Students in Computing},
 series = {CompSysTech '09},
 year = {2009},
 isbn = {978-1-60558-986-2},
 location = {Ruse, Bulgaria},
 pages = {24:1--24:6},
 articleno = {24},
 numpages = {6},
 url = {http://doi.acm.org/10.1145/1731740.1731767},
 doi = {10.1145/1731740.1731767},
 acmid = {1731767},
 publisher = {ACM},
 address = {New York, NY, USA},
 keywords = {adaptive hypermedia systems, e-learning platforms, learning styles},
}

@inproceedings{Dung:2012:LMA:2254129.2254186,
 author = {Dung, Pham Quang and Florea, Adina Magda},
 title = {A Literature-based Method to Automatically Detect Learning Styles in Learning Management Systems},
 booktitle = {Proceedings of the 2Nd International Conference on Web Intelligence, Mining and Semantics},
 series = {WIMS '12},
 year = {2012},
 isbn = {978-1-4503-0915-8},
 location = {Craiova, Romania},
 pages = {46:1--46:7},
 articleno = {46},
 numpages = {7},
 url = {http://doi.acm.org/10.1145/2254129.2254186},
 doi = {10.1145/2254129.2254186},
 acmid = {2254186},
 publisher = {ACM},
 address = {New York, NY, USA},
 keywords = {adaptation, learning management system, learning style detection, personalization},
}

@inproceedings{Alaoutinen:2010:ELS:1930464.1930465,
 author = {Alaoutinen, Satu},
 title = {Effects of Learning Style and Student Background on Self-assessment and Course Performance},
 booktitle = {Proceedings of the 10th Koli Calling International Conference on Computing Education Research},
 series = {Koli Calling '10},
 year = {2010},
 isbn = {978-1-4503-0520-4},
 location = {Koli, Finland},
 pages = {5--12},
 numpages = {8},
 url = {http://doi.acm.org/10.1145/1930464.1930465},
 doi = {10.1145/1930464.1930465},
 acmid = {1930465},
 publisher = {ACM},
 address = {New York, NY, USA},
 keywords = {Bloom's revised taxonomy, learning style, programming, self-assessment},
}

@inproceedings{Feyock:1976:ILS:800191.805553,
 author = {Feyock, Stefan and Ford, Thomas},
 title = {Individual Learning Styles and Computer Science Education},
 booktitle = {Proceedings of the 1976 Annual Conference},
 series = {ACM '76},
 year = {1976},
 location = {Houston, Texas, USA},
 pages = {130--134},
 numpages = {5},
 url = {http://doi.acm.org/10.1145/800191.805553},
 doi = {10.1145/800191.805553},
 acmid = {805553},
 publisher = {ACM},
 address = {New York, NY, USA},
}

@inproceedings{Hu:2017:ULI:3124116.3124120,
 author = {Hu, Dexin and Wang, Yiwei and Chen, Cheng},
 title = {Ubiquitous Learning: Information Technology Driving Learning Revolution},
 booktitle = {Proceedings of the 2017 International Conference on Education and Multimedia Technology},
 series = {ICEMT '17},
 year = {2017},
 isbn = {978-1-4503-5293-2},
 location = {Singapore, Singapore},
 pages = {21--26},
 numpages = {6},
 url = {http://doi.acm.org/10.1145/3124116.3124120},
 doi = {10.1145/3124116.3124120},
 acmid = {3124120},
 publisher = {ACM},
 address = {New York, NY, USA},
 keywords = {information technology, learning style, typical model, ubiquitous learning},
}

@inproceedings{Costaguta:2014:AAG:2590651.2590674,
 author = {Costaguta, Rosanna and de los Angeles Menini, Mar\'{\i}a},
 title = {An Assistant Agent for Group Formation in CSCL Based on Student Learning Styles},
 booktitle = {Proceedings of the 7th Euro American Conference on Telematics and Information Systems},
 series = {EATIS '14},
 year = {2014},
 isbn = {978-1-4503-2435-9},
 location = {Valparaiso, Chile},
 pages = {24:1--24:4},
 articleno = {24},
 numpages = {4},
 url = {http://doi.acm.org/10.1145/2590651.2590674},
 doi = {10.1145/2590651.2590674},
 acmid = {2590674},
 publisher = {ACM},
 address = {New York, NY, USA},
 keywords = {assistant agent, association rules, computer supported collaborative learning, learning style},
}

@inproceedings{Vassileva:2011:ELS:2023607.2023697,
 author = {Vassileva, Dessislava},
 title = {Evaluation of Learning Styles Adaption in the Adopta e-Learning Platform},
 booktitle = {Proceedings of the 12th International Conference on Computer Systems and Technologies},
 series = {CompSysTech '11},
 year = {2011},
 isbn = {978-1-4503-0917-2},
 location = {Vienna, Austria},
 pages = {540--545},
 numpages = {6},
 url = {http://doi.acm.org/10.1145/2023607.2023697},
 doi = {10.1145/2023607.2023697},
 acmid = {2023697},
 publisher = {ACM},
 address = {New York, NY, USA},
 keywords = {adaptive hypermedia systems, e-learning platforms, evaluation, learning styles},
}

@inproceedings{Alhathli:2017:LMS:3099023.3099079,
 author = {Alhathli, Manal and Masthoff, Judith and Siddharthan, Advaith},
 title = {Should Learning Material's Selection Be Adapted to Learning Style and Personality?},
 booktitle = {Adjunct Publication of the 25th Conference on User Modeling, Adaptation and Personalization},
 series = {UMAP '17},
 year = {2017},
 isbn = {978-1-4503-5067-9},
 location = {Bratislava, Slovakia},
 pages = {275--280},
 numpages = {6},
 url = {http://doi.acm.org/10.1145/3099023.3099079},
 doi = {10.1145/3099023.3099079},
 acmid = {3099079},
 publisher = {ACM},
 address = {New York, NY, USA},
 keywords = {educational recommender, learning material, learning styles, personality, personalization},
}

@inproceedings{Shi:2017:MSL:3132847.3132965,
 author = {Shi, Yuling and Peng, Zhiyong and Wang, Hongning},
 title = {Modeling Student Learning Styles in MOOCs},
 booktitle = {Proceedings of the 2017 ACM on Conference on Information and Knowledge Management},
 series = {CIKM '17},
 year = {2017},
 isbn = {978-1-4503-4918-5},
 location = {Singapore, Singapore},
 pages = {979--988},
 numpages = {10},
 url = {http://doi.acm.org/10.1145/3132847.3132965},
 doi = {10.1145/3132847.3132965},
 acmid = {3132965},
 publisher = {ACM},
 address = {New York, NY, USA},
 keywords = {behavior modeling, moocs, probabilistic modeling, sequential data mining},
}

@inproceedings{Stash:2004:ALS:1013367.1013387,
 author = {Stash, Natalia Victorovna and Cristea, Alexandra Ioana and De Bra, Paul M.},
 title = {Authoring of Learning Styles in Adaptive Hypermedia: Problems and Solutions},
 booktitle = {Proceedings of the 13th International World Wide Web Conference on Alternate Track Papers \&Amp; Posters},
 series = {WWW Alt. '04},
 year = {2004},
 isbn = {1-58113-912-8},
 location = {New York, NY, USA},
 pages = {114--123},
 numpages = {10},
 url = {http://doi.acm.org/10.1145/1013367.1013387},
 doi = {10.1145/1013367.1013387},
 acmid = {1013387},
 publisher = {ACM},
 address = {New York, NY, USA},
 keywords = {adaptive hypermedia, authoring of adaptive hypermedia, learning styles, user modeling},
}

@inproceedings{Greeff:2010:DUP:1899503.1899546,
 author = {Greeff, Mard{\'e} and Williams, Quentin and Alberts, Ron{\'e}ll and Pretorius, Harriet},
 title = {Determining the User Profile for an Adaptable Training Platform},
 booktitle = {Proceedings of the 2010 Annual Research Conference of the South African Institute of Computer Scientists and Information Technologists},
 series = {SAICSIT '10},
 year = {2010},
 isbn = {978-1-60558-950-3},
 location = {Bela Bela, South Africa},
 pages = {365--369},
 numpages = {5},
 url = {http://doi.acm.org/10.1145/1899503.1899546},
 doi = {10.1145/1899503.1899546},
 acmid = {1899546},
 publisher = {ACM},
 address = {New York, NY, USA},
 keywords = {abilities, learning style, perceptual learning preference, training, user profile},
}

@inproceedings{Thomas:2000:IDL:337180.337630,
 author = {Thomas, Lynda A.},
 title = {The Implication of Different Learning Styles on the Modeling of Object-oriented Systems (Poster Session)},
 booktitle = {Proceedings of the 22Nd International Conference on Software Engineering},
 series = {ICSE '00},
 year = {2000},
 isbn = {1-58113-206-9},
 location = {Limerick, Ireland},
 pages = {774--},
 url = {http://doi.acm.org/10.1145/337180.337630},
 doi = {10.1145/337180.337630},
 acmid = {337630},
 publisher = {ACM},
 address = {New York, NY, USA},
 keywords = {CASE tools, learning styles, software engineering education, unified modeling language},
}

@inproceedings{Graf:2009:AAL:1632189.1632300,
 author = {Graf, Sabine and Kinshuk},
 title = {Advanced Adaptivity in Learning Management Systems by Considering Learning Styles},
 booktitle = {Proceedings of the 2009 IEEE/WIC/ACM International Joint Conference on Web Intelligence and Intelligent Agent Technology - Volume 03},
 series = {WI-IAT '09},
 year = {2009},
 isbn = {978-0-7695-3801-3},
 pages = {235--238},
 numpages = {4},
 url = {https://doi.org/10.1109/WI-IAT.2009.271},
 doi = {10.1109/WI-IAT.2009.271},
 acmid = {1632300},
 publisher = {IEEE Computer Society},
 address = {Washington, DC, USA},
 keywords = {adaptivity, student modelling, learning management systems, learning styles},
}

@inproceedings{Talhi:2017:ULS:3129186.3129205,
 author = {Talhi, Said and Behaz, Amel},
 title = {Using Learning Styles MBTI Model to Adapt Learning},
 booktitle = {Proceedings of the International Conference on Computing for Engineering and Sciences},
 series = {ICCES '17},
 year = {2017},
 isbn = {978-1-4503-5309-0},
 location = {Istanbul, Turkey},
 pages = {92--95},
 numpages = {4},
 url = {http://doi.acm.org/10.1145/3129186.3129205},
 doi = {10.1145/3129186.3129205},
 acmid = {3129205},
 publisher = {ACM},
 address = {New York, NY, USA},
 keywords = {Adaptive learning systems, MBTI based inferences, Myers-Briggs Type Indicator (MBTI), learner ontology, learning styles},
}

@article{Blank:2003:AMD:771712.771721,
 author = {Blank, Glenn D. and Roy, Soma and Sahasrabudhe, Shreeram and Pottenger, William M. and Kessler, G. Drew},
 title = {Adapting Multimedia for Diverse Student Learning Styles},
 journal = {J. Comput. Sci. Coll.},
 issue_date = {February 2003},
 volume = {18},
 number = {3},
 month = feb,
 year = {2003},
 issn = {1937-4771},
 pages = {45--58},
 numpages = {14},
 url = {http://dl.acm.org/citation.cfm?id=771712.771721},
 acmid = {771721},
 publisher = {Consortium for Computing Sciences in Colleges},
 address = {USA},
}

@inproceedings{Ivanova:2009:NLS:1731740.1731818,
 author = {Ivanova, Aneliya and Ivanova, Galina},
 title = {Net-generation Learning Style: A Challenge for Higher Education},
 booktitle = {Proceedings of the International Conference on Computer Systems and Technologies and Workshop for PhD Students in Computing},
 series = {CompSysTech '09},
 year = {2009},
 isbn = {978-1-60558-986-2},
 location = {Ruse, Bulgaria},
 pages = {72:1--72:6},
 articleno = {72},
 numpages = {6},
 url = {http://doi.acm.org/10.1145/1731740.1731818},
 doi = {10.1145/1731740.1731818},
 acmid = {1731818},
 publisher = {ACM},
 address = {New York, NY, USA},
 keywords = {Generation X, digital divide, digital immigrants, digital natives, elearning 2.0, learning style, millennials, neo-millennial learning style, net-generation, web 2.0},
}

@article{Zander:2009:LSN:1595496.1562948,
 author = {Zander, Carol and Thomas, Lynda and Simon, Beth and Murphy, Laurie and McCauley, Ren{\'e}e and Hanks, Brian and Fitzgerald, Sue},
 title = {Learning Styles: Novices Decide},
 journal = {SIGCSE Bull.},
 issue_date = {September 2009},
 volume = {41},
 number = {3},
 month = jul,
 year = {2009},
 issn = {0097-8418},
 pages = {223--227},
 numpages = {5},
 url = {http://doi.acm.org/10.1145/1595496.1562948},
 doi = {10.1145/1595496.1562948},
 acmid = {1562948},
 publisher = {ACM},
 address = {New York, NY, USA},
 keywords = {CS1, attitudinal, diagnostic testing, learning styles, mathematics education, programming, student profiling},
}

@inproceedings{Zander:2009:LSN:1562877.1562948,
 author = {Zander, Carol and Thomas, Lynda and Simon, Beth and Murphy, Laurie and McCauley, Ren{\'e}e and Hanks, Brian and Fitzgerald, Sue},
 title = {Learning Styles: Novices Decide},
 booktitle = {Proceedings of the 14th Annual ACM SIGCSE Conference on Innovation and Technology in Computer Science Education},
 series = {ITiCSE '09},
 year = {2009},
 isbn = {978-1-60558-381-5},
 location = {Paris, France},
 pages = {223--227},
 numpages = {5},
 url = {http://doi.acm.org/10.1145/1562877.1562948},
 doi = {10.1145/1562877.1562948},
 acmid = {1562948},
 publisher = {ACM},
 address = {New York, NY, USA},
 keywords = {CS1, attitudinal, diagnostic testing, learning styles, mathematics education, programming, student profiling},
}

@inproceedings{Watson:2014:NTR:2538862.2538930,
 author = {Watson, Christopher and Li, Frederick W.B. and Godwin, Jamie L.},
 title = {No Tests Required: Comparing Traditional and Dynamic Predictors of Programming Success},
 booktitle = {Proceedings of the 45th ACM Technical Symposium on Computer Science Education},
 series = {SIGCSE '14},
 year = {2014},
 isbn = {978-1-4503-2605-6},
 location = {Atlanta, Georgia, USA},
 pages = {469--474},
 numpages = {6},
 url = {http://doi.acm.org/10.1145/2538862.2538930},
 doi = {10.1145/2538862.2538930},
 acmid = {2538930},
 publisher = {ACM},
 address = {New York, NY, USA},
 keywords = {CS1, error quotient, learning strategies, learning styles, prediction, predictors of success, programming behavior, watwin},
}

@article{Kart:2015:ELS:2752628.2752634,
 author = {Kart, Michael},
 title = {Effects of Learning Styles on Student Outcomes in a General Education Computing Course},
 journal = {J. Comput. Sci. Coll.},
 issue_date = {April 2015},
 volume = {30},
 number = {4},
 month = apr,
 year = {2015},
 issn = {1937-4771},
 pages = {37--43},
 numpages = {7},
 url = {http://dl.acm.org/citation.cfm?id=2752628.2752634},
 acmid = {2752634},
 publisher = {Consortium for Computing Sciences in Colleges},
 address = {USA},
}

@article{Schipper:2002:CLS:772636.772652,
 author = {Schipper, Rachel A. and Krist, Paula S.},
 title = {Consideration of Learning Style, Field Orientation, Format, Citizen Status, and Time in Online Internet Instruction},
 journal = {J. Comput. Sci. Coll.},
 issue_date = {February 2002},
 volume = {17},
 number = {3},
 month = feb,
 year = {2002},
 issn = {1937-4771},
 pages = {73--83},
 numpages = {11},
 url = {http://dl.acm.org/citation.cfm?id=772636.772652},
 acmid = {772652},
 publisher = {Consortium for Computing Sciences in Colleges},
 address = {USA},
}

@article{Takruri-Rizk:2008:GLE:1361255.1361257,
 author = {Takruri-Rizk, Haifa and Jensen, Kathrine and Booth, Kathryn},
 title = {Gendered Learning Experience of Engineering and Technology Students},
 journal = {SIGCAS Comput. Soc.},
 issue_date = {March 2008},
 volume = {38},
 number = {1},
 month = mar,
 year = {2008},
 issn = {0095-2737},
 pages = {40--52},
 numpages = {13},
 url = {http://doi.acm.org/10.1145/1361255.1361257},
 doi = {10.1145/1361255.1361257},
 acmid = {1361257},
 publisher = {ACM},
 address = {New York, NY, USA},
 keywords = {education, engineering and technology students, female engineers and technologists, gender, learning environment, learning style},
}

@inproceedings{Sharda:2008:WPA:1459359.1459621,
 author = {Sharda, Nalin},
 title = {Workshop Process for Authoring Educational Multimedia Using Movement Oriented Design (MOD)},
 booktitle = {Proceedings of the 16th ACM International Conference on Multimedia},
 series = {MM '08},
 year = {2008},
 isbn = {978-1-60558-303-7},
 location = {Vancouver, British Columbia, Canada},
 pages = {1169--1170},
 numpages = {2},
 url = {http://doi.acm.org/10.1145/1459359.1459621},
 doi = {10.1145/1459359.1459621},
 acmid = {1459621},
 publisher = {ACM},
 address = {New York, NY, USA},
 keywords = {content creation, learning styles, movement oriented design (mod), narrative model, story development},
}

@article{Boverie:1998:PSD:281083.281086,
 author = {Boverie, Patricia and Nagel, Liza and McGee, Melissa and Garcia, Susan},
 title = {Predictors of Satisfaction for Distance Learners: A Study of Variable Conditions},
 journal = {SIGCUE Outlook},
 issue_date = {April 1998},
 volume = {26},
 number = {2},
 month = apr,
 year = {1998},
 issn = {0163-5735},
 pages = {2--7},
 numpages = {6},
 url = {http://doi.acm.org/10.1145/281083.281086},
 doi = {10.1145/281083.281086},
 acmid = {281086},
 publisher = {ACM},
 address = {New York, NY, USA},
 keywords = {distance learners, emotional intelligence, learning strategies, learning style, self-efficacy, social presence, student satisfaction},
}

@inproceedings{Al-Rajhi:2014:PIA:2643604.2643606,
 author = {Al-Rajhi, Laila and Salama, Reda and Gamalel-Din, Shehab},
 title = {Personalized Intelligent Assessment Model for Measuring Initial Students Abilities},
 booktitle = {Proceedings of the 2014 Workshop on Interaction Design in Educational Environments},
 series = {IDEE '14},
 year = {2014},
 isbn = {978-1-4503-3034-3},
 location = {Albacete, Spain},
 pages = {41:41--41:48},
 articleno = {41},
 numpages = {8},
 url = {http://doi.acm.org/10.1145/2643604.2643606},
 doi = {10.1145/2643604.2643606},
 acmid = {2643606},
 publisher = {ACM},
 address = {New York, NY, USA},
 keywords = {Bloom's Taxonomy, Computer Based Testing, Learning Styles, Personalized Intelligent Assessment, Student Model},
}

@article{Chen:2011:DUD:1953573.1953582,
 author = {Chen, Ping and Chen, Irene and Verma, Rakesh},
 title = {Designing an Undergraduate Data Mining Course by Matching Teaching Strategies with Student Learning Styles},
 journal = {J. Comput. Sci. Coll.},
 issue_date = {April 2011},
 volume = {26},
 number = {4},
 month = apr,
 year = {2011},
 issn = {1937-4771},
 pages = {49--56},
 numpages = {8},
 url = {http://dl.acm.org/citation.cfm?id=1953573.1953582},
 acmid = {1953582},
 publisher = {Consortium for Computing Sciences in Colleges},
 address = {USA},
}

@article{Brown:2007:RUR:1324960.1324967,
 author = {Brown, Elizabeth and Fisher, Tony and Brailsford, Tim},
 title = {Real Users, Real Results: Examining the Limitations of Learning Styles Within AEH},
 journal = {SIGWEB Newsl.},
 issue_date = {Winter 2007},
 volume = {2007},
 number = {Winter},
 month = dec,
 year = {2007},
 issn = {1931-1745},
 articleno = {7},
 url = {http://doi.acm.org/10.1145/1324960.1324967},
 doi = {10.1145/1324960.1324967},
 acmid = {1324967},
 publisher = {ACM},
 address = {New York, NY, USA},
 keywords = {DEUS, adaptive educational hypermedia, learning styles, real users, user modelling, user trials},
}

@inproceedings{Eck:1989:HTA:73760.73827,
 author = {Eck, M. K.},
 title = {A hyperCard Tutorial That Accommodates Different Learning Styles},
 booktitle = {Proceedings of the 17th Annual ACM SIGUCCS Conference on User Services},
 series = {SIGUCCS '89},
 year = {1989},
 isbn = {0-89791-330-2},
 location = {Bethesda, Maryland, USA},
 pages = {435--439},
 numpages = {5},
 url = {http://doi.acm.org/10.1145/73760.73827},
 doi = {10.1145/73760.73827},
 acmid = {73827},
 publisher = {ACM},
 address = {New York, NY, USA},
}

@article{Neilforoshan:2002:IAA:772636.772651,
 author = {Neilforoshan, Mohamad R.},
 title = {An Integrative Approach to the Accommodation of Various Learning Styles},
 journal = {J. Comput. Sci. Coll.},
 issue_date = {February 2002},
 volume = {17},
 number = {3},
 month = feb,
 year = {2002},
 issn = {1937-4771},
 pages = {67--72},
 numpages = {6},
 url = {http://dl.acm.org/citation.cfm?id=772636.772651},
 acmid = {772651},
 publisher = {Consortium for Computing Sciences in Colleges},
 address = {USA},
}

@inproceedings{Bland:2000:APL:343048.343184,
 author = {Bland, Constance G. and Lawhead, Pamela B.},
 title = {Agents, Profiles, Learning Styles and Tutors (Poster Session)},
 booktitle = {Proceedings of the 5th Annual SIGCSE/SIGCUE ITiCSEconference on Innovation and Technology in Computer Science Education},
 series = {ITiCSE '00},
 year = {2000},
 isbn = {1-58113-207-7},
 location = {Helsinki, Finland},
 pages = {185--},
 url = {http://doi.acm.org/10.1145/343048.343184},
 doi = {10.1145/343048.343184},
 acmid = {343184},
 publisher = {ACM},
 address = {New York, NY, USA},
}

@article{Bland:2000:APL:353519.343184,
 author = {Bland, Constance G. and Lawhead, Pamela B.},
 title = {Agents, Profiles, Learning Styles and Tutors (Poster Session)},
 journal = {SIGCSE Bull.},
 issue_date = {Sept. 2000},
 volume = {32},
 number = {3},
 month = jul,
 year = {2000},
 issn = {0097-8418},
 pages = {185--},
 url = {http://doi.acm.org/10.1145/353519.343184},
 doi = {10.1145/353519.343184},
 acmid = {343184},
 publisher = {ACM},
 address = {New York, NY, USA},
}

@article{League:2008:SEA:1352627.1352650,
 author = {League, Christopher},
 title = {Something for Everyone: AI Lab Assignments That Span Learning Styles and Aptitudes},
 journal = {J. Comput. Sci. Coll.},
 issue_date = {May 2008},
 volume = {23},
 number = {5},
 month = may,
 year = {2008},
 issn = {1937-4771},
 pages = {142--149},
 numpages = {8},
 url = {http://dl.acm.org/citation.cfm?id=1352627.1352650},
 acmid = {1352650},
 publisher = {Consortium for Computing Sciences in Colleges},
 address = {USA},
}

@inproceedings{Zualkernan:2007:USL:1248820.1248903,
 author = {Zualkernan, Imran A.},
 title = {Using Soloman-Felder Learning Style Index to Evaluate Pedagogical Resources for Introductory Programming Classes},
 booktitle = {Proceedings of the 29th International Conference on Software Engineering},
 series = {ICSE '07},
 year = {2007},
 isbn = {0-7695-2828-7},
 pages = {723--726},
 numpages = {4},
 url = {https://doi.org/10.1109/ICSE.2007.96},
 doi = {10.1109/ICSE.2007.96},
 acmid = {1248903},
 publisher = {IEEE Computer Society},
 address = {Washington, DC, USA},
}

@article{Burgess:2006:ALS:1089182.1089190,
 author = {Burgess, Gerald Alan and Hanshaw, Catherine},
 title = {Application of Learning Styles and Approaches in Computing Sciences Classes},
 journal = {J. Comput. Sci. Coll.},
 issue_date = {February 2006},
 volume = {21},
 number = {3},
 month = feb,
 year = {2006},
 issn = {1937-4771},
 pages = {60--68},
 numpages = {9},
 url = {http://dl.acm.org/citation.cfm?id=1089182.1089190},
 acmid = {1089190},
 publisher = {Consortium for Computing Sciences in Colleges},
 address = {USA},
}

@inproceedings{Brown:2007:RUR:1286240.1286261,
 author = {Brown, Elizabeth and Fisher, Tony and Brailsford, Tim},
 title = {Real Users, Real Results: Examining the Limitations of Learning Styles Within AEH},
 booktitle = {Proceedings of the Eighteenth Conference on Hypertext and Hypermedia},
 series = {HT '07},
 year = {2007},
 isbn = {978-1-59593-820-6},
 location = {Manchester, UK},
 pages = {57--66},
 numpages = {10},
 url = {http://doi.acm.org/10.1145/1286240.1286261},
 doi = {10.1145/1286240.1286261},
 acmid = {1286261},
 publisher = {ACM},
 address = {New York, NY, USA},
 keywords = {DEUS, adaptive educational hypermedia, learning styles, real users, user modelling, user trials},
}

@inproceedings{Popescu:2009:PPC:1632189.1632301,
 author = {Popescu, Elvira and Badica, Costin},
 title = {Providing Personalized Courses in a Web-Supported Learning Environment},
 booktitle = {Proceedings of the 2009 IEEE/WIC/ACM International Joint Conference on Web Intelligence and Intelligent Agent Technology - Volume 03},
 series = {WI-IAT '09},
 year = {2009},
 isbn = {978-0-7695-3801-3},
 pages = {239--242},
 numpages = {4},
 url = {https://doi.org/10.1109/WI-IAT.2009.272},
 doi = {10.1109/WI-IAT.2009.272},
 acmid = {1632301},
 publisher = {IEEE Computer Society},
 address = {Washington, DC, USA},
 keywords = {adaptive learning environment, Web-based educational system, learning style, adaptation techniques},
}

@inproceedings{Wolf:2003:ITL:858403.858437,
 author = {Wolf, Christian},
 title = {iWeaver: Towards 'Learning Style'-based e-Learning in Computer Science Education},
 booktitle = {Proceedings of the Fifth Australasian Conference on Computing Education - Volume 20},
 series = {ACE '03},
 year = {2003},
 isbn = {0-909925-98-4},
 location = {Adelaide, Australia},
 pages = {273--279},
 numpages = {7},
 url = {http://dl.acm.org/citation.cfm?id=858403.858437},
 acmid = {858437},
 publisher = {Australian Computer Society, Inc.},
 address = {Darlinghurst, Australia, Australia},
 keywords = {adaptive hypermedia, adaptive learning, e-learning, individual learning styles, learner modelling, learner-centred design, multimedia learning, user modelling},
}

@inproceedings{Jarc:1998:ESW:289524.289534,
 author = {Jarc, Duane J. and Feldman, Michael B.},
 title = {An Empirical Study of Web-based Algorithm Animation Courseware in an Ada Data Structure Course},
 booktitle = {Proceedings of the 1998 Annual ACM SIGAda International Conference on Ada},
 series = {SIGAda '98},
 year = {1998},
 isbn = {1-58113-033-3},
 location = {Washington, D.C., USA},
 pages = {68--74},
 numpages = {7},
 url = {http://doi.acm.org/10.1145/289524.289534},
 doi = {10.1145/289524.289534},
 acmid = {289534},
 publisher = {ACM},
 address = {New York, NY, USA},
 keywords = {Ada data structure course, Web-based courseware, algorithm animation, empirical study, interactive multimedia, learning styles},
}

@article{Jarc:1998:ESW:301687.289534,
 author = {Jarc, Duane J. and Feldman, Michael B.},
 title = {An Empirical Study of Web-based Algorithm Animation Courseware in an Ada Data Structure Course},
 journal = {Ada Lett.},
 issue_date = {Nov./Dec. 1998},
 volume = {XVIII},
 number = {6},
 month = nov,
 year = {1998},
 issn = {1094-3641},
 pages = {68--74},
 numpages = {7},
 url = {http://doi.acm.org/10.1145/301687.289534},
 doi = {10.1145/301687.289534},
 acmid = {289534},
 publisher = {ACM},
 address = {New York, NY, USA},
 keywords = {Ada data structure course, Web-based courseware, algorithm animation, empirical study, interactive multimedia, learning styles},
}

@inproceedings{Watson:2010:PIA:1878052.1878056,
 author = {Watson, Christopher and Li, Frederick W. B. and Lau, Rynson W. H.},
 title = {A Pedagogical Interface for Authoring Adaptive e-Learning Courses},
 booktitle = {Proceedings of the Second ACM International Workshop on Multimedia Technologies for Distance Leaning},
 series = {MTDL '10},
 year = {2010},
 isbn = {978-1-4503-0158-9},
 location = {Firenze, Italy},
 pages = {13--18},
 numpages = {6},
 url = {http://doi.acm.org/10.1145/1878052.1878056},
 doi = {10.1145/1878052.1878056},
 acmid = {1878056},
 publisher = {ACM},
 address = {New York, NY, USA},
 keywords = {adaptive course authoring, adaptive e-learning, elearning, learning styles, pedagogical interface},
}

@article{Parvez:2007:PFI:1181849.1181886,
 author = {Parvez, Shahida M. and Blank, Glenn D.},
 title = {A Pedagogical Framework to Integrate Learning Style into Intelligent Tutoring Systems},
 journal = {J. Comput. Sci. Coll.},
 issue_date = {January 2007},
 volume = {22},
 number = {3},
 month = jan,
 year = {2007},
 issn = {1937-4771},
 pages = {183--189},
 numpages = {7},
 url = {http://dl.acm.org/citation.cfm?id=1181849.1181886},
 acmid = {1181886},
 publisher = {Consortium for Computing Sciences in Colleges},
 address = {USA},
}

@article{Wu:1998:CMC:274790.274315,
 author = {Wu, Cheng-Chih and Dale, Nell B. and Bethel, Lowell J.},
 title = {Conceptual Models and Cognitive Learning Styles in Teaching Recursion},
 journal = {SIGCSE Bull.},
 issue_date = {Mar. 1998},
 volume = {30},
 number = {1},
 month = mar,
 year = {1998},
 issn = {0097-8418},
 pages = {292--296},
 numpages = {5},
 url = {http://doi.acm.org/10.1145/274790.274315},
 doi = {10.1145/274790.274315},
 acmid = {274315},
 publisher = {ACM},
 address = {New York, NY, USA},
}

@inproceedings{Wu:1998:CMC:273133.274315,
 author = {Wu, Cheng-Chih and Dale, Nell B. and Bethel, Lowell J.},
 title = {Conceptual Models and Cognitive Learning Styles in Teaching Recursion},
 booktitle = {Proceedings of the Twenty-ninth SIGCSE Technical Symposium on Computer Science Education},
 series = {SIGCSE '98},
 year = {1998},
 isbn = {0-89791-994-7},
 location = {Atlanta, Georgia, USA},
 pages = {292--296},
 numpages = {5},
 url = {http://doi.acm.org/10.1145/273133.274315},
 doi = {10.1145/273133.274315},
 acmid = {274315},
 publisher = {ACM},
 address = {New York, NY, USA},
}

@article{Chamillard:1999:ULS:384266.299790,
 author = {Chamillard, A. T. and Karolick, Dolores},
 title = {Using Learning Style Data in an Introductory Computer Science Course},
 journal = {SIGCSE Bull.},
 issue_date = {March 1999},
 volume = {31},
 number = {1},
 month = mar,
 year = {1999},
 issn = {0097-8418},
 pages = {291--295},
 numpages = {5},
 url = {http://doi.acm.org/10.1145/384266.299790},
 doi = {10.1145/384266.299790},
 acmid = {299790},
 publisher = {ACM},
 address = {New York, NY, USA},
}

@inproceedings{Chamillard:1999:ULS:299649.299790,
 author = {Chamillard, A. T. and Karolick, Dolores},
 title = {Using Learning Style Data in an Introductory Computer Science Course},
 booktitle = {The Proceedings of the Thirtieth SIGCSE Technical Symposium on Computer Science Education},
 series = {SIGCSE '99},
 year = {1999},
 isbn = {1-58113-085-6},
 location = {New Orleans, Louisiana, USA},
 pages = {291--295},
 numpages = {5},
 url = {http://doi.acm.org/10.1145/299649.299790},
 doi = {10.1145/299649.299790},
 acmid = {299790},
 publisher = {ACM},
 address = {New York, NY, USA},
}

@article{Howard:1997:LSM:268085.268237,
 author = {Howard, Richard A. and Kaczmarczyk, Lisa and Springsteel, Frederick and Dale, Nell},
 title = {Learning Style Models and Computer Science Education (Panel)},
 journal = {SIGCSE Bull.},
 issue_date = {March 1997},
 volume = {29},
 number = {1},
 month = mar,
 year = {1997},
 issn = {0097-8418},
 pages = {383--},
 url = {http://doi.acm.org/10.1145/268085.268237},
 doi = {10.1145/268085.268237},
 acmid = {268237},
 publisher = {ACM},
 address = {New York, NY, USA},
}

@inproceedings{Howard:1997:LSM:268084.268237,
 author = {Howard, Richard A. and Kaczmarczyk, Lisa and Springsteel, Frederick and Dale, Nell},
 title = {Learning Style Models and Computer Science Education (Panel)},
 booktitle = {Proceedings of the Twenty-eighth SIGCSE Technical Symposium on Computer Science Education},
 series = {SIGCSE '97},
 year = {1997},
 isbn = {0-89791-889-4},
 location = {San Jose, California, USA},
 pages = {383--},
 url = {http://doi.acm.org/10.1145/268084.268237},
 doi = {10.1145/268084.268237},
 acmid = {268237},
 publisher = {ACM},
 address = {New York, NY, USA},
}

@inproceedings{Hassan:2017:SAE:3158233.3159332,
 author = {Hassan, Muhammad Mustafa and Qureshi, Adnan N.},
 title = {Situating Adaptive Educational Hypermedia into the Local Context of Developing Nations},
 booktitle = {Proceedings of the 2017 2Nd International Conference on Communication and Information Systems},
 series = {ICCIS 2017},
 year = {2017},
 isbn = {978-1-4503-5348-9},
 location = {Wuhan, China},
 pages = {376--381},
 numpages = {6},
 url = {http://doi.acm.org/10.1145/3158233.3159332},
 doi = {10.1145/3158233.3159332},
 acmid = {3159332},
 publisher = {ACM},
 address = {New York, NY, USA},
 keywords = {AEH, Adaptive Educational Hypermedia, Adaptor-Innovator model, Cognitive Styles, Contextualization, ESL, English as a Second Language, Learning Styles},
}

@article{Nicholson:2007:LLS:1231091.1231096,
 author = {Nicholson, Darren and Hamilton, Diane and McFarland, Daniel},
 title = {Leveraging Learning Styles to Improve Student Learning: The Interactive Learning Model and Learning Combination Inventory},
 journal = {J. Comput. Sci. Coll.},
 issue_date = {June 2007},
 volume = {22},
 number = {6},
 month = jun,
 year = {2007},
 issn = {1937-4771},
 pages = {8--17},
 numpages = {10},
 url = {http://dl.acm.org/citation.cfm?id=1231091.1231096},
 acmid = {1231096},
 publisher = {Consortium for Computing Sciences in Colleges},
 address = {USA},
}

@article{Lewandowski:1998:CST:274790.274319,
 author = {Lewandowski, Gary and Morehead, Amy},
 title = {Computer Science Through the Eyes of Dead Monkeys: Learning Styles and Interaction in CS I},
 journal = {SIGCSE Bull.},
 issue_date = {Mar. 1998},
 volume = {30},
 number = {1},
 month = mar,
 year = {1998},
 issn = {0097-8418},
 pages = {312--316},
 numpages = {5},
 url = {http://doi.acm.org/10.1145/274790.274319},
 doi = {10.1145/274790.274319},
 acmid = {274319},
 publisher = {ACM},
 address = {New York, NY, USA},
}

@inproceedings{Lewandowski:1998:CST:273133.274319,
 author = {Lewandowski, Gary and Morehead, Amy},
 title = {Computer Science Through the Eyes of Dead Monkeys: Learning Styles and Interaction in CS I},
 booktitle = {Proceedings of the Twenty-ninth SIGCSE Technical Symposium on Computer Science Education},
 series = {SIGCSE '98},
 year = {1998},
 isbn = {0-89791-994-7},
 location = {Atlanta, Georgia, USA},
 pages = {312--316},
 numpages = {5},
 url = {http://doi.acm.org/10.1145/273133.274319},
 doi = {10.1145/273133.274319},
 acmid = {274319},
 publisher = {ACM},
 address = {New York, NY, USA},
}

@inproceedings{Bohlen:1993:ELS:158011.158236,
 author = {Bohlen, George A. and Ferratt, Thomas W.},
 title = {The Effect of Learning Style and Method of Instruction on the Achievement, Efficiency and Satisfaction of End-users Learning Computer Software},
 booktitle = {Proceedings of the 1993 Conference on Computer Personnel Research},
 series = {SIGCPR '93},
 year = {1993},
 isbn = {0-89791-572-0},
 location = {St Louis, Missouri, USA},
 pages = {273--283},
 numpages = {11},
 url = {http://doi.acm.org/10.1145/158011.158236},
 doi = {10.1145/158011.158236},
 acmid = {158236},
 publisher = {ACM},
 address = {New York, NY, USA},
}

@article{Burrell:2008:LOO:1597849.1384381,
 author = {Burrell, Christopher J.},
 title = {Learning Object Oriented Programming: Unique Visualizations of Individuals Learning Styles, Activities and the Programs Produced},
 journal = {SIGCSE Bull.},
 issue_date = {September 2008},
 volume = {40},
 number = {3},
 month = jun,
 year = {2008},
 issn = {0097-8418},
 pages = {339--339},
 numpages = {1},
 url = {http://doi.acm.org/10.1145/1597849.1384381},
 doi = {10.1145/1597849.1384381},
 acmid = {1384381},
 publisher = {ACM},
 address = {New York, NY, USA},
 keywords = {computing education, data visualization, learner model, micro-world, novice, programming},
}

@inproceedings{Burrell:2008:LOO:1384271.1384381,
 author = {Burrell, Christopher J.},
 title = {Learning Object Oriented Programming: Unique Visualizations of Individuals Learning Styles, Activities and the Programs Produced},
 booktitle = {Proceedings of the 13th Annual Conference on Innovation and Technology in Computer Science Education},
 series = {ITiCSE '08},
 year = {2008},
 isbn = {978-1-60558-078-4},
 location = {Madrid, Spain},
 pages = {339--339},
 numpages = {1},
 url = {http://doi.acm.org/10.1145/1384271.1384381},
 doi = {10.1145/1384271.1384381},
 acmid = {1384381},
 publisher = {ACM},
 address = {New York, NY, USA},
 keywords = {computing education, data visualization, learner model, micro-world, novice, programming},
}

@article{Howard:1996:FLS:236462.236545,
 author = {Howard, Richard A. and Carver, Curtis A. and Lane, William D.},
 title = {Felder's Learning Styles, Bloom's Taxonomy, and the Kolb Learning Cycle: Tying It All Together in the CS2 Course},
 journal = {SIGCSE Bull.},
 issue_date = {March 1996},
 volume = {28},
 number = {1},
 month = mar,
 year = {1996},
 issn = {0097-8418},
 pages = {227--231},
 numpages = {5},
 url = {http://doi.acm.org/10.1145/236462.236545},
 doi = {10.1145/236462.236545},
 acmid = {236545},
 publisher = {ACM},
 address = {New York, NY, USA},
}

@inproceedings{Howard:1996:FLS:236452.236545,
 author = {Howard, Richard A. and Carver, Curtis A. and Lane, William D.},
 title = {Felder's Learning Styles, Bloom's Taxonomy, and the Kolb Learning Cycle: Tying It All Together in the CS2 Course},
 booktitle = {Proceedings of the Twenty-seventh SIGCSE Technical Symposium on Computer Science Education},
 series = {SIGCSE '96},
 year = {1996},
 isbn = {0-89791-757-X},
 location = {Philadelphia, Pennsylvania, USA},
 pages = {227--231},
 numpages = {5},
 url = {http://doi.acm.org/10.1145/236452.236545},
 doi = {10.1145/236452.236545},
 acmid = {236545},
 publisher = {ACM},
 address = {New York, NY, USA},
}

@inproceedings{Chujfi-La-Roche:2014:MCS:2637248.2637263,
 author = {Chujfi-La-Roche, Salim and Meinel, Christoph},
 title = {Modeling Cognitive Style Patterns to Explore Individuals' Capabilities for Processing Knowledge in Virtual Settings},
 booktitle = {Proceedings of the 2014 European Conference on Cognitive Ergonomics},
 series = {ECCE '14},
 year = {2014},
 isbn = {978-1-4503-2874-6},
 location = {Vienna, Austria},
 pages = {12:1--12:7},
 articleno = {12},
 numpages = {7},
 url = {http://doi.acm.org/10.1145/2637248.2637263},
 doi = {10.1145/2637248.2637263},
 acmid = {2637263},
 publisher = {ACM},
 address = {New York, NY, USA},
 keywords = {Cognitive Patterns, Collaborative Work, Communication, Computer Science, FSLSM, Hypermedia Tools, Knowledge Management, Learning Styles, Self-Government, Telework, Thinking Styles, Virtual Settings},
}

@article{Adams:2006:WLC:1151030.1151049,
 author = {Adams, Dennis},
 title = {Wireless Laptops in the Classroom (and the Sesame Street Syndrome)},
 journal = {Commun. ACM},
 issue_date = {September 2006},
 volume = {49},
 number = {9},
 month = sep,
 year = {2006},
 issn = {0001-0782},
 pages = {25--27},
 numpages = {3},
 url = {http://doi.acm.org/10.1145/1151030.1151049},
 doi = {10.1145/1151030.1151049},
 acmid = {1151049},
 publisher = {ACM},
 address = {New York, NY, USA},
}

@inproceedings{Goldweber:2011:TKL:1999747.1999847,
 author = {Goldweber, Michael},
 title = {Two Kinesthetic Learning Activities: Turing Machines and Basic Computer Organization},
 booktitle = {Proceedings of the 16th Annual Joint Conference on Innovation and Technology in Computer Science Education},
 series = {ITiCSE '11},
 year = {2011},
 isbn = {978-1-4503-0697-3},
 location = {Darmstadt, Germany},
 pages = {335--335},
 numpages = {1},
 url = {http://doi.acm.org/10.1145/1999747.1999847},
 doi = {10.1145/1999747.1999847},
 acmid = {1999847},
 publisher = {ACM},
 address = {New York, NY, USA},
 keywords = {in-class exercises, kinesthetic learning activities},
}

@inproceedings{Stokes:2002:TKA:820060.820082,
 author = {Stokes, Jackie},
 title = {Towards Knowledge Age Teachers: Reflective Practitioners},
 booktitle = {Proceedings of the Seventh World Conference on Computers in Education Conference on Computers in Education: Australian Topics - Volume 8},
 series = {CRPIT '02},
 year = {2002},
 isbn = {0-909925-86-0},
 location = {Copenhagen, Denmark},
 pages = {119--124},
 numpages = {6},
 url = {http://dl.acm.org/citation.cfm?id=820060.820082},
 acmid = {820082},
 publisher = {Australian Computer Society, Inc.},
 address = {Darlinghurst, Australia, Australia},
}

@article{Siegel:1999:WFF:384267.305909,
 author = {Siegel, Eric V.},
 title = {Why Do Fools Fall into Infinite Loops: Singing to Your Computer Science Class},
 journal = {SIGCSE Bull.},
 issue_date = {Sept. 1999},
 volume = {31},
 number = {3},
 month = jun,
 year = {1999},
 issn = {0097-8418},
 pages = {167--170},
 numpages = {4},
 url = {http://doi.acm.org/10.1145/384267.305909},
 doi = {10.1145/384267.305909},
 acmid = {305909},
 publisher = {ACM},
 address = {New York, NY, USA},
}

@inproceedings{Siegel:1999:WFF:305786.305909,
 author = {Siegel, Eric V.},
 title = {Why Do Fools Fall into Infinite Loops: Singing to Your Computer Science Class},
 booktitle = {Proceedings of the 4th Annual SIGCSE/SIGCUE ITiCSE Conference on Innovation and Technology in Computer Science Education},
 series = {ITiCSE '99},
 year = {1999},
 isbn = {1-58113-087-2},
 location = {Cracow, Poland},
 pages = {167--170},
 numpages = {4},
 url = {http://doi.acm.org/10.1145/305786.305909},
 doi = {10.1145/305786.305909},
 acmid = {305909},
 publisher = {ACM},
 address = {New York, NY, USA},
}

@inproceedings{Paulson:2008:SEG:1463689.1463739,
 author = {Paulson, Brandon and Eoff, Brian and Wolin, Aaron and Johnston, Joshua and Hammond, Tracy},
 title = {Sketch-based Educational Games: "Drawing" Kids Away from Traditional Interfaces},
 booktitle = {Proceedings of the 7th International Conference on Interaction Design and Children},
 series = {IDC '08},
 year = {2008},
 isbn = {978-1-59593-994-4},
 location = {Chicago, Illinois},
 pages = {133--136},
 numpages = {4},
 url = {http://doi.acm.org/10.1145/1463689.1463739},
 doi = {10.1145/1463689.1463739},
 acmid = {1463739},
 publisher = {ACM},
 address = {New York, NY, USA},
 keywords = {LADDER, PaleoSketch, automated feedback, educational games, sketch recognition},
}

@article{Byrne:2001:ESA:507758.377467,
 author = {Byrne, Pat and Lyons, Gerry},
 title = {The Effect of Student Attributes on Success in Programming},
 journal = {SIGCSE Bull.},
 issue_date = {Sept. 2001},
 volume = {33},
 number = {3},
 month = jun,
 year = {2001},
 issn = {0097-8418},
 pages = {49--52},
 numpages = {4},
 url = {http://doi.acm.org/10.1145/507758.377467},
 doi = {10.1145/507758.377467},
 acmid = {377467},
 publisher = {ACM},
 address = {New York, NY, USA},
}

@inproceedings{Byrne:2001:ESA:377435.377467,
 author = {Byrne, Pat and Lyons, Gerry},
 title = {The Effect of Student Attributes on Success in Programming},
 booktitle = {Proceedings of the 6th Annual Conference on Innovation and Technology in Computer Science Education},
 series = {ITiCSE '01},
 year = {2001},
 isbn = {1-58113-330-8},
 location = {Canterbury, United Kingdom},
 pages = {49--52},
 numpages = {4},
 url = {http://doi.acm.org/10.1145/377435.377467},
 doi = {10.1145/377435.377467},
 acmid = {377467},
 publisher = {ACM},
 address = {New York, NY, USA},
}

@article{Sivilotti:2007:SKL:1227504.1227438,
 author = {Sivilotti, Paolo A. G. and Pike, Scott M.},
 title = {The Suitability of Kinesthetic Learning Activities for Teaching Distributed Algorithms},
 journal = {SIGCSE Bull.},
 issue_date = {March 2007},
 volume = {39},
 number = {1},
 month = mar,
 year = {2007},
 issn = {0097-8418},
 pages = {362--366},
 numpages = {5},
 url = {http://doi.acm.org/10.1145/1227504.1227438},
 doi = {10.1145/1227504.1227438},
 acmid = {1227438},
 publisher = {ACM},
 address = {New York, NY, USA},
 keywords = {active learning, concurrency, pedagogy, reasoning},
}

@inproceedings{Sivilotti:2007:SKL:1227310.1227438,
 author = {Sivilotti, Paolo A. G. and Pike, Scott M.},
 title = {The Suitability of Kinesthetic Learning Activities for Teaching Distributed Algorithms},
 booktitle = {Proceedings of the 38th SIGCSE Technical Symposium on Computer Science Education},
 series = {SIGCSE '07},
 year = {2007},
 isbn = {1-59593-361-1},
 location = {Covington, Kentucky, USA},
 pages = {362--366},
 numpages = {5},
 url = {http://doi.acm.org/10.1145/1227310.1227438},
 doi = {10.1145/1227310.1227438},
 acmid = {1227438},
 publisher = {ACM},
 address = {New York, NY, USA},
 keywords = {active learning, concurrency, pedagogy, reasoning},
}

@inproceedings{Alshaigy:2013:DIL:2462476.2465601,
 author = {Alshaigy, Bedour},
 title = {Development of an Interactive Learning Tool to Teach Python Programming Language},
 booktitle = {Proceedings of the 18th ACM Conference on Innovation and Technology in Computer Science Education},
 series = {ITiCSE '13},
 year = {2013},
 isbn = {978-1-4503-2078-8},
 location = {Canterbury, England, UK},
 pages = {344--344},
 numpages = {1},
 url = {http://doi.acm.org/10.1145/2462476.2465601},
 doi = {10.1145/2462476.2465601},
 acmid = {2465601},
 publisher = {ACM},
 address = {New York, NY, USA},
 keywords = {interactive teaching tools, novice programmers, python.},
}

@article{Neal:2004:OLF:1029480.1029482,
 author = {Neal, Lisa and Miller, Diane and Perez, Ray},
 title = {Online Learning and Fun},
 journal = {eLearn},
 issue_date = {September 2004},
 volume = {2004},
 number = {9},
 month = sep,
 year = {2004},
 issn = {1535-394X},
 pages = {1--},
 url = {http://doi.acm.org/10.1145/1029480.1029482},
 doi = {10.1145/1029480.1029482},
 acmid = {1029482},
 publisher = {ACM},
 address = {New York, NY, USA},
}

@inproceedings{Kane:2019:EPD:3299815.3314477,
 author = {Kane, Ilish and Pham, Chuy-Thuy and Lewis, Adam Wade and Miller, Vanessa},
 title = {Escape from the Python's Den: An Educational Game for Teaching Programming to Younger Students},
 booktitle = {Proceedings of the 2019 ACM Southeast Conference},
 series = {ACM SE '19},
 year = {2019},
 isbn = {978-1-4503-6251-1},
 location = {Kennesaw, GA, USA},
 pages = {279--280},
 numpages = {2},
 url = {http://doi.acm.org/10.1145/3299815.3314477},
 doi = {10.1145/3299815.3314477},
 acmid = {3314477},
 publisher = {ACM},
 address = {New York, NY, USA},
 keywords = {Computer-assisted instruction},
}

@inproceedings{Russo:2018:DCC:3159450.3162167,
 author = {Russo, John P.},
 title = {Designing CS Courses Using Universal Design Concepts: (Abstract Only)},
 booktitle = {Proceedings of the 49th ACM Technical Symposium on Computer Science Education},
 series = {SIGCSE '18},
 year = {2018},
 isbn = {978-1-4503-5103-4},
 location = {Baltimore, Maryland, USA},
 pages = {1067--1067},
 numpages = {1},
 url = {http://doi.acm.org/10.1145/3159450.3162167},
 doi = {10.1145/3159450.3162167},
 acmid = {3162167},
 publisher = {ACM},
 address = {New York, NY, USA},
 keywords = {ADHD, autism spectrum disorder, barriers to learning, course design, learning differences, universal design},
}

@article{Darbhamulla:2003:SSM:961290.961617,
 author = {Darbhamulla, Ravikumar and Das, Manirupa and Lawhead, Pamela},
 title = {Student Status Monitoring Tool (SSM): Proxy for the Real World Expert in Online Course Delivery},
 journal = {SIGCSE Bull.},
 issue_date = {September 2003},
 volume = {35},
 number = {3},
 month = jun,
 year = {2003},
 issn = {0097-8418},
 pages = {257--257},
 numpages = {1},
 url = {http://doi.acm.org/10.1145/961290.961617},
 doi = {10.1145/961290.961617},
 acmid = {961617},
 publisher = {ACM},
 address = {New York, NY, USA},
 keywords = {IAESG, SSM, XML, XSLT, online course delivery, student status monitoring},
}

@inproceedings{Darbhamulla:2003:SSM:961511.961617,
 author = {Darbhamulla, Ravikumar and Das, Manirupa and Lawhead, Pamela},
 title = {Student Status Monitoring Tool (SSM): Proxy for the Real World Expert in Online Course Delivery},
 booktitle = {Proceedings of the 8th Annual Conference on Innovation and Technology in Computer Science Education},
 series = {ITiCSE '03},
 year = {2003},
 isbn = {1-58113-672-2},
 location = {Thessaloniki, Greece},
 pages = {257--257},
 numpages = {1},
 url = {http://doi.acm.org/10.1145/961511.961617},
 doi = {10.1145/961511.961617},
 acmid = {961617},
 publisher = {ACM},
 address = {New York, NY, USA},
 keywords = {IAESG, SSM, XML, XSLT, online course delivery, student status monitoring},
}

@inproceedings{Gibbs:1976:SIG:800191.805551,
 author = {Cohn, David L. and Kolstad, Robert B. and Feyock, Stefan and Ford, Thomas and Moursund, David and Chand, D. R. and Techo, R.},
 note = {Chairman-Gibbs, Norman E.},
 title = {SIGCSE (Paper Session)},
 booktitle = {Proceedings of the 1976 Annual Conference},
 series = {ACM '76},
 year = {1976},
 location = {Houston, Texas, USA},
 pages = {126--},
 url = {http://doi.acm.org/10.1145/800191.805551},
 doi = {10.1145/800191.805551},
 acmid = {805551},
 publisher = {ACM},
 address = {New York, NY, USA},
}

@inproceedings{Guler:2013:IEI:2485760.2485801,
 author = {Guler, Sibel Deren and Rule, Michael Everett},
 title = {Invent-abling: Enabling Inventiveness Through Craft},
 booktitle = {Proceedings of the 12th International Conference on Interaction Design and Children},
 series = {IDC '13},
 year = {2013},
 isbn = {978-1-4503-1918-8},
 location = {New York, New York, USA},
 pages = {368--371},
 numpages = {4},
 url = {http://doi.acm.org/10.1145/2485760.2485801},
 doi = {10.1145/2485760.2485801},
 acmid = {2485801},
 publisher = {ACM},
 address = {New York, NY, USA},
 keywords = {construction kit, electronics, girl-centric toys, interactive learning, smart materials},
}

@inproceedings{Helps:2008:ECN:1414558.1414565,
 author = {Helps, C. Richard G. and Ekstrom, J J.},
 title = {Evaluation of a Computer Networking Class in Information Technology},
 booktitle = {Proceedings of the 9th ACM SIGITE Conference on Information Technology Education},
 series = {SIGITE '08},
 year = {2008},
 isbn = {978-1-60558-329-7},
 location = {Cincinnati, OH, USA},
 pages = {259--268},
 numpages = {10},
 url = {http://doi.acm.org/10.1145/1414558.1414565},
 doi = {10.1145/1414558.1414565},
 acmid = {1414565},
 publisher = {ACM},
 address = {New York, NY, USA},
 keywords = {course design, course evaluation, networking},
}

@inproceedings{Sennett:2010:CPS:1734263.1734347,
 author = {Sennett, Joshua and Sherriff, Mark},
 title = {Compatibility of Partnered Students in Computer Science Education},
 booktitle = {Proceedings of the 41st ACM Technical Symposium on Computer Science Education},
 series = {SIGCSE '10},
 year = {2010},
 isbn = {978-1-4503-0006-3},
 location = {Milwaukee, Wisconsin, USA},
 pages = {244--248},
 numpages = {5},
 url = {http://doi.acm.org/10.1145/1734263.1734347},
 doi = {10.1145/1734263.1734347},
 acmid = {1734347},
 publisher = {ACM},
 address = {New York, NY, USA},
 keywords = {computer science education, pair evaluation, pair programming},
}

@article{Howles:2007:PRL:1231091.1231097,
 author = {Howles, Trudy},
 title = {Preliminary Results of a Longitudinal Study of Computer Science Student Trends, Behaviors and Preferences},
 journal = {J. Comput. Sci. Coll.},
 issue_date = {June 2007},
 volume = {22},
 number = {6},
 month = jun,
 year = {2007},
 issn = {1937-4771},
 pages = {18--27},
 numpages = {10},
 url = {http://dl.acm.org/citation.cfm?id=1231091.1231097},
 acmid = {1231097},
 publisher = {Consortium for Computing Sciences in Colleges},
 address = {USA},
}

@inproceedings{Yan:2019:IWC:3338147.3338155,
 author = {Yan, Hengbin and Lin, Jiexuan},
 title = {Integrating Web-based Collaborative Learning into the Pronunciation Curriculum},
 booktitle = {Proceedings of the 2019 4th International Conference on Distance Education and Learning},
 series = {ICDEL 2019},
 year = {2019},
 isbn = {978-1-4503-6265-8},
 location = {Shanghai, China},
 pages = {83--87},
 numpages = {5},
 url = {http://doi.acm.org/10.1145/3338147.3338155},
 doi = {10.1145/3338147.3338155},
 acmid = {3338155},
 publisher = {ACM},
 address = {New York, NY, USA},
 keywords = {Computer Supported Collaborative Learning, Computer-Assisted Pronunciation Training, English-as-a-Foreign-Language Teaching, e-learning platforms},
}

@article{Motil:2011:SEP:1953573.1953608,
 author = {Motil, John},
 title = {Sets Early and Probability},
 journal = {J. Comput. Sci. Coll.},
 issue_date = {April 2011},
 volume = {26},
 number = {4},
 month = apr,
 year = {2011},
 issn = {1937-4771},
 pages = {211--217},
 numpages = {7},
 url = {http://dl.acm.org/citation.cfm?id=1953573.1953608},
 acmid = {1953608},
 publisher = {Consortium for Computing Sciences in Colleges},
 address = {USA},
}

@article{Wolz:1997:MIC:268809.268851,
 author = {Wolz, Ursula and Domen, Daniel and McAuliffe, Michael},
 title = {Multi-media Integrated into CS 2: An Interactive Children's Story As a Unifying Class Project},
 journal = {SIGCSE Bull.},
 issue_date = {Sept. 1997},
 volume = {29},
 number = {3},
 month = jun,
 year = {1997},
 issn = {0097-8418},
 pages = {103--110},
 numpages = {8},
 url = {http://doi.acm.org/10.1145/268809.268851},
 doi = {10.1145/268809.268851},
 acmid = {268851},
 publisher = {ACM},
 address = {New York, NY, USA},
}

@inproceedings{Wolz:1997:MIC:268819.268851,
 author = {Wolz, Ursula and Domen, Daniel and McAuliffe, Michael},
 title = {Multi-media Integrated into CS 2: An Interactive Children's Story As a Unifying Class Project},
 booktitle = {Proceedings of the 2Nd Conference on Integrating Technology into Computer Science Education},
 series = {ITiCSE '97},
 year = {1997},
 isbn = {0-89791-923-8},
 location = {Uppsala, Sweden},
 pages = {103--110},
 numpages = {8},
 url = {http://doi.acm.org/10.1145/268819.268851},
 doi = {10.1145/268819.268851},
 acmid = {268851},
 publisher = {ACM},
 address = {New York, NY, USA},
}

@article{Briggs:2005:TAL:1089053.1089075,
 author = {Briggs, Tom},
 title = {Techniques for Active Learning in CS Courses},
 journal = {J. Comput. Sci. Coll.},
 issue_date = {December 2005},
 volume = {21},
 number = {2},
 month = dec,
 year = {2005},
 issn = {1937-4771},
 pages = {156--165},
 numpages = {10},
 url = {http://dl.acm.org/citation.cfm?id=1089053.1089075},
 acmid = {1089075},
 publisher = {Consortium for Computing Sciences in Colleges},
 address = {USA},
}

@inproceedings{Guerrero:2018:UFC:3284179.3284294,
 author = {Guerrero, Mar\'{\i}a del Mar L\'{o}pez and Guerrero, Gema L\'{o}pez and Mesa, Juan Carlos Garc\'{\i}a and Jim{\'e}nez, Mar\'{\i}a Auxiliadora L\'{o}pez and Leal, Pablo Montoro},
 title = {Using Flipped Classroom at University to Improve the Chemistry Learning},
 booktitle = {Proceedings of the Sixth International Conference on Technological Ecosystems for Enhancing Multiculturality},
 series = {TEEM'18},
 year = {2018},
 isbn = {978-1-4503-6518-5},
 location = {Salamanca, Spain},
 pages = {698--702},
 numpages = {5},
 url = {http://doi.acm.org/10.1145/3284179.3284294},
 doi = {10.1145/3284179.3284294},
 acmid = {3284294},
 publisher = {ACM},
 address = {New York, NY, USA},
 keywords = {Chemistry, Flipped classroom, innovation at university, learning},
}

@inproceedings{Gutierrez:2006:SHA:1168812.1168827,
 author = {Gutierrez, Fred},
 title = {Stingray: A Hands-on Approach to Learning Information Security},
 booktitle = {Proceedings of the 7th Conference on Information Technology Education},
 series = {SIGITE '06},
 year = {2006},
 isbn = {1-59593-521-5},
 location = {Minneapolis, Minnesota, USA},
 pages = {53--58},
 numpages = {6},
 url = {http://doi.acm.org/10.1145/1168812.1168827},
 doi = {10.1145/1168812.1168827},
 acmid = {1168827},
 publisher = {ACM},
 address = {New York, NY, USA},
 keywords = {IT education, information security education},
}

@inproceedings{Phan:2018:CAL:3197091.3197128,
 author = {Phan, Vinhthuy and Hicks, Eric},
 title = {Code4Brownies: An Active Learning Solution for Teaching Programming and Problem Solving in the Classroom},
 booktitle = {Proceedings of the 23rd Annual ACM Conference on Innovation and Technology in Computer Science Education},
 series = {ITiCSE 2018},
 year = {2018},
 isbn = {978-1-4503-5707-4},
 location = {Larnaca, Cyprus},
 pages = {153--158},
 numpages = {6},
 url = {http://doi.acm.org/10.1145/3197091.3197128},
 doi = {10.1145/3197091.3197128},
 acmid = {3197128},
 publisher = {ACM},
 address = {New York, NY, USA},
 keywords = {active learning, guided learning, individualized learning, programming environment},
}

@inproceedings{Bednarik:2012:SWS:2401796.2401811,
 author = {Bednarik, Roman and Herout, Adam},
 title = {What Students Want: A Study on the Role of the Supervisor of Final Works in Computing Education},
 booktitle = {Proceedings of the 12th Koli Calling International Conference on Computing Education Research},
 series = {Koli Calling '12},
 year = {2012},
 isbn = {978-1-4503-1795-5},
 location = {Koli, Finland},
 pages = {118--125},
 numpages = {8},
 url = {http://doi.acm.org/10.1145/2401796.2401811},
 doi = {10.1145/2401796.2401811},
 acmid = {2401811},
 publisher = {ACM},
 address = {New York, NY, USA},
 keywords = {MSc. \& BSc. final thesis, need for cognition, supervision, thesis supervisor},
}

@inproceedings{Assiter:2012:IET:2325296.2325397,
 author = {Assiter, Karina Vashta},
 title = {Introvert Educators: Techniques to Be Effective in the Traditional Face-to-face CS Classroom},
 booktitle = {Proceedings of the 17th ACM Annual Conference on Innovation and Technology in Computer Science Education},
 series = {ITiCSE '12},
 year = {2012},
 isbn = {978-1-4503-1246-2},
 location = {Haifa, Israel},
 pages = {381--381},
 numpages = {1},
 url = {http://doi.acm.org/10.1145/2325296.2325397},
 doi = {10.1145/2325296.2325397},
 acmid = {2325397},
 publisher = {ACM},
 address = {New York, NY, USA},
 keywords = {computer science education, pedagogy, personality types},
}

@article{Goold:2000:FAP:355354.355369,
 author = {Goold, Annagret and Rimmer, Russell},
 title = {Factors Affecting Performance in First-year Computing},
 journal = {SIGCSE Bull.},
 issue_date = {June 2000},
 volume = {32},
 number = {2},
 month = jun,
 year = {2000},
 issn = {0097-8418},
 pages = {39--43},
 numpages = {5},
 url = {http://doi.acm.org/10.1145/355354.355369},
 doi = {10.1145/355354.355369},
 acmid = {355369},
 publisher = {ACM},
 address = {New York, NY, USA},
}

@inproceedings{Chorianopoulos:2014:DPS:2645791.2645843,
 author = {Chorianopoulos, Konstantinos and Giannakos, Michail N. and Chrisochoides, Nikos},
 title = {Design Principles for Serious Games in Mathematics},
 booktitle = {Proceedings of the 18th Panhellenic Conference on Informatics},
 series = {PCI '14},
 year = {2014},
 isbn = {978-1-4503-2897-5},
 location = {Athens, Greece},
 pages = {55:1--55:5},
 articleno = {55},
 numpages = {5},
 url = {http://doi.acm.org/10.1145/2645791.2645843},
 doi = {10.1145/2645791.2645843},
 acmid = {2645843},
 publisher = {ACM},
 address = {New York, NY, USA},
 keywords = {Design Principles, Interaction Design, Learning, Mathematics, Serious Games},
}

@article{Bentley:2003:SSP:961290.961586,
 author = {Bentley, Hilary and Davies, Dr Jenny and Allan, Dr Jo},
 title = {The Stepping Stones Project},
 journal = {SIGCSE Bull.},
 issue_date = {September 2003},
 volume = {35},
 number = {3},
 month = jun,
 year = {2003},
 issn = {0097-8418},
 pages = {229--229},
 numpages = {1},
 url = {http://doi.acm.org/10.1145/961290.961586},
 doi = {10.1145/961290.961586},
 acmid = {961586},
 publisher = {ACM},
 address = {New York, NY, USA},
 keywords = {progression and achievement, retention, widening participation},
}

@inproceedings{Bentley:2003:SSP:961511.961586,
 author = {Bentley, Hilary and Davies, Dr Jenny and Allan, Dr Jo},
 title = {The Stepping Stones Project},
 booktitle = {Proceedings of the 8th Annual Conference on Innovation and Technology in Computer Science Education},
 series = {ITiCSE '03},
 year = {2003},
 isbn = {1-58113-672-2},
 location = {Thessaloniki, Greece},
 pages = {229--229},
 numpages = {1},
 url = {http://doi.acm.org/10.1145/961511.961586},
 doi = {10.1145/961511.961586},
 acmid = {961586},
 publisher = {ACM},
 address = {New York, NY, USA},
 keywords = {progression and achievement, retention, widening participation},
}

@article{Corman:1986:CSP:15003.15020,
 author = {Corman, Larry S},
 title = {Cognitive Style, Personality Type, and Learning Ability As Factors in Predicting the Success of the Beginning Programming Student},
 journal = {SIGCSE Bull.},
 issue_date = {Dec. 1986},
 volume = {18},
 number = {4},
 month = dec,
 year = {1986},
 issn = {0097-8418},
 pages = {80--89},
 numpages = {10},
 url = {http://doi.acm.org/10.1145/15003.15020},
 doi = {10.1145/15003.15020},
 acmid = {15020},
 publisher = {ACM},
 address = {New York, NY, USA},
}

@article{Sivilotti:2007:CKL:1272729.1272741,
 author = {Sivilotti, Paolo A. G. and Pike, Scott M.},
 title = {A Collection of Kinesthetic Learning Activities for a Course on Distributed Computing: ACM SIGACT News Distributed Computing Column 26},
 journal = {SIGACT News},
 issue_date = {June 2007},
 volume = {38},
 number = {2},
 month = jun,
 year = {2007},
 issn = {0163-5700},
 pages = {56--74},
 numpages = {19},
 url = {http://doi.acm.org/10.1145/1272729.1272741},
 doi = {10.1145/1272729.1272741},
 acmid = {1272741},
 publisher = {ACM},
 address = {New York, NY, USA},
}

@article{Almstrum:1993:CTR:164205.164219,
 author = {Almstrum, Vicki L. and Wu, Cheng-Chih},
 title = {The CSedRes Toolbox: A Resource to Support Research in Computer Science Education},
 journal = {SIGCSE Bull.},
 issue_date = {Dec. 1993},
 volume = {25},
 number = {4},
 month = dec,
 year = {1993},
 issn = {0097-8418},
 pages = {21--26},
 numpages = {6},
 url = {http://doi.acm.org/10.1145/164205.164219},
 doi = {10.1145/164205.164219},
 acmid = {164219},
 publisher = {ACM},
 address = {New York, NY, USA},
}

@inproceedings{Dann:2013:ALI:2445196.2445499,
 author = {Dann, Wanda and Cooper, Stephen and Slater, Donald},
 title = {Alice 3.1 (Abstract Only)},
 booktitle = {Proceeding of the 44th ACM Technical Symposium on Computer Science Education},
 series = {SIGCSE '13},
 year = {2013},
 isbn = {978-1-4503-1868-6},
 location = {Denver, Colorado, USA},
 pages = {757--757},
 numpages = {1},
 url = {http://doi.acm.org/10.1145/2445196.2445499},
 doi = {10.1145/2445196.2445499},
 acmid = {2445499},
 publisher = {ACM},
 address = {New York, NY, USA},
 keywords = {alice, introductory programming, visualization},
}

@inproceedings{Sutopo:2019:DIB:3305160.3305172,
 author = {Sutopo, Hadi and Purnomo, Hindriyanto D. and Maria, Silaen Sondang and Lee, Swati and Lobodally, Altobeli and Prasida, Arie Setiawan},
 title = {Developing Interactive Bible Learning Model Based on Mobile for Children},
 booktitle = {Proceedings of the 2Nd International Conference on Software Engineering and Information Management},
 series = {ICSIM 2019},
 year = {2019},
 isbn = {978-1-4503-6642-7},
 location = {Bali, Indonesia},
 pages = {279--282},
 numpages = {4},
 url = {http://doi.acm.org/10.1145/3305160.3305172},
 doi = {10.1145/3305160.3305172},
 acmid = {3305172},
 publisher = {ACM},
 address = {New York, NY, USA},
 keywords = {Bible learning, game, interactive, mobile, multimedia},
}

@inproceedings{Falkner:2009:DAP:1508865.1508871,
 author = {Falkner, Katrina and Palmer, Edward},
 title = {Developing Authentic Problem Solving Skills in Introductory Computing Classes},
 booktitle = {Proceedings of the 40th ACM Technical Symposium on Computer Science Education},
 series = {SIGCSE '09},
 year = {2009},
 isbn = {978-1-60558-183-5},
 location = {Chattanooga, TN, USA},
 pages = {4--8},
 numpages = {5},
 url = {http://doi.acm.org/10.1145/1508865.1508871},
 doi = {10.1145/1508865.1508871},
 acmid = {1508871},
 publisher = {ACM},
 address = {New York, NY, USA},
 keywords = {cooperative learning, engagement, introductory computer science education, problem solving},
}

@article{Falkner:2009:DAP:1539024.1508871,
 author = {Falkner, Katrina and Palmer, Edward},
 title = {Developing Authentic Problem Solving Skills in Introductory Computing Classes},
 journal = {SIGCSE Bull.},
 issue_date = {March 2009},
 volume = {41},
 number = {1},
 month = mar,
 year = {2009},
 issn = {0097-8418},
 pages = {4--8},
 numpages = {5},
 url = {http://doi.acm.org/10.1145/1539024.1508871},
 doi = {10.1145/1539024.1508871},
 acmid = {1508871},
 publisher = {ACM},
 address = {New York, NY, USA},
 keywords = {cooperative learning, engagement, introductory computer science education, problem solving},
}

@inproceedings{Papadopoulos:2007:CIW:1268784.1268826,
 author = {Papadopoulos, Pantelis M. and Demetriadis, Stavros N. and Stamelos, Ioannis G.},
 title = {Case-based Instruction on the Web for Teaching Software Project Management},
 booktitle = {Proceedings of the 12th Annual SIGCSE Conference on Innovation and Technology in Computer Science Education},
 series = {ITiCSE '07},
 year = {2007},
 isbn = {978-1-59593-610-3},
 location = {Dundee, Scotland},
 pages = {136--140},
 numpages = {5},
 url = {http://doi.acm.org/10.1145/1268784.1268826},
 doi = {10.1145/1268784.1268826},
 acmid = {1268826},
 publisher = {ACM},
 address = {New York, NY, USA},
 keywords = {case-based learning, software project management education, student scaffolding},
}

@article{Papadopoulos:2007:CIW:1269900.1268826,
 author = {Papadopoulos, Pantelis M. and Demetriadis, Stavros N. and Stamelos, Ioannis G.},
 title = {Case-based Instruction on the Web for Teaching Software Project Management},
 journal = {SIGCSE Bull.},
 issue_date = {September 2007},
 volume = {39},
 number = {3},
 month = jun,
 year = {2007},
 issn = {0097-8418},
 pages = {136--140},
 numpages = {5},
 url = {http://doi.acm.org/10.1145/1269900.1268826},
 doi = {10.1145/1269900.1268826},
 acmid = {1268826},
 publisher = {ACM},
 address = {New York, NY, USA},
 keywords = {case-based learning, software project management education, student scaffolding},
}

@article{Carswell:1997:TVI:268809.268821,
 author = {Carswell, Linda},
 title = {Teaching via the Internet: The Impact of the Internet As a Communication Medium on Distance Learning Introductory Computing Students},
 journal = {SIGCSE Bull.},
 issue_date = {Sept. 1997},
 volume = {29},
 number = {3},
 month = jun,
 year = {1997},
 issn = {0097-8418},
 pages = {1--5},
 numpages = {5},
 url = {http://doi.acm.org/10.1145/268809.268821},
 doi = {10.1145/268809.268821},
 acmid = {268821},
 publisher = {ACM},
 address = {New York, NY, USA},
}

@inproceedings{Carswell:1997:TVI:268819.268821,
 author = {Carswell, Linda},
 title = {Teaching via the Internet: The Impact of the Internet As a Communication Medium on Distance Learning Introductory Computing Students},
 booktitle = {Proceedings of the 2Nd Conference on Integrating Technology into Computer Science Education},
 series = {ITiCSE '97},
 year = {1997},
 isbn = {0-89791-923-8},
 location = {Uppsala, Sweden},
 pages = {1--5},
 numpages = {5},
 url = {http://doi.acm.org/10.1145/268819.268821},
 doi = {10.1145/268819.268821},
 acmid = {268821},
 publisher = {ACM},
 address = {New York, NY, USA},
}

@inproceedings{Alshaigy:2015:PIL:2818314.2818319,
 author = {Alshaigy, Bedour and Kamal, Samia and Mitchell, Faye and Martin, Clare and Aldea, Arantza},
 title = {PILeT: An Interactive Learning Tool To Teach Python},
 booktitle = {Proceedings of the Workshop in Primary and Secondary Computing Education},
 series = {WiPSCE '15},
 year = {2015},
 isbn = {978-1-4503-3753-3},
 location = {London, United Kingdom},
 pages = {76--79},
 numpages = {4},
 url = {http://doi.acm.org/10.1145/2818314.2818319},
 doi = {10.1145/2818314.2818319},
 acmid = {2818319},
 publisher = {ACM},
 address = {New York, NY, USA},
 keywords = {Computer science education, e-learning tools, introductory programming},
}

@inproceedings{Govindaraj:2018:PSN:3290511.3290581,
 author = {Govindaraj, Anandraj and Silverajah, V. S. Giita},
 title = {A Preliminary Study in the Need of Designing and Implementing Technology Coaching Programme},
 booktitle = {Proceedings of the 10th International Conference on Education Technology and Computers},
 series = {ICETC '18},
 year = {2018},
 isbn = {978-1-4503-6517-8},
 location = {Tokyo, Japan},
 pages = {17--21},
 numpages = {5},
 url = {http://doi.acm.org/10.1145/3290511.3290581},
 doi = {10.1145/3290511.3290581},
 acmid = {3290581},
 publisher = {ACM},
 address = {New York, NY, USA},
 keywords = {SAMR model, coaching, professional development},
}

@article{Moritz:2005:ODM:1151954.1067475,
 author = {Moritz, Sally H. and Wei, Fang and Parvez, Shahida M. and Blank, Glenn D.},
 title = {From Objects-first to Design-first with Multimedia and Intelligent Tutoring},
 journal = {SIGCSE Bull.},
 issue_date = {September 2005},
 volume = {37},
 number = {3},
 month = jun,
 year = {2005},
 issn = {0097-8418},
 pages = {99--103},
 numpages = {5},
 url = {http://doi.acm.org/10.1145/1151954.1067475},
 doi = {10.1145/1151954.1067475},
 acmid = {1067475},
 publisher = {ACM},
 address = {New York, NY, USA},
 keywords = {CIMEL, CS1, Eclipse, IDE, Java, Java in high schools, UML, courseware, e-learning, intelligent tutoring system, multimedia, object-oriented programming, objects-first, pedagogy, student model},
}

@inproceedings{Moritz:2005:ODM:1067445.1067475,
 author = {Moritz, Sally H. and Wei, Fang and Parvez, Shahida M. and Blank, Glenn D.},
 title = {From Objects-first to Design-first with Multimedia and Intelligent Tutoring},
 booktitle = {Proceedings of the 10th Annual SIGCSE Conference on Innovation and Technology in Computer Science Education},
 series = {ITiCSE '05},
 year = {2005},
 isbn = {1-59593-024-8},
 location = {Caparica, Portugal},
 pages = {99--103},
 numpages = {5},
 url = {http://doi.acm.org/10.1145/1067445.1067475},
 doi = {10.1145/1067445.1067475},
 acmid = {1067475},
 publisher = {ACM},
 address = {New York, NY, USA},
 keywords = {CIMEL, CS1, Eclipse, IDE, Java, Java in high schools, UML, courseware, e-learning, intelligent tutoring system, multimedia, object-oriented programming, objects-first, pedagogy, student model},
}

@inproceedings{Hyde:2006:ACP:1181216.1181252,
 author = {Hyde, Paul and Nanis, Suzanne},
 title = {Applying Constructivist Principles to Reinvigorate Faculty Training},
 booktitle = {Proceedings of the 34th  Annual ACM SIGUCCS Fall Conference: Expanding the Boundaries},
 series = {SIGUCCS '06},
 year = {2006},
 isbn = {1-59593-438-3},
 location = {Edmonton, Alberta, Canada},
 pages = {157--160},
 numpages = {4},
 url = {http://doi.acm.org/10.1145/1181216.1181252},
 doi = {10.1145/1181216.1181252},
 acmid = {1181252},
 publisher = {ACM},
 address = {New York, NY, USA},
 keywords = {constructivism, faculty development, instructional design, training},
}

@inproceedings{Astrachan:2016:ICL:2839509.2844696,
 author = {Astrachan, Owen and Gray, Jeff and Trees, Fran},
 title = {Infusing Cooperative Learning into Early Computer Science Courses to Support Improved Engagement (Abstract Only)},
 booktitle = {Proceedings of the 47th ACM Technical Symposium on Computing Science Education},
 series = {SIGCSE '16},
 year = {2016},
 isbn = {978-1-4503-3685-7},
 location = {Memphis, Tennessee, USA},
 pages = {721--721},
 numpages = {1},
 url = {http://doi.acm.org/10.1145/2839509.2844696},
 doi = {10.1145/2839509.2844696},
 acmid = {2844696},
 publisher = {ACM},
 address = {New York, NY, USA},
 keywords = {broadening participation, cooperative learning, student engagement},
}

@inproceedings{Gray:2015:ICL:2676723.2678310,
 author = {Gray, Jeff and Trees, Fran and Astrachan, Owen},
 title = {Infusing Cooperative Learning into Early Computer Science Courses to Support Improved Engagement (Abstract Only)},
 booktitle = {Proceedings of the 46th ACM Technical Symposium on Computer Science Education},
 series = {SIGCSE '15},
 year = {2015},
 isbn = {978-1-4503-2966-8},
 location = {Kansas City, Missouri, USA},
 pages = {709--709},
 numpages = {1},
 url = {http://doi.acm.org/10.1145/2676723.2678310},
 doi = {10.1145/2676723.2678310},
 acmid = {2678310},
 publisher = {ACM},
 address = {New York, NY, USA},
 keywords = {broadening participation, cooperative learning, student engagement},
}

@inproceedings{Molina-Carmona:2018:SL:3284179.3284288,
 author = {Molina-Carmona, Rafael and Villagr\'{a}-Arnedo, Carlos},
 title = {Smart Learning},
 booktitle = {Proceedings of the Sixth International Conference on Technological Ecosystems for Enhancing Multiculturality},
 series = {TEEM'18},
 year = {2018},
 isbn = {978-1-4503-6518-5},
 location = {Salamanca, Spain},
 pages = {645--647},
 numpages = {3},
 url = {http://doi.acm.org/10.1145/3284179.3284288},
 doi = {10.1145/3284179.3284288},
 acmid = {3284288},
 publisher = {ACM},
 address = {New York, NY, USA},
 keywords = {Smart learning, adaptive learning, personalized learning},
}

@inproceedings{Yoo:2005:ATS:1040830.1040892,
 author = {Yoo, Jungsoon and Li, Cen and Pettey, Chrisila},
 title = {Adaptive Teaching Strategy for Online Learning},
 booktitle = {Proceedings of the 10th International Conference on Intelligent User Interfaces},
 series = {IUI '05},
 year = {2005},
 isbn = {1-58113-894-6},
 location = {San Diego, California, USA},
 pages = {266--268},
 numpages = {3},
 url = {http://doi.acm.org/10.1145/1040830.1040892},
 doi = {10.1145/1040830.1040892},
 acmid = {1040892},
 publisher = {ACM},
 address = {New York, NY, USA},
 keywords = {adaptive user interface, intelligent tutoring system, personalization, user modeling},
}

@inproceedings{Liu:2017:DAL:3078564.3078571,
 author = {Liu, Xiaoxia and Du, Yuejin and Sun, Feiqiang and Zhai, Lidong},
 title = {Design of Adaptive Learning System Based on Big Data},
 booktitle = {Proceedings of the 6th International Conference on Information Engineering},
 series = {ICIE '17},
 year = {2017},
 isbn = {978-1-4503-5210-9},
 location = {Dalian Liaoning, China},
 pages = {10:1--10:5},
 articleno = {10},
 numpages = {5},
 url = {http://doi.acm.org/10.1145/3078564.3078571},
 doi = {10.1145/3078564.3078571},
 acmid = {3078571},
 publisher = {ACM},
 address = {New York, NY, USA},
 keywords = {adaptive learning, big data, data mining},
}

@article{Stash:2007:ICS:1324960.1324963,
 author = {Stash, Natalia},
 title = {Incorporating Cognitive/Learning Styles in a General-purpose Adaptive Hypermedia System},
 journal = {SIGWEB Newsl.},
 issue_date = {Winter 2007},
 volume = {2007},
 number = {Winter},
 month = dec,
 year = {2007},
 issn = {1931-1745},
 articleno = {3},
 url = {http://doi.acm.org/10.1145/1324960.1324963},
 doi = {10.1145/1324960.1324963},
 acmid = {1324963},
 publisher = {ACM},
 address = {New York, NY, USA},
}

@article{Lorenzen:2008:COI:1473195.1473231,
 author = {Lorenzen, Torben and Sattar, Abdul},
 title = {How to Create an Online Internet Course},
 journal = {SIGCSE Bull.},
 issue_date = {December 2008},
 volume = {40},
 number = {4},
 month = nov,
 year = {2008},
 issn = {0097-8418},
 pages = {100--102},
 numpages = {3},
 url = {http://doi.acm.org/10.1145/1473195.1473231},
 doi = {10.1145/1473195.1473231},
 acmid = {1473231},
 publisher = {ACM},
 address = {New York, NY, USA},
 keywords = {audio, captivate, internet course, video},
}

@inproceedings{Fetaji:2011:DAM:2023607.2023695,
 author = {Fetaji, Bekim and Ebibi, Mirlinda and Fetaji, Majlinda},
 title = {Developing and Analysing a Mobile Learning Knowledge Management System},
 booktitle = {Proceedings of the 12th International Conference on Computer Systems and Technologies},
 series = {CompSysTech '11},
 year = {2011},
 isbn = {978-1-4503-0917-2},
 location = {Vienna, Austria},
 pages = {524--533},
 numpages = {10},
 url = {http://doi.acm.org/10.1145/2023607.2023695},
 doi = {10.1145/2023607.2023695},
 acmid = {2023695},
 publisher = {ACM},
 address = {New York, NY, USA},
 keywords = {knowledge cues, knowledge management, learner attention, learner's environment, m-learning},
}

@inproceedings{Deng:2017:TLP:3017680.3022442,
 author = {Deng, Yuli and Huang, Dijiang and Chung, Chun-Jen},
 title = {ThoTh Lab: A Personalized Learning Framework for CS Hands-on Projects (Abstract Only)},
 booktitle = {Proceedings of the 2017 ACM SIGCSE Technical Symposium on Computer Science Education},
 series = {SIGCSE '17},
 year = {2017},
 isbn = {978-1-4503-4698-6},
 location = {Seattle, Washington, USA},
 pages = {706--706},
 numpages = {1},
 url = {http://doi.acm.org/10.1145/3017680.3022442},
 doi = {10.1145/3017680.3022442},
 acmid = {3022442},
 publisher = {ACM},
 address = {New York, NY, USA},
 keywords = {adaptive learning, e-learning, hands-on lab, laboratory experience, virtualization},
}

@inproceedings{Cummings:2018:COE:3159450.3159565,
 author = {Cummings, Danielle and Cheeks, Loretta and Robinson, Rosario},
 title = {Culturally-Centric Outreach and Engagement for Underserved Groups in STEM},
 booktitle = {Proceedings of the 49th ACM Technical Symposium on Computer Science Education},
 series = {SIGCSE '18},
 year = {2018},
 isbn = {978-1-4503-5103-4},
 location = {Baltimore, Maryland, USA},
 pages = {447--452},
 numpages = {6},
 url = {http://doi.acm.org/10.1145/3159450.3159565},
 doi = {10.1145/3159450.3159565},
 acmid = {3159565},
 publisher = {ACM},
 address = {New York, NY, USA},
 keywords = {gender and diversity, k-12 instruction, learning environments, outreach},
}

@inproceedings{Wulf:2005:CAT:1095714.1095771,
 author = {Wulf, Tom},
 title = {Constructivist Approaches for Teaching Computer Programming},
 booktitle = {Proceedings of the 6th Conference on Information Technology Education},
 series = {SIGITE '05},
 year = {2005},
 isbn = {1-59593-252-6},
 location = {Newark, NJ, USA},
 pages = {245--248},
 numpages = {4},
 url = {http://doi.acm.org/10.1145/1095714.1095771},
 doi = {10.1145/1095714.1095771},
 acmid = {1095771},
 publisher = {ACM},
 address = {New York, NY, USA},
 keywords = {active learning, cognitive apprenticeships, constructivist pedagogy, programming instruction},
}

@article{Zingaro:2015:EIG:2809889.2802752,
 author = {Zingaro, Daniel},
 title = {Examining Interest and Grades in Computer Science 1: A Study of Pedagogy and Achievement Goals},
 journal = {Trans. Comput. Educ.},
 issue_date = {September 2015},
 volume = {15},
 number = {3},
 month = jul,
 year = {2015},
 issn = {1946-6226},
 pages = {14:1--14:18},
 articleno = {14},
 numpages = {18},
 url = {http://doi.acm.org/10.1145/2802752},
 doi = {10.1145/2802752},
 acmid = {2802752},
 publisher = {ACM},
 address = {New York, NY, USA},
 keywords = {CS1, achievement goals, peer instruction},
}

@inproceedings{Tu:2007:IRV:1290144.1290152,
 author = {Tu, Kai and Thornburg, Harvey and Campana, Ellen and Birchfield, David and Fulmer, Matthew and Spanias, Andreas},
 title = {Interaction and Reflection via 3D Path Shape Qualities in a Mediated Constructive Learning Environment},
 booktitle = {Proceedings of the International Workshop on Educational Multimedia and Multimedia Education},
 series = {Emme '07},
 year = {2007},
 isbn = {978-1-59593-783-4},
 location = {Augsburg, Bavaria, Germany},
 pages = {37--46},
 numpages = {10},
 url = {http://doi.acm.org/10.1145/1290144.1290152},
 doi = {10.1145/1290144.1290152},
 acmid = {1290152},
 publisher = {ACM},
 address = {New York, NY, USA},
 keywords = {hybrid physical-digital space, mediated constructive learning, motion quality analysis},
}

@inproceedings{Wang:2005:WIC:1095714.1095760,
 author = {Wang, Andy Ju An},
 title = {Web-based Interactive Courseware for Information Security},
 booktitle = {Proceedings of the 6th Conference on Information Technology Education},
 series = {SIGITE '05},
 year = {2005},
 isbn = {1-59593-252-6},
 location = {Newark, NJ, USA},
 pages = {199--204},
 numpages = {6},
 url = {http://doi.acm.org/10.1145/1095714.1095760},
 doi = {10.1145/1095714.1095760},
 acmid = {1095760},
 publisher = {ACM},
 address = {New York, NY, USA},
 keywords = {active learning, information security, interactivity},
}

@inproceedings{Naps:2003:EEI:960875.960540,
 author = {Naps, Thomas and Cooper, Stephen and Koldehofe, Boris and Leska, Charles and R\"{o}\ssling, Guido and Dann, Wanda and Korhonen, Ari and Malmi, Lauri and Rantakokko, Jarmo and Ross, Rockford J. and Anderson, Jay and Fleischer, Rudolf and Kuittinen, Marja and McNally, Myles},
 title = {Evaluating the Educational Impact of Visualization},
 booktitle = {Working Group Reports from ITiCSE on Innovation and Technology in Computer Science Education},
 series = {ITiCSE-WGR '03},
 year = {2003},
 location = {Thessaloniki, Greece},
 pages = {124--136},
 numpages = {13},
 url = {http://doi.acm.org/10.1145/960492.960540},
 doi = {10.1145/960492.960540},
 acmid = {960540},
 publisher = {ACM},
 address = {New York, NY, USA},
 keywords = {animation, pedagogy, visualization},
}

@article{Naps:2003:EEI:960492.960540,
 author = {Naps, Thomas and Cooper, Stephen and Koldehofe, Boris and Leska, Charles and R\"{o}\ssling, Guido and Dann, Wanda and Korhonen, Ari and Malmi, Lauri and Rantakokko, Jarmo and Ross, Rockford J. and Anderson, Jay and Fleischer, Rudolf and Kuittinen, Marja and McNally, Myles},
 title = {Evaluating the Educational Impact of Visualization},
 journal = {SIGCSE Bull.},
 issue_date = {December 2003},
 volume = {35},
 number = {4},
 month = jun,
 year = {2003},
 issn = {0097-8418},
 pages = {124--136},
 numpages = {13},
 url = {http://doi.acm.org/10.1145/960492.960540},
 doi = {10.1145/960492.960540},
 acmid = {960540},
 publisher = {ACM},
 address = {New York, NY, USA},
 keywords = {animation, pedagogy, visualization},
}

@article{Ferrer:2008:IAC:1352079.1352101,
 author = {Ferrer, Gabriel J.},
 title = {Improving the Appeal of Computing},
 journal = {J. Comput. Sci. Coll.},
 issue_date = {April 2008},
 volume = {23},
 number = {4},
 month = apr,
 year = {2008},
 issn = {1937-4771},
 pages = {132--132},
 numpages = {1},
 url = {http://dl.acm.org/citation.cfm?id=1352079.1352101},
 acmid = {1352101},
 publisher = {Consortium for Computing Sciences in Colleges},
 address = {USA},
}

@inproceedings{Fritz:1987:EPM:322917.323109,
 author = {Fritz, Jane M.},
 title = {An Evaluation of Presentation Methods for CAL (Abstract Only)},
 booktitle = {Proceedings of the 15th Annual Conference on Computer Science},
 series = {CSC '87},
 year = {1987},
 isbn = {0-89791-218-7},
 location = {St. Louis, Missouri, USA},
 pages = {448--},
 url = {http://doi.acm.org/10.1145/322917.323109},
 doi = {10.1145/322917.323109},
 acmid = {323109},
 publisher = {ACM},
 address = {New York, NY, USA},
}

@inproceedings{Corporan:2014:CLM:2669711.2669975,
 author = {Corporan, Rosalba Acosta and Mart\'{\i}n, Azucena Hern\'{a}ndez},
 title = {Collaborative Learning Methodologies Mediated by ICT in Secondary Education},
 booktitle = {Proceedings of the Second International Conference on Technological Ecosystems for Enhancing Multiculturality},
 series = {TEEM '14},
 year = {2014},
 isbn = {978-1-4503-2896-8},
 location = {Salamanca, Spain},
 pages = {689--693},
 numpages = {5},
 url = {http://doi.acm.org/10.1145/2669711.2669975},
 doi = {10.1145/2669711.2669975},
 acmid = {2669975},
 publisher = {ACM},
 address = {New York, NY, USA},
 keywords = {collaborative learning, collaborative tools and teaching practice, teacher training, teaching methodology},
}

@inproceedings{Rahman:2018:IVP:3159450.3162303,
 author = {Rahman, Md Mahmudur},
 title = {Infusing Visual Programming and Interactive Learning to Teach an Introductory Programming Course with Positive Learning Outcomes: (Abstract Only)},
 booktitle = {Proceedings of the 49th ACM Technical Symposium on Computer Science Education},
 series = {SIGCSE '18},
 year = {2018},
 isbn = {978-1-4503-5103-4},
 location = {Baltimore, Maryland, USA},
 pages = {1086--1086},
 numpages = {1},
 url = {http://doi.acm.org/10.1145/3159450.3162303},
 doi = {10.1145/3159450.3162303},
 acmid = {3162303},
 publisher = {ACM},
 address = {New York, NY, USA},
 keywords = {computational thinking, ebook, interactive learning, introductory programming, visual programming},
}

@inproceedings{Azadegan:2014:RCS:2538862.2544302,
 author = {Azadegan, Shiva and Dehlinger, Josh and Kaza, Siddharth},
 title = {Revitalizing the Computer Science Undergraduate Curriculum Inside and Outside of the Classroom Using Mobile Computing Platforms (Abstract Only)},
 booktitle = {Proceedings of the 45th ACM Technical Symposium on Computer Science Education},
 series = {SIGCSE '14},
 year = {2014},
 isbn = {978-1-4503-2605-6},
 location = {Atlanta, Georgia, USA},
 pages = {713--713},
 numpages = {1},
 url = {http://doi.acm.org/10.1145/2538862.2544302},
 doi = {10.1145/2538862.2544302},
 acmid = {2544302},
 publisher = {ACM},
 address = {New York, NY, USA},
 keywords = {computer science education, mobile computing},
}

@article{Kourik:1997:DCS:268085.268241,
 author = {Kourik, Janet},
 title = {Developing Critical Skills in Technical Courses (Seminar)},
 journal = {SIGCSE Bull.},
 issue_date = {March 1997},
 volume = {29},
 number = {1},
 month = mar,
 year = {1997},
 issn = {0097-8418},
 pages = {390--},
 url = {http://doi.acm.org/10.1145/268085.268241},
 doi = {10.1145/268085.268241},
 acmid = {268241},
 publisher = {ACM},
 address = {New York, NY, USA},
}

@inproceedings{Kourik:1997:DCS:268084.268241,
 author = {Kourik, Janet},
 title = {Developing Critical Skills in Technical Courses (Seminar)},
 booktitle = {Proceedings of the Twenty-eighth SIGCSE Technical Symposium on Computer Science Education},
 series = {SIGCSE '97},
 year = {1997},
 isbn = {0-89791-889-4},
 location = {San Jose, California, USA},
 pages = {390--},
 url = {http://doi.acm.org/10.1145/268084.268241},
 doi = {10.1145/268084.268241},
 acmid = {268241},
 publisher = {ACM},
 address = {New York, NY, USA},
}

@inproceedings{Ciezki:2012:TOT:2157136.2157254,
 author = {Ciezki, Renee and Martin, Robert Glen and Ericson, Barbara and Wainwright, Lester},
 title = {Teaching Outside the Text},
 booktitle = {Proceedings of the 43rd ACM Technical Symposium on Computer Science Education},
 series = {SIGCSE '12},
 year = {2012},
 isbn = {978-1-4503-1098-7},
 location = {Raleigh, North Carolina, USA},
 pages = {399--400},
 numpages = {2},
 url = {http://doi.acm.org/10.1145/2157136.2157254},
 doi = {10.1145/2157136.2157254},
 acmid = {2157254},
 publisher = {ACM},
 address = {New York, NY, USA},
 keywords = {curriculuar resources, pedagogy},
}

@inproceedings{Melesko:2018:STE:3227609.3227669,
 author = {Melesko, Jaroslav and Kurilovas, Eugenijus},
 title = {Semantic Technologies in e-Learning: Learning Analytics and Artificial Neural Networks in Personalised Learning Systems},
 booktitle = {Proceedings of the 8th International Conference on Web Intelligence, Mining and Semantics},
 series = {WIMS '18},
 year = {2018},
 isbn = {978-1-4503-5489-9},
 location = {Novi Sad, Serbia},
 pages = {34:1--34:7},
 articleno = {34},
 numpages = {7},
 url = {http://doi.acm.org/10.1145/3227609.3227669},
 doi = {10.1145/3227609.3227669},
 acmid = {3227669},
 publisher = {ACM},
 address = {New York, NY, USA},
 keywords = {Personalised learning systems, artificial neural networks, e-Learning, learning analytics, multagent systems},
}

@inproceedings{Anewalt:2018:PLU:3159450.3162373,
 author = {Anewalt, Karen and Polack, Jennifer},
 title = {Playing to Learn: Using Hands-on Activities to Boost Learning in Computer Science (Abstract Only)},
 booktitle = {Proceedings of the 49th ACM Technical Symposium on Computer Science Education},
 series = {SIGCSE '18},
 year = {2018},
 isbn = {978-1-4503-5103-4},
 location = {Baltimore, Maryland, USA},
 pages = {1052--1052},
 numpages = {1},
 url = {http://doi.acm.org/10.1145/3159450.3162373},
 doi = {10.1145/3159450.3162373},
 acmid = {3162373},
 publisher = {ACM},
 address = {New York, NY, USA},
 keywords = {K-12 education, active learning, introductory courses, kinesthetic learning},
}

@inproceedings{Cardell-Oliver:2011:SMH:2459936.2459943,
 author = {Cardell-Oliver, Rachel},
 title = {How Can Software Metrics Help Novice Programmers?},
 booktitle = {Proceedings of the Thirteenth Australasian Computing Education Conference - Volume 114},
 series = {ACE '11},
 year = {2011},
 isbn = {978-1-920682-94-1},
 location = {Perth, Australia},
 pages = {55--62},
 numpages = {8},
 url = {http://dl.acm.org/citation.cfm?id=2459936.2459943},
 acmid = {2459943},
 publisher = {Australian Computer Society, Inc.},
 address = {Darlinghurst, Australia, Australia},
}

@inproceedings{Aleksieva-Petrova:2011:AML:2023607.2023713,
 author = {Aleksieva-Petrova, Adelina and Petrov, Milen},
 title = {ADOPTA Model of Learmer and Educational Game Structure},
 booktitle = {Proceedings of the 12th International Conference on Computer Systems and Technologies},
 series = {CompSysTech '11},
 year = {2011},
 isbn = {978-1-4503-0917-2},
 location = {Vienna, Austria},
 pages = {636--640},
 numpages = {5},
 url = {http://doi.acm.org/10.1145/2023607.2023713},
 doi = {10.1145/2023607.2023713},
 acmid = {2023713},
 publisher = {ACM},
 address = {New York, NY, USA},
 keywords = {e-learning, games, gaming styles, learmer model, software systems},
}

@inproceedings{Cortinez:2015:PLE:2808580.2808679,
 author = {Cort\'{\i}nez, Cecilia Aranda and Garc\'{\i}a-Valc\'{a}rcel, Ana},
 title = {Personal Learning Environments (PLE) in the Teaching Ecosystem: A Proposal in Development},
 booktitle = {Proceedings of the 3rd International Conference on Technological Ecosystems for Enhancing Multiculturality},
 series = {TEEM '15},
 year = {2015},
 isbn = {978-1-4503-3442-6},
 location = {Porto, Portugal},
 pages = {645--649},
 numpages = {5},
 url = {http://doi.acm.org/10.1145/2808580.2808679},
 doi = {10.1145/2808580.2808679},
 acmid = {2808679},
 publisher = {ACM},
 address = {New York, NY, USA},
 keywords = {informal learning, lifelong learning, personal learning environment (PLE), self regulated learning, teaching ecosystem},
}

@inproceedings{Matthews:2005:HAT:1095714.1095777,
 author = {Matthews, Jeanna Neefe},
 title = {Hands-on Approach to Teaching Computer Networking Using Packet Traces},
 booktitle = {Proceedings of the 6th Conference on Information Technology Education},
 series = {SIGITE '05},
 year = {2005},
 isbn = {1-59593-252-6},
 location = {Newark, NJ, USA},
 pages = {361--367},
 numpages = {7},
 url = {http://doi.acm.org/10.1145/1095714.1095777},
 doi = {10.1145/1095714.1095777},
 acmid = {1095777},
 publisher = {ACM},
 address = {New York, NY, USA},
 keywords = {network protocol analysis},
}

@inproceedings{MacInnes:2008:NAS:1487207.1487361,
 author = {MacInnes, Joseph and Santosa, Stephanie and Kronenfeld, Nathan and McCuaig, Judi and Wright, William},
 title = {nAble Adaptive Scaffolding Agent - Intelligent Support for Novices},
 booktitle = {Proceedings of the 2008 IEEE/WIC/ACM International Conference on Web Intelligence and Intelligent Agent Technology - Volume 03},
 series = {WI-IAT '08},
 year = {2008},
 isbn = {978-0-7695-3496-1},
 pages = {365--368},
 numpages = {4},
 url = {https://doi.org/10.1109/WIIAT.2008.264},
 doi = {10.1109/WIIAT.2008.264},
 acmid = {1487361},
 publisher = {IEEE Computer Society},
 address = {Washington, DC, USA},
 keywords = {Adaptive Interfaces, Intelligent agents, Scaffolding},
}

@inproceedings{Consiglio:2011:DIL:2074712.2074758,
 author = {Consiglio, Teresa and van der Veer, Gerrit},
 title = {Designing an Interactive Learning Environment for a Worldwide Distance Adult Learning Community},
 booktitle = {Proceedings of the 29th Annual European Conference on Cognitive Ergonomics},
 series = {ECCE '11},
 year = {2011},
 isbn = {978-1-4503-1029-1},
 location = {Rostock, Germany},
 pages = {225--228},
 numpages = {4},
 url = {http://doi.acm.org/10.1145/2074712.2074758},
 doi = {10.1145/2074712.2074758},
 acmid = {2074758},
 publisher = {ACM},
 address = {New York, NY, USA},
 keywords = {cultural diversity, e-learning, open source},
}

@article{Shang:2001:IDE:384055.384059,
 author = {Shang, Yi and Shi, Hongchi and Chen, Su-Shing},
 title = {An Intelligent Distributed Environment for Active Learning},
 journal = {J. Educ. Resour. Comput.},
 issue_date = {Summer 2001},
 volume = {1},
 number = {2es},
 month = aug,
 year = {2001},
 issn = {1531-4278},
 articleno = {4},
 url = {http://doi.acm.org/10.1145/384055.384059},
 doi = {10.1145/384055.384059},
 acmid = {384059},
 publisher = {ACM},
 address = {New York, NY, USA},
 keywords = {XML, active learning, multiagent system, web-based education},
}

@inproceedings{Schmalz:2008:IWM:1414558.1414567,
 author = {Schmalz, Mark S. and Conway, Lynn},
 title = {It/Cs Workshop: Multimodal, Multimedia Courseware for Teaching Technical Concepts in Humanistic Context},
 booktitle = {Proceedings of the 9th ACM SIGITE Conference on Information Technology Education},
 series = {SIGITE '08},
 year = {2008},
 isbn = {978-1-60558-329-7},
 location = {Cincinnati, OH, USA},
 pages = {23--30},
 numpages = {8},
 url = {http://doi.acm.org/10.1145/1414558.1414567},
 doi = {10.1145/1414558.1414567},
 acmid = {1414567},
 publisher = {ACM},
 address = {New York, NY, USA},
 keywords = {courseware, distributed learning, performance measurement},
}

@article{Becker:2011:SET:1961574.1961631,
 author = {Becker, Deborah and Hecker, Connie},
 title = {Student Engagement Through Applied Learning: The "Live" Business Partnership Model},
 journal = {J. Comput. Sci. Coll.},
 issue_date = {May 2011},
 volume = {26},
 number = {5},
 month = may,
 year = {2011},
 issn = {1937-4771},
 pages = {275--282},
 numpages = {8},
 url = {http://dl.acm.org/citation.cfm?id=1961574.1961631},
 acmid = {1961631},
 publisher = {Consortium for Computing Sciences in Colleges},
 address = {USA},
 keywords = {applied learning, community service, experiential learning, project management, student engagement},
}

@article{Astrachan:1998:AVI:274790.274321,
 author = {Astrachan, Owen and Rodger, Susan H.},
 title = {Animation, Visualization, and Interaction in CS 1 Assignments},
 journal = {SIGCSE Bull.},
 issue_date = {Mar. 1998},
 volume = {30},
 number = {1},
 month = mar,
 year = {1998},
 issn = {0097-8418},
 pages = {317--321},
 numpages = {5},
 url = {http://doi.acm.org/10.1145/274790.274321},
 doi = {10.1145/274790.274321},
 acmid = {274321},
 publisher = {ACM},
 address = {New York, NY, USA},
}

@inproceedings{Astrachan:1998:AVI:273133.274321,
 author = {Astrachan, Owen and Rodger, Susan H.},
 title = {Animation, Visualization, and Interaction in CS 1 Assignments},
 booktitle = {Proceedings of the Twenty-ninth SIGCSE Technical Symposium on Computer Science Education},
 series = {SIGCSE '98},
 year = {1998},
 isbn = {0-89791-994-7},
 location = {Atlanta, Georgia, USA},
 pages = {317--321},
 numpages = {5},
 url = {http://doi.acm.org/10.1145/273133.274321},
 doi = {10.1145/273133.274321},
 acmid = {274321},
 publisher = {ACM},
 address = {New York, NY, USA},
}

@article{Pillay:2005:ISC:1113847.1113888,
 author = {Pillay, Nelishia and Jugoo, Vikash R.},
 title = {An Investigation into Student Characteristics Affecting Novice Programming Performance},
 journal = {SIGCSE Bull.},
 issue_date = {December 2005},
 volume = {37},
 number = {4},
 month = dec,
 year = {2005},
 issn = {0097-8418},
 pages = {107--110},
 numpages = {4},
 url = {http://doi.acm.org/10.1145/1113847.1113888},
 doi = {10.1145/1113847.1113888},
 acmid = {1113888},
 publisher = {ACM},
 address = {New York, NY, USA},
 keywords = {novice programming performance, procedural programming, student characteristics},
}

@inproceedings{Ling:2016:IVM:2994310.2994323,
 author = {Ling, Yin},
 title = {Interactive Visual Music Education Software for Children},
 booktitle = {Proceedings of the 20th International Academic Mindtrek Conference},
 series = {AcademicMindtrek '16},
 year = {2016},
 isbn = {978-1-4503-4367-1},
 location = {Tampere, Finland},
 pages = {453--456},
 numpages = {4},
 url = {http://doi.acm.org/10.1145/2994310.2994323},
 doi = {10.1145/2994310.2994323},
 acmid = {2994323},
 publisher = {ACM},
 address = {New York, NY, USA},
 keywords = {children, interaction design, max/MSP, music education, synaesthesia, usability test, visual interface},
}

@inproceedings{Riccioni:2008:EET:1411732.1411735,
 author = {Riccioni, Anna and Denti, Enrico and Laschi, Roberto},
 title = {An Experimental Environment for Teaching Java Security},
 booktitle = {Proceedings of the 6th International Symposium on Principles and Practice of Programming in Java},
 series = {PPPJ '08},
 year = {2008},
 isbn = {978-1-60558-223-8},
 location = {Modena, Italy},
 pages = {13--22},
 numpages = {10},
 url = {http://doi.acm.org/10.1145/1411732.1411735},
 doi = {10.1145/1411732.1411735},
 acmid = {1411735},
 publisher = {ACM},
 address = {New York, NY, USA},
 keywords = {Java cryptography extension, computer engineering education, virtual laboratory},
}

@inproceedings{Klassen:2004:ATP:1029533.1029610,
 author = {Klassen, Myungsook},
 title = {Another Approach to Teaching Programming Concept Course with Object First},
 booktitle = {Proceedings of the 5th Conference on Information Technology Education},
 series = {CITC5 '04},
 year = {2004},
 isbn = {1-58113-936-5},
 location = {Salt Lake City, UT, USA},
 pages = {277--277},
 numpages = {1},
 url = {http://doi.acm.org/10.1145/1029533.1029610},
 doi = {10.1145/1029533.1029610},
 acmid = {1029610},
 publisher = {ACM},
 address = {New York, NY, USA},
 keywords = {3D animation, Alice, attrition rate, innovative teaching, logical reasoning, object oriented programming, problem solving, programming concepts},
}

@inproceedings{Cardonha:2016:PSP:2899475.2899493,
 author = {Cardonha, Carlos and Mattos, Andrea Britto and Guimar\~{a}es, Rodrigo Laiola},
 title = {A Platform to Support Personalized Training of People with Disabilities},
 booktitle = {Proceedings of the 13th Web for All Conference},
 series = {W4A '16},
 year = {2016},
 isbn = {978-1-4503-4138-7},
 location = {Montreal, Canada},
 pages = {33:1--33:4},
 articleno = {33},
 numpages = {4},
 url = {http://doi.acm.org/10.1145/2899475.2899493},
 doi = {10.1145/2899475.2899493},
 acmid = {2899493},
 publisher = {ACM},
 address = {New York, NY, USA},
 keywords = {accessibility, educational technology, mobile solutions, people with disabilities, people with intellectual disabilities},
}

@inproceedings{Repenning:2009:MUE:1536274.1536281,
 author = {Repenning, Alexander and Basawapatna, Ashok and Koh, Kyu Han},
 title = {Making University Education More Like Middle School Computer Club: Facilitating the Flow of Inspiration},
 booktitle = {Proceedings of the 14th Western Canadian Conference on Computing Education},
 series = {WCCCE '09},
 year = {2009},
 isbn = {978-1-60558-415-7},
 location = {Burnaby, British Columbia, Canada},
 pages = {9--16},
 numpages = {8},
 url = {http://doi.acm.org/10.1145/1536274.1536281},
 doi = {10.1145/1536274.1536281},
 acmid = {1536281},
 publisher = {ACM},
 address = {New York, NY, USA},
 keywords = {computational thinking, flow of inspiration, middle school programming education, open classroom, peer-to-peer interaction, scalable game design, university programming education},
}

@inproceedings{Iba:2011:PPC:2578903.2579165,
 author = {Iba, Takashi and Ichikawa, Chikara and Sakamoto, Mami and Yamazaki, Tomohito},
 title = {Pedagogical Patterns for Creative Learning},
 booktitle = {Proceedings of the 18th Conference on Pattern Languages of Programs},
 series = {PLoP '11},
 year = {2011},
 isbn = {978-1-4503-1283-7},
 location = {Portland, Oregon, USA},
 pages = {28:1--28:6},
 articleno = {28},
 numpages = {6},
 url = {http://doi.acm.org/10.1145/2578903.2579165},
 doi = {10.1145/2578903.2579165},
 acmid = {2579165},
 publisher = {ACM},
 address = {New York, NY, USA},
 keywords = {collaboration, creativity, education, learning, pattern language},
}

@inproceedings{Brown:2006:RCS:1135777.1135827,
 author = {Brown, Elizabeth and Brailsford, Tim and Fisher, Tony and Moore, Adam and Ashman, Helen},
 title = {Reappraising Cognitive Styles in Adaptive Web Applications},
 booktitle = {Proceedings of the 15th International Conference on World Wide Web},
 series = {WWW '06},
 year = {2006},
 isbn = {1-59593-323-9},
 location = {Edinburgh, Scotland},
 pages = {327--335},
 numpages = {9},
 url = {http://doi.acm.org/10.1145/1135777.1135827},
 doi = {10.1145/1135777.1135827},
 acmid = {1135827},
 publisher = {ACM},
 address = {New York, NY, USA},
 keywords = {adaptive hypermedia, cognitive styles, user modelling, user trials, web applications},
}

@article{Tripathi:2006:CIT:1147991.1143393,
 author = {Tripathi, Arun Kumar},
 title = {Coping with Innovative Technology: Albert Borgmann on How Does Technology Change Learning and Teaching in Formal and Informal Education},
 journal = {Ubiquity},
 volume = {2006},
 number = {June},
 month = jun,
 year = {2006},
 issn = {1530-2180},
 pages = {2:1--2:30},
 articleno = {2},
 numpages = {30},
 url = {http://doi.acm.org/10.1145/1147991.1143393},
 doi = {10.1145/1147991.1143393},
 acmid = {1143393},
 publisher = {ACM},
 address = {New York, NY, USA},
}

@inproceedings{Shivanagowda:2017:CPL:3140107.3140130,
 author = {Shivanagowda, G. M. and Goudar, R. H. and Kulkarni, U. P.},
 title = {CRETAL: A Personalized Learning Environment in Conventional Setup},
 booktitle = {Proceedings of the 10th Annual ACM India Compute Conference},
 series = {Compute '17},
 year = {2017},
 isbn = {978-1-4503-5323-6},
 location = {Bhopal, India},
 pages = {143--148},
 numpages = {6},
 url = {http://doi.acm.org/10.1145/3140107.3140130},
 doi = {10.1145/3140107.3140130},
 acmid = {3140130},
 publisher = {ACM},
 address = {New York, NY, USA},
 keywords = {Learning data, Personalized Learning, Recommendation System, collaborative learning, video learning resources and annotation system},
}

@inproceedings{Dwivedi:2012:ERS:2381716.2381846,
 author = {Dwivedi, Pragya and Bharadwaj, Kamal K.},
 title = {e-Learning Recommender System for Learners in Online Social Networks Through Association Retrieval},
 booktitle = {Proceedings of the CUBE International Information Technology Conference},
 series = {CUBE '12},
 year = {2012},
 isbn = {978-1-4503-1185-4},
 location = {Pune, India},
 pages = {676--681},
 numpages = {6},
 url = {http://doi.acm.org/10.1145/2381716.2381846},
 doi = {10.1145/2381716.2381846},
 acmid = {2381846},
 publisher = {ACM},
 address = {New York, NY, USA},
 keywords = {association retrieval, collaborative filtering, e-learning, online social networks, recommender systems},
}

@inproceedings{Magerko:2008:IAD:1496984.1497021,
 author = {Magerko, Brian and Heeter, Carrie and Fitzgerald, Joe and Medler, Ben},
 title = {Intelligent Adaptation of Digital Game-based Learning},
 booktitle = {Proceedings of the 2008 Conference on Future Play: Research, Play, Share},
 series = {Future Play '08},
 year = {2008},
 isbn = {978-1-60558-218-4},
 location = {Toronto, Ontario, Canada},
 pages = {200--203},
 numpages = {4},
 url = {http://doi.acm.org/10.1145/1496984.1497021},
 doi = {10.1145/1496984.1497021},
 acmid = {1497021},
 publisher = {ACM},
 address = {New York, NY, USA},
 keywords = {adaptive games, player types, user modeling},
}

@inproceedings{Hamid:2014:TEB:2538862.2544280,
 author = {Hamid, Nadeem Abdul and Benzel, Steven},
 title = {Towards Engaging Big Data for CS1/2 (Abstract Only)},
 booktitle = {Proceedings of the 45th ACM Technical Symposium on Computer Science Education},
 series = {SIGCSE '14},
 year = {2014},
 isbn = {978-1-4503-2605-6},
 location = {Atlanta, Georgia, USA},
 pages = {710--710},
 numpages = {1},
 url = {http://doi.acm.org/10.1145/2538862.2544280},
 doi = {10.1145/2538862.2544280},
 acmid = {2544280},
 publisher = {ACM},
 address = {New York, NY, USA},
 keywords = {CS1, big data},
}

@inproceedings{August:2014:VWE:2538862.2544264,
 author = {August, Stephanie E. and Ryoo, Jungwoo},
 title = {Can 3D Virtual World Environments and Game-based Learning Effectively Teach Computer Science Concepts? (Abstract Only)},
 booktitle = {Proceedings of the 45th ACM Technical Symposium on Computer Science Education},
 series = {SIGCSE '14},
 year = {2014},
 isbn = {978-1-4503-2605-6},
 location = {Atlanta, Georgia, USA},
 pages = {737--738},
 numpages = {2},
 url = {http://doi.acm.org/10.1145/2538862.2544264},
 doi = {10.1145/2538862.2544264},
 acmid = {2544264},
 publisher = {ACM},
 address = {New York, NY, USA},
 keywords = {3d virtual world environments, digital learning aids, digital story telling, game-based learning, opensim, second life},
}

@inproceedings{Lilly:1995:UCA:224170.224204,
 author = {Lilly, H. Albert},
 title = {The Use of Cellular Automata in the Classroom},
 booktitle = {Proceedings of the 1995 ACM/IEEE Conference on Supercomputing},
 series = {Supercomputing '95},
 year = {1995},
 isbn = {0-89791-816-9},
 location = {San Diego, California, USA},
 articleno = {16},
 url = {http://doi.acm.org/10.1145/224170.224204},
 doi = {10.1145/224170.224204},
 acmid = {224204},
 publisher = {ACM},
 address = {New York, NY, USA},
 keywords = {cellular automata, electrical engineering, genetic drift, diffusion, simulated annealing,nucleation, percolation, soil erosion, fluid dynamics, temperature, glider, interior design},
}

@inproceedings{Vincent:2002:MIB:820060.820084,
 author = {Vincent, John},
 title = {MicroWorlds and the Integrated Brain},
 booktitle = {Proceedings of the Seventh World Conference on Computers in Education Conference on Computers in Education: Australian Topics - Volume 8},
 series = {CRPIT '02},
 year = {2002},
 isbn = {0-909925-86-0},
 location = {Copenhagen, Denmark},
 pages = {131--137},
 numpages = {7},
 url = {http://dl.acm.org/citation.cfm?id=820060.820084},
 acmid = {820084},
 publisher = {Australian Computer Society, Inc.},
 address = {Darlinghurst, Australia, Australia},
}

@inproceedings{Ehrichs:1990:TEA:99186.99219,
 author = {Ehrichs, Lisa},
 title = {The Technology Explosion \&Amp; Training: How \&Ldquo;Old-fashioned\&Rdquo; Marketing Helps Keep Training Relevant},
 booktitle = {Proceedings of the 18th Annual ACM SIGUCCS Conference on User Services},
 series = {SIGUCCS '90},
 year = {1990},
 isbn = {0-89791-406-6},
 location = {Cincinnati, Ohio, USA},
 pages = {111--115},
 numpages = {5},
 url = {http://doi.acm.org/10.1145/99186.99219},
 doi = {10.1145/99186.99219},
 acmid = {99219},
 publisher = {ACM},
 address = {New York, NY, USA},
}

