@inproceedings{Izu:2019:PCI:3304221.3325531,
 author = {Izu, Cruz and Schulte, Carsten and Aggarwal, Ashish and Cutts, Quintin and Duran, Rodrigo and Gutica, Mirela and Heinemann, Birte and Kraemer, Eileen and Lonati, Violetta and Mirolo, Claudio and Weeda, Renske},
 title = {Program Comprehension: Identifying Learning Trajectories for Novice Programmers},
 booktitle = {Proceedings of the 2019 ACM Conference on Innovation and Technology in Computer Science Education},
 series = {ITiCSE '19},
 year = {2019},
 isbn = {978-1-4503-6301-3},
 location = {Aberdeen, Scotland Uk},
 pages = {261--262},
 numpages = {2},
 url = {http://doi.acm.org/10.1145/3304221.3325531},
 doi = {10.1145/3304221.3325531},
 acmid = {3325531},
 publisher = {ACM},
 address = {New York, NY, USA},
 keywords = {cs1, learning trajectories, program comprehension},
}

@inproceedings{Rich:2017:KLT:3105726.3106166,
 author = {Rich, Kathryn M. and Strickland, Carla and Binkowski, T. Andrew and Moran, Cheryl and Franklin, Diana},
 title = {K-8 Learning Trajectories Derived from Research Literature: Sequence, Repetition, Conditionals},
 booktitle = {Proceedings of the 2017 ACM Conference on International Computing Education Research},
 series = {ICER '17},
 year = {2017},
 isbn = {978-1-4503-4968-0},
 location = {Tacoma, Washington, USA},
 pages = {182--190},
 numpages = {9},
 url = {http://doi.acm.org/10.1145/3105726.3106166},
 doi = {10.1145/3105726.3106166},
 acmid = {3106166},
 publisher = {ACM},
 address = {New York, NY, USA},
 keywords = {K-6, computational thinking, learning trajectories},
}

@inproceedings{Rich:2019:KDL:3287324.3287396,
 author = {Rich, Kathryn M. and Strickland, Carla and Binkowski, T. Andrew and Franklin, Diana},
 title = {A K-8 Debugging Learning Trajectory Derived from Research Literature},
 booktitle = {Proceedings of the 50th ACM Technical Symposium on Computer Science Education},
 series = {SIGCSE '19},
 year = {2019},
 isbn = {978-1-4503-5890-3},
 location = {Minneapolis, MN, USA},
 pages = {745--751},
 numpages = {7},
 url = {http://doi.acm.org/10.1145/3287324.3287396},
 doi = {10.1145/3287324.3287396},
 acmid = {3287396},
 publisher = {ACM},
 address = {New York, NY, USA},
 keywords = {computational thinking, debugging, k-8, learning trajectory},
}

@inproceedings{Rich:2018:DKC:3230977.3230979,
 author = {Rich, Kathryn M. and Binkowski, T. Andrew and Strickland, Carla and Franklin, Diana},
 title = {Decomposition: A K-8 Computational Thinking Learning Trajectory},
 booktitle = {Proceedings of the 2018 ACM Conference on International Computing Education Research},
 series = {ICER '18},
 year = {2018},
 isbn = {978-1-4503-5628-2},
 location = {Espoo, Finland},
 pages = {124--132},
 numpages = {9},
 url = {http://doi.acm.org/10.1145/3230977.3230979},
 doi = {10.1145/3230977.3230979},
 acmid = {3230979},
 publisher = {ACM},
 address = {New York, NY, USA},
 keywords = {computational thinking, decomposition, k-8},
}

@inproceedings{Rizvi:2018:TDM:3279996.3280035,
 author = {Rizvi, Saman and Rienties, Bart and Rogaten, Jekaterina},
 title = {Temporal Dynamics of MOOC Learning Trajectories},
 booktitle = {Proceedings of the First International Conference on Data Science, E-learning and Information Systems},
 series = {DATA '18},
 year = {2018},
 isbn = {978-1-4503-6536-9},
 location = {Madrid, Spain},
 pages = {39:1--39:6},
 articleno = {39},
 numpages = {6},
 url = {http://doi.acm.org/10.1145/3279996.3280035},
 doi = {10.1145/3279996.3280035},
 acmid = {3280035},
 publisher = {ACM},
 address = {New York, NY, USA},
 keywords = {MOOCs, behavioral analysis, educational process mining, temporal modelling},
}

@inproceedings{Niemela:2017:CTE:3141880.3141885,
 author = {Niemel\"{a}, Pia and Partanen, Tiina and Harsu, Maarit and Lepp\"{a}nen, Leo and Ihantola, Petri},
 title = {Computational Thinking As an Emergent Learning Trajectory of Mathematics},
 booktitle = {Proceedings of the 17th Koli Calling International Conference on Computing Education Research},
 series = {Koli Calling '17},
 year = {2017},
 isbn = {978-1-4503-5301-4},
 location = {Koli, Finland},
 pages = {70--79},
 numpages = {10},
 url = {http://doi.acm.org/10.1145/3141880.3141885},
 doi = {10.1145/3141880.3141885},
 acmid = {3141885},
 publisher = {ACM},
 address = {New York, NY, USA},
 keywords = {K-12 computer science curriculum, computational thinking, in-service teacher training, learning trajectory, math-integrated computing},
}

@inproceedings{Andrade:2017:USL:3027385.3027429,
 author = {Andrade, Alejandro},
 title = {Understanding Student Learning Trajectories Using Multimodal Learning Analytics Within an Embodied-interaction Learning Environment},
 booktitle = {Proceedings of the Seventh International Learning Analytics \&\#38; Knowledge Conference},
 series = {LAK '17},
 year = {2017},
 isbn = {978-1-4503-4870-6},
 location = {Vancouver, British Columbia, Canada},
 pages = {70--79},
 numpages = {10},
 url = {http://doi.acm.org/10.1145/3027385.3027429},
 doi = {10.1145/3027385.3027429},
 acmid = {3027429},
 publisher = {ACM},
 address = {New York, NY, USA},
 keywords = {embodied cognition, embodiment, learning environments, multimodal learning analytics, science education, sensing technologies},
}

@inproceedings{Fields:2016:CBD:2839509.2844631,
 author = {Fields, Deborah A. and Quirke, Lisa and Amely, Janell and Maughan, Jason},
 title = {Combining Big Data and Thick Data Analyses for Understanding Youth Learning Trajectories in a Summer Coding Camp},
 booktitle = {Proceedings of the 47th ACM Technical Symposium on Computing Science Education},
 series = {SIGCSE '16},
 year = {2016},
 isbn = {978-1-4503-3685-7},
 location = {Memphis, Tennessee, USA},
 pages = {150--155},
 numpages = {6},
 url = {http://doi.acm.org/10.1145/2839509.2844631},
 doi = {10.1145/2839509.2844631},
 acmid = {2844631},
 publisher = {ACM},
 address = {New York, NY, USA},
 keywords = {assessment, big data, computer science education, constructionism, novice programmers, scratch},
}

@inproceedings{Musabirov:2017:TSI:3141880.3141907,
 author = {Musabirov, Ilya and Bakhitova, Alina},
 title = {Trajectories of Student Interaction with Learning Resources in Blended Learning: The Case of Data Science Minor},
 booktitle = {Proceedings of the 17th Koli Calling International Conference on Computing Education Research},
 series = {Koli Calling '17},
 year = {2017},
 isbn = {978-1-4503-5301-4},
 location = {Koli, Finland},
 pages = {191--192},
 numpages = {2},
 url = {http://doi.acm.org/10.1145/3141880.3141907},
 doi = {10.1145/3141880.3141907},
 acmid = {3141907},
 publisher = {ACM},
 address = {New York, NY, USA},
 keywords = {blended learning, data science, hybrid learning},
}

@inproceedings{Dziallas:2015:CGC:2787622.2787739,
 author = {Dziallas, Sebastian},
 title = {Characterizing Graduateness in Computing Education},
 booktitle = {Proceedings of the Eleventh Annual International Conference on International Computing Education Research},
 series = {ICER '15},
 year = {2015},
 isbn = {978-1-4503-3630-7},
 location = {Omaha, Nebraska, USA},
 pages = {257--258},
 numpages = {2},
 url = {http://doi.acm.org/10.1145/2787622.2787739},
 doi = {10.1145/2787622.2787739},
 acmid = {2787739},
 publisher = {ACM},
 address = {New York, NY, USA},
 keywords = {narrative methodology, qualitative research, student experience},
}

@inproceedings{Martin:2013:NLA:2460296.2460328,
 author = {Martin, Taylor and Aghababyan, Ani and Pfaffman, Jay and Olsen, Jenna and Baker, Stephanie and Janisiewicz, Philip and Phillips, Rachel and Smith, Carmen Petrick},
 title = {Nanogenetic Learning Analytics: Illuminating Student Learning Pathways in an Online Fraction Game},
 booktitle = {Proceedings of the Third International Conference on Learning Analytics and Knowledge},
 series = {LAK '13},
 year = {2013},
 isbn = {978-1-4503-1785-6},
 location = {Leuven, Belgium},
 pages = {165--169},
 numpages = {5},
 url = {http://doi.acm.org/10.1145/2460296.2460328},
 doi = {10.1145/2460296.2460328},
 acmid = {2460328},
 publisher = {ACM},
 address = {New York, NY, USA},
 keywords = {documentation, experimentation, fractions, games, keywords microgenetic research, mathematics education, measurement, performance, process analysis, rational numbers},
}

@inproceedings{Xiao:2018:IEP:3180308.3180370,
 author = {Xiao, Ziang and Yao, Yuqi and Fu, Wai-Tat},
 title = {An Intelligent Educational Platform for Training Spatial Visualization Skills},
 booktitle = {Proceedings of the 23rd International Conference on Intelligent User Interfaces Companion},
 series = {IUI '18 Companion},
 year = {2018},
 isbn = {978-1-4503-5571-1},
 location = {Tokyo, Japan},
 pages = {61:1--61:2},
 articleno = {61},
 numpages = {2},
 url = {http://doi.acm.org/10.1145/3180308.3180370},
 doi = {10.1145/3180308.3180370},
 acmid = {3180370},
 publisher = {ACM},
 address = {New York, NY, USA},
 keywords = {Education, Individualized Learning, Learning Analytics, Personalized Hints, STEM, Spatial Visualization Skills},
}

@inproceedings{Bain:2019:IAM:3287324.3287546,
 author = {Bain, Connor and Anton, Gabriella},
 title = {Integrating Agent-based Modeling in STEM Classes: From Blocks to Text and Back?},
 booktitle = {Proceedings of the 50th ACM Technical Symposium on Computer Science Education},
 series = {SIGCSE '19},
 year = {2019},
 isbn = {978-1-4503-5890-3},
 location = {Minneapolis, MN, USA},
 pages = {1238--1238},
 numpages = {1},
 url = {http://doi.acm.org/10.1145/3287324.3287546},
 doi = {10.1145/3287324.3287546},
 acmid = {3287546},
 publisher = {ACM},
 address = {New York, NY, USA},
 keywords = {agent-based modeling, blocks-based programming, computational thinking, computing education, science education, teacher education},
}

@inproceedings{Dziallas:2018:ITY:3230977.3230989,
 author = {Dziallas, Sebastian and Fincher, Sally},
 title = {"I Told You This Last Time, Right?": Re-visiting Narratives of STEM Education},
 booktitle = {Proceedings of the 2018 ACM Conference on International Computing Education Research},
 series = {ICER '18},
 year = {2018},
 isbn = {978-1-4503-5628-2},
 location = {Espoo, Finland},
 pages = {223--231},
 numpages = {9},
 url = {http://doi.acm.org/10.1145/3230977.3230989},
 doi = {10.1145/3230977.3230989},
 acmid = {3230989},
 publisher = {ACM},
 address = {New York, NY, USA},
 keywords = {longitudinal work, narrative methods, qualitative research},
}

@inproceedings{Beck:2018:DCA:3159450.3162361,
 author = {Beck, Leland and Chizhik, Alexander and Kraft, Patty and Riggins, Alan},
 title = {Designing Classroom Activities to Improve Student Engagement and Learning: (Abstract Only)},
 booktitle = {Proceedings of the 49th ACM Technical Symposium on Computer Science Education},
 series = {SIGCSE '18},
 year = {2018},
 isbn = {978-1-4503-5103-4},
 location = {Baltimore, Maryland, USA},
 pages = {1058--1058},
 numpages = {1},
 url = {http://doi.acm.org/10.1145/3159450.3162361},
 doi = {10.1145/3159450.3162361},
 acmid = {3162361},
 publisher = {ACM},
 address = {New York, NY, USA},
 keywords = {active learning, classroom management, cooperative learning},
}

@inproceedings{Franklin:2017:UUS:3017680.3017760,
 author = {Franklin, Diana and Skifstad, Gabriela and Rolock, Reiny and Mehrotra, Isha and Ding, Valerie and Hansen, Alexandria and Weintrop, David and Harlow, Danielle},
 title = {Using Upper-Elementary Student Performance to Understand Conceptual Sequencing in a Blocks-based Curriculum},
 booktitle = {Proceedings of the 2017 ACM SIGCSE Technical Symposium on Computer Science Education},
 series = {SIGCSE '17},
 year = {2017},
 isbn = {978-1-4503-4698-6},
 location = {Seattle, Washington, USA},
 pages = {231--236},
 numpages = {6},
 url = {http://doi.acm.org/10.1145/3017680.3017760},
 doi = {10.1145/3017680.3017760},
 acmid = {3017760},
 publisher = {ACM},
 address = {New York, NY, USA},
 keywords = {computer science education, elementary school, graphical programming, middle school, novice programming languages},
}

@inproceedings{Abrahamson:2008:AAV:1599812.1599815,
 author = {Abrahamson, Dor and White, Tobin},
 title = {Artifacts and Aberrations: On the Volatility of Design Research and the Serendipity of Insight},
 booktitle = {Proceedings of the 8th International Conference on International Conference for the Learning Sciences - Volume 1},
 series = {ICLS'08},
 year = {2008},
 location = {Utrecht, The Netherlands},
 pages = {27--34},
 numpages = {8},
 url = {http://dl.acm.org/citation.cfm?id=1599812.1599815},
 acmid = {1599815},
 publisher = {International Society of the Learning Sciences},
}

@inproceedings{Zhang:2008:DAM:1599936.1600043,
 author = {Zhang, BaoHui and Jacobson, Michael J. and Kim, Beaumie and Deng, Feng and Pathak, Suneeta and Lossman, Hans G. and Lin, Xiuqin and Sengupta, Pratim and Wilensky, Uri and Hay, Kenneth E.},
 title = {Designing and Assessing Modeling and Visualization Technologies (MVT) Enhanced Learning},
 booktitle = {Proceedings of the 8th International Conference on International Conference for the Learning Sciences - Volume 3},
 series = {ICLS'08},
 year = {2008},
 location = {Utrecht, The Netherlands},
 pages = {392--399},
 numpages = {8},
 url = {http://dl.acm.org/citation.cfm?id=1599936.1600043},
 acmid = {1600043},
 publisher = {International Society of the Learning Sciences},
}

@inproceedings{Israel:2017:ELP:3017680.3022421,
 author = {Israel, Maya and Lash, Todd and Reese, George},
 title = {Emerging Learning Progressions in K-5 Integrated Mathematics And Computer Science Lesson Plans (Abstract Only)},
 booktitle = {Proceedings of the 2017 ACM SIGCSE Technical Symposium on Computer Science Education},
 series = {SIGCSE '17},
 year = {2017},
 isbn = {978-1-4503-4698-6},
 location = {Seattle, Washington, USA},
 pages = {710--710},
 numpages = {1},
 url = {http://doi.acm.org/10.1145/3017680.3022421},
 doi = {10.1145/3017680.3022421},
 acmid = {3022421},
 publisher = {ACM},
 address = {New York, NY, USA},
 keywords = {computational thinking, elementary mathematics, learning progressions},
}

@inproceedings{Kim:2019:ULC:3287324.3287387,
 author = {Kim, Meen Chul and Park, Thomas H. and Liu, Ruixue and Forte, Andrea},
 title = {Understanding Learning Curves and Trajectories in CSS Layout},
 booktitle = {Proceedings of the 50th ACM Technical Symposium on Computer Science Education},
 series = {SIGCSE '19},
 year = {2019},
 isbn = {978-1-4503-5890-3},
 location = {Minneapolis, MN, USA},
 pages = {504--510},
 numpages = {7},
 url = {http://doi.acm.org/10.1145/3287324.3287387},
 doi = {10.1145/3287324.3287387},
 acmid = {3287387},
 publisher = {ACM},
 address = {New York, NY, USA},
 keywords = {clustering, css layout, educational game, learning analytics, learning curve analysis, web development},
}

