@inproceedings{Soloway:1996:ILE:257089.257386,
 author = {Soloway, Elliot},
 title = {Interactive Learning Environments: Where They'Ve Come from \&Amp; Where They'Re Going},
 booktitle = {Conference Companion on Human Factors in Computing Systems},
 series = {CHI '96},
 year = {1996},
 isbn = {0-89791-832-0},
 location = {Vancouver, British Columbia, Canada},
 pages = {384--385},
 numpages = {2},
 url = {http://doi.acm.org/10.1145/257089.257386},
 doi = {10.1145/257089.257386},
 acmid = {257386},
 publisher = {ACM},
 address = {New York, NY, USA},
 keywords = {constructionism, education \&amp; computers, intelligent tutoring systems, interactive learning environments},
}

@article{Guo:2017:AAL:3127343.3105421,
 author = {Guo, Philip},
 title = {How Adults Ages 60+ Are Learning to Code},
 journal = {Commun. ACM},
 issue_date = {August 2017},
 volume = {60},
 number = {8},
 month = jul,
 year = {2017},
 issn = {0001-0782},
 pages = {10--11},
 numpages = {2},
 url = {http://doi.acm.org/10.1145/3105421},
 doi = {10.1145/3105421},
 acmid = {3105421},
 publisher = {ACM},
 address = {New York, NY, USA},
}

@article{Zaharias:2004:UER:998337.998345,
 author = {Zaharias, Panagiotis},
 title = {Usability and e-Learning: The Road Towards Integration},
 journal = {eLearn},
 issue_date = {June 2004},
 volume = {2004},
 number = {6},
 month = jun,
 year = {2004},
 issn = {1535-394X},
 pages = {4--},
 url = {http://doi.acm.org/10.1145/998337.998345},
 doi = {10.1145/998337.998345},
 acmid = {998345},
 publisher = {ACM},
 address = {New York, NY, USA},
}

@article{Hsi:1998:LDS:310307.310374,
 author = {Hsi, Sherry and Soloway, Elliot},
 title = {Learner-centered Design: Specifically Addressing the Needs of Learners},
 journal = {SIGCHI Bull.},
 issue_date = {Oct. 1998},
 volume = {30},
 number = {4},
 month = oct,
 year = {1998},
 issn = {0736-6906},
 pages = {53--55},
 numpages = {3},
 url = {http://doi.acm.org/10.1145/310307.310374},
 doi = {10.1145/310307.310374},
 acmid = {310374},
 publisher = {ACM},
 address = {New York, NY, USA},
}

@inproceedings{Chorianopoulos:2014:DPS:2645791.2645843,
 author = {Chorianopoulos, Konstantinos and Giannakos, Michail N. and Chrisochoides, Nikos},
 title = {Design Principles for Serious Games in Mathematics},
 booktitle = {Proceedings of the 18th Panhellenic Conference on Informatics},
 series = {PCI '14},
 year = {2014},
 isbn = {978-1-4503-2897-5},
 location = {Athens, Greece},
 pages = {55:1--55:5},
 articleno = {55},
 numpages = {5},
 url = {http://doi.acm.org/10.1145/2645791.2645843},
 doi = {10.1145/2645791.2645843},
 acmid = {2645843},
 publisher = {ACM},
 address = {New York, NY, USA},
 keywords = {Design Principles, Interaction Design, Learning, Mathematics, Serious Games},
}

@inproceedings{Soloway:1995:ILE:223355.223715,
 author = {Soloway, Elliot and Bielaczyc, Kate},
 title = {Interactive Learning Environments: Where They'Ve Come from \&Amp; Where They'Re Going},
 booktitle = {Conference Companion on Human Factors in Computing Systems},
 series = {CHI '95},
 year = {1995},
 isbn = {0-89791-755-3},
 location = {Denver, Colorado, USA},
 pages = {347--348},
 numpages = {2},
 url = {http://doi.acm.org/10.1145/223355.223715},
 doi = {10.1145/223355.223715},
 acmid = {223715},
 publisher = {ACM},
 address = {New York, NY, USA},
}

@inproceedings{Ericson:2015:APP:2787622.2787740,
 author = {Ericson, Barbara J.},
 title = {Adaptive Parsons Problems with Discourse Rules},
 booktitle = {Proceedings of the Eleventh Annual International Conference on International Computing Education Research},
 series = {ICER '15},
 year = {2015},
 isbn = {978-1-4503-3630-7},
 location = {Omaha, Nebraska, USA},
 pages = {259--260},
 numpages = {2},
 url = {http://doi.acm.org/10.1145/2787622.2787740},
 doi = {10.1145/2787622.2787740},
 acmid = {2787740},
 publisher = {ACM},
 address = {New York, NY, USA},
 keywords = {learning programming, parsons problems},
}

@inproceedings{Ericson:2014:APP:2632320.2632324,
 author = {Ericson, Barbara J.},
 title = {Adaptive Parsons Problems with Discourse Rules},
 booktitle = {Proceedings of the Tenth Annual Conference on International Computing Education Research},
 series = {ICER '14},
 year = {2014},
 isbn = {978-1-4503-2755-8},
 location = {Glasgow, Scotland, United Kingdom},
 pages = {145--146},
 numpages = {2},
 url = {http://doi.acm.org/10.1145/2632320.2632324},
 doi = {10.1145/2632320.2632324},
 acmid = {2632324},
 publisher = {ACM},
 address = {New York, NY, USA},
 keywords = {learning programming, parsons problems},
}

@article{Soloway:1994:LDC:174809.174813,
 author = {Soloway, Elliot and Guzdial, Mark and Hay, Kenneth E.},
 title = {Learner-centered Design: The Challenge for HCI in the 21st Century},
 journal = {interactions},
 issue_date = {April 1994},
 volume = {1},
 number = {2},
 month = apr,
 year = {1994},
 issn = {1072-5520},
 pages = {36--48},
 numpages = {13},
 url = {http://doi.acm.org/10.1145/174809.174813},
 doi = {10.1145/174809.174813},
 acmid = {174813},
 publisher = {ACM},
 address = {New York, NY, USA},
}

@inproceedings{Tuhkala:2018:TCS:3213818.3213828,
 author = {Tuhkala, Ari and Wagner, Marie-Louise and Nielsen, Nick and Iversen, Ole Sejer and K\"{a}rkk\"{a}inen, Tommi},
 title = {Technology Comprehension: Scaling Making into a National Discipline},
 booktitle = {Proceedings of the Conference on Creativity and Making in Education},
 series = {FabLearn Europe'18},
 year = {2018},
 isbn = {978-1-4503-5371-7},
 location = {Trondheim, Norway},
 pages = {72--80},
 numpages = {9},
 url = {http://doi.acm.org/10.1145/3213818.3213828},
 doi = {10.1145/3213818.3213828},
 acmid = {3213828},
 publisher = {ACM},
 address = {New York, NY, USA},
 keywords = {computational thinking, design, discipline, education, making, national, scaling, teachers, technology comprehension},
}

@inproceedings{Foley:1998:DVT:286498.286784,
 author = {Foley, Brian J.},
 title = {Designing Visualization Tools for Learning},
 booktitle = {CHI 98 Conference Summary on Human Factors in Computing Systems},
 series = {CHI '98},
 year = {1998},
 isbn = {1-58113-028-7},
 location = {Los Angeles, California, USA},
 pages = {309--310},
 numpages = {2},
 url = {http://doi.acm.org/10.1145/286498.286784},
 doi = {10.1145/286498.286784},
 acmid = {286784},
 publisher = {ACM},
 address = {New York, NY, USA},
 keywords = {education, representation, science, visualization},
}

@inproceedings{Moher:2009:PIW:1551788.1551808,
 author = {Moher, Tom},
 title = {Putting Interference to Work in the Design of a Whole-class Learning Activity},
 booktitle = {Proceedings of the 8th International Conference on Interaction Design and Children},
 series = {IDC '09},
 year = {2009},
 isbn = {978-1-60558-395-2},
 location = {Como, Italy},
 pages = {115--122},
 numpages = {8},
 url = {http://doi.acm.org/10.1145/1551788.1551808},
 doi = {10.1145/1551788.1551808},
 acmid = {1551808},
 publisher = {ACM},
 address = {New York, NY, USA},
 keywords = {control of variables, elementary school learners, interference, science inquiry, single-display groupware},
}

@inproceedings{Quintana:2004:DII:996350.996454,
 author = {Quintana, Chris and Zhang, Meilan},
 title = {The Digital Ideakeeper: Integrating Digital Libraries with a Scaffolded Environment for Online Inquiry},
 booktitle = {Proceedings of the 4th ACM/IEEE-CS Joint Conference on Digital Libraries},
 series = {JCDL '04},
 year = {2004},
 isbn = {1-58113-832-6},
 location = {Tuscon, AZ, USA},
 pages = {388--388},
 numpages = {1},
 url = {http://doi.acm.org/10.1145/996350.996454},
 doi = {10.1145/996350.996454},
 acmid = {996454},
 publisher = {ACM},
 address = {New York, NY, USA},
 keywords = {digital libraries, online inquiry, scaffolding},
}

@inproceedings{Moher:2008:WDI:1357054.1357082,
 author = {Moher, Tom and Uphoff, Brian and Bhatt, Darshan and L\'{o}pez Silva, Brenda and Malcolm, Peter},
 title = {WallCology: Designing Interaction Affordances for Learner Engagement in Authentic Science Inquiry},
 booktitle = {Proceedings of the SIGCHI Conference on Human Factors in Computing Systems},
 series = {CHI '08},
 year = {2008},
 isbn = {978-1-60558-011-1},
 location = {Florence, Italy},
 pages = {163--172},
 numpages = {10},
 url = {http://doi.acm.org/10.1145/1357054.1357082},
 doi = {10.1145/1357054.1357082},
 acmid = {1357082},
 publisher = {ACM},
 address = {New York, NY, USA},
 keywords = {embedded phenomena, science inquiry learning, ubiquitous computing},
}

@article{Guzdial:2017:BTC:3098997.3077227,
 author = {Guzdial, Mark},
 title = {Balancing Teaching CS Efficiently with Motivating Students},
 journal = {Commun. ACM},
 issue_date = {June 2017},
 volume = {60},
 number = {6},
 month = may,
 year = {2017},
 issn = {0001-0782},
 pages = {10--11},
 numpages = {2},
 url = {http://doi.acm.org/10.1145/3077227},
 doi = {10.1145/3077227},
 acmid = {3077227},
 publisher = {ACM},
 address = {New York, NY, USA},
}

@inproceedings{Soloway:1996:LTP:238386.238476,
 author = {Soloway, Elliot and Jackson, Shari L. and Klein, Jonathan and Quintana, Chris and Reed, James and Spitulnik, Jeff and Stratford, Steven J. and Studer, Scott and Eng, Jim and Scala, Nancy},
 title = {Learning Theory in Practice: Case Studies of Learner-centered Design},
 booktitle = {Proceedings of the SIGCHI Conference on Human Factors in Computing Systems},
 series = {CHI '96},
 year = {1996},
 isbn = {0-89791-777-4},
 location = {Vancouver, British Columbia, Canada},
 pages = {189--196},
 numpages = {8},
 url = {http://doi.acm.org/10.1145/238386.238476},
 doi = {10.1145/238386.238476},
 acmid = {238476},
 publisher = {ACM},
 address = {New York, NY, USA},
 keywords = {case study, constructivism, educational applications, learner-centered design, scaffolding, science applications, socioculturalism},
}

@inproceedings{Sigurdson:2017:SPM:3141880.3141888,
 author = {Sigurdson, Nikki and Petersen, Andrew},
 title = {Student Perspectives on Mathematics in Computer Science},
 booktitle = {Proceedings of the 17th Koli Calling International Conference on Computing Education Research},
 series = {Koli Calling '17},
 year = {2017},
 isbn = {978-1-4503-5301-4},
 location = {Koli, Finland},
 pages = {108--117},
 numpages = {10},
 url = {http://doi.acm.org/10.1145/3141880.3141888},
 doi = {10.1145/3141880.3141888},
 acmid = {3141888},
 publisher = {ACM},
 address = {New York, NY, USA},
 keywords = {curriculum, identity, mathematics},
}

@inproceedings{Zhang:2018:ASI:3231848.3231860,
 author = {Zhang, Zhaoli and Li, Yang and Liu, Hai and Shu, Jiangbo},
 title = {Application of the SPOC Instructional Model Supported by E-Schoolbag Teaching System},
 booktitle = {Proceedings of the 2018 International Conference on Distance Education and Learning},
 series = {ICDEL '18},
 year = {2018},
 isbn = {978-1-4503-6431-7},
 location = {Beijing, China},
 pages = {122--126},
 numpages = {5},
 url = {http://doi.acm.org/10.1145/3231848.3231860},
 doi = {10.1145/3231848.3231860},
 acmid = {3231860},
 publisher = {ACM},
 address = {New York, NY, USA},
 keywords = {E-Schoolbag Teaching System, Instructional Design, SPOC, Smart classroom, Teaching Model},
}

@inproceedings{Patitsas:2016:ECS:2960310.2960312,
 author = {Patitsas, Elizabeth and Berlin, Jesse and Craig, Michelle and Easterbrook, Steve},
 title = {Evidence That Computer Science Grades Are Not Bimodal},
 booktitle = {Proceedings of the 2016 ACM Conference on International Computing Education Research},
 series = {ICER '16},
 year = {2016},
 isbn = {978-1-4503-4449-4},
 location = {Melbourne, VIC, Australia},
 pages = {113--121},
 numpages = {9},
 url = {http://doi.acm.org/10.1145/2960310.2960312},
 doi = {10.1145/2960310.2960312},
 acmid = {2960312},
 publisher = {ACM},
 address = {New York, NY, USA},
 keywords = {grades computer science education instructor beliefs},
}

@inproceedings{Jackson:1995:SML:223355.223367,
 author = {Jackson, Shari L.},
 title = {The ScienceWare Modeler: A Learner-centered Tool for Students Building Models},
 booktitle = {Conference Companion on Human Factors in Computing Systems},
 series = {CHI '95},
 year = {1995},
 isbn = {0-89791-755-3},
 location = {Denver, Colorado, USA},
 pages = {7--8},
 numpages = {2},
 url = {http://doi.acm.org/10.1145/223355.223367},
 doi = {10.1145/223355.223367},
 acmid = {223367},
 publisher = {ACM},
 address = {New York, NY, USA},
 keywords = {educational applications, learner-Centered software design, multimedia, science applications},
}

@inproceedings{Wang:2018:MEM:3173574.3174085,
 author = {Wang, April Y. and Mitts, Ryan and Guo, Philip J. and Chilana, Parmit K.},
 title = {Mismatch of Expectations: How Modern Learning Resources Fail Conversational Programmers},
 booktitle = {Proceedings of the 2018 CHI Conference on Human Factors in Computing Systems},
 series = {CHI '18},
 year = {2018},
 isbn = {978-1-4503-5620-6},
 location = {Montreal QC, Canada},
 pages = {511:1--511:13},
 articleno = {511},
 numpages = {13},
 url = {http://doi.acm.org/10.1145/3173574.3174085},
 doi = {10.1145/3173574.3174085},
 acmid = {3174085},
 publisher = {ACM},
 address = {New York, NY, USA},
 keywords = {conversational programmers, learner-centered design, programming literacy, technical conversations},
}

@article{Hawkins:1993:TOS:155049.155054,
 author = {Hawkins, Jan},
 title = {Technology and the Organization of Schooling},
 journal = {Commun. ACM},
 issue_date = {May 1993},
 volume = {36},
 number = {5},
 month = may,
 year = {1993},
 issn = {0001-0782},
 pages = {30--35},
 numpages = {6},
 url = {http://doi.acm.org/10.1145/155049.155054},
 doi = {10.1145/155049.155054},
 acmid = {155054},
 publisher = {ACM},
 address = {New York, NY, USA},
}

@inproceedings{Marshall:2007:TIE:1226969.1227004,
 author = {Marshall, Paul},
 title = {Do Tangible Interfaces Enhance Learning?},
 booktitle = {Proceedings of the 1st International Conference on Tangible and Embedded Interaction},
 series = {TEI '07},
 year = {2007},
 isbn = {978-1-59593-619-6},
 location = {Baton Rouge, Louisiana},
 pages = {163--170},
 numpages = {8},
 url = {http://doi.acm.org/10.1145/1226969.1227004},
 doi = {10.1145/1226969.1227004},
 acmid = {1227004},
 publisher = {ACM},
 address = {New York, NY, USA},
 keywords = {TUI, frameworks, learning, tangible interface},
}

@inproceedings{Ericson:2016:DAP:2960310.2960342,
 author = {Ericson, Barbara J.},
 title = {Dynamically Adaptive Parsons Problems},
 booktitle = {Proceedings of the 2016 ACM Conference on International Computing Education Research},
 series = {ICER '16},
 year = {2016},
 isbn = {978-1-4503-4449-4},
 location = {Melbourne, VIC, Australia},
 pages = {269--270},
 numpages = {2},
 url = {http://doi.acm.org/10.1145/2960310.2960342},
 doi = {10.1145/2960310.2960342},
 acmid = {2960342},
 publisher = {ACM},
 address = {New York, NY, USA},
 keywords = {adaptive learning, ebook, learning programming, online learning, parsons problems},
}

@inproceedings{Stone:2012:URB:2157136.2157216,
 author = {Stone, Jeffrey A.},
 title = {Using Reflective Blogs for Pedagogical Feedback in CS1},
 booktitle = {Proceedings of the 43rd ACM Technical Symposium on Computer Science Education},
 series = {SIGCSE '12},
 year = {2012},
 isbn = {978-1-4503-1098-7},
 location = {Raleigh, North Carolina, USA},
 pages = {259--264},
 numpages = {6},
 url = {http://doi.acm.org/10.1145/2157136.2157216},
 doi = {10.1145/2157136.2157216},
 acmid = {2157216},
 publisher = {ACM},
 address = {New York, NY, USA},
 keywords = {CS1, palms, reflection, writing},
}

@article{Norman:1996:LE:227210.227215,
 author = {Norman, Donald A. and Spohrer, James C.},
 title = {Learner-centered Education},
 journal = {Commun. ACM},
 issue_date = {April 1996},
 volume = {39},
 number = {4},
 month = apr,
 year = {1996},
 issn = {0001-0782},
 pages = {24--27},
 numpages = {4},
 url = {http://doi.acm.org/10.1145/227210.227215},
 doi = {10.1145/227210.227215},
 acmid = {227215},
 publisher = {ACM},
 address = {New York, NY, USA},
}

@inproceedings{Loh:1998:PPD:274644.274728,
 author = {Loh, Ben and Radinsky, Josh and Russell, Eric and Gomez, Louis M. and Reiser, Brian J. and Edelson, Daniel C.},
 title = {The Progress Portfolio: Designing Reflective Tools for a Classroom Context},
 booktitle = {Proceedings of the SIGCHI Conference on Human Factors in Computing Systems},
 series = {CHI '98},
 year = {1998},
 isbn = {0-201-30987-4},
 location = {Los Angeles, California, USA},
 pages = {627--634},
 numpages = {8},
 url = {http://dx.doi.org/10.1145/274644.274728},
 doi = {10.1145/274644.274728},
 acmid = {274728},
 publisher = {ACM Press/Addison-Wesley Publishing Co.},
 address = {New York, NY, USA},
 keywords = {children, collaborative learning, education applications, inquiry support tools, learner-centered design},
}

@inproceedings{Quintana:1998:SEU:286498.286785,
 author = {Quintana, Chris and Soloway, Elliot and Krajcik, Joseph and Carra, Andrew and Houser, Matt and McDonald, Mike and Mouradian, Mike and Saarela, Aaron and Vyas, Naresh and Wisnudel, Michele},
 title = {Symphony: Exploring User Interface Representations for Learner-centered Process Scaffolding},
 booktitle = {CHI 98 Conference Summary on Human Factors in Computing Systems},
 series = {CHI '98},
 year = {1998},
 isbn = {1-58113-028-7},
 location = {Los Angeles, California, USA},
 pages = {311--312},
 numpages = {2},
 url = {http://doi.acm.org/10.1145/286498.286785},
 doi = {10.1145/286498.286785},
 acmid = {286785},
 publisher = {ACM},
 address = {New York, NY, USA},
 keywords = {learner-centered tools, process scaffolding, process visualization, supportive integrated environments},
}

@inproceedings{Kolyda:2013:TSL:2507065.2507077,
 author = {Kolyda, Frantzeska},
 title = {Towards Simplifying Learning Systems: A Critical Review},
 booktitle = {Proceedings of the 31st ACM International Conference on Design of Communication},
 series = {SIGDOC '13},
 year = {2013},
 isbn = {978-1-4503-2131-0},
 location = {Greenville, North Carolina, USA},
 pages = {85--90},
 numpages = {6},
 url = {http://doi.acm.org/10.1145/2507065.2507077},
 doi = {10.1145/2507065.2507077},
 acmid = {2507077},
 publisher = {ACM},
 address = {New York, NY, USA},
 keywords = {educational technology, learning, learning systems, user-centered design},
}

@inproceedings{Guo:2018:NES:3173574.3173970,
 author = {Guo, Philip J.},
 title = {Non-Native English Speakers Learning Computer Programming: Barriers, Desires, and Design Opportunities},
 booktitle = {Proceedings of the 2018 CHI Conference on Human Factors in Computing Systems},
 series = {CHI '18},
 year = {2018},
 isbn = {978-1-4503-5620-6},
 location = {Montreal QC, Canada},
 pages = {396:1--396:14},
 articleno = {396},
 numpages = {14},
 url = {http://doi.acm.org/10.1145/3173574.3173970},
 doi = {10.1145/3173574.3173970},
 acmid = {3173970},
 publisher = {ACM},
 address = {New York, NY, USA},
 keywords = {learning programming, non-native english speakers},
}

@inproceedings{Hoang:2017:ASP:3025453.3025860,
 author = {Hoang, Thuong and Reinoso, Martin and Joukhadar, Zaher and Vetere, Frank and Kelly, David},
 title = {Augmented Studio: Projection Mapping on Moving Body for Physiotherapy Education},
 booktitle = {Proceedings of the 2017 CHI Conference on Human Factors in Computing Systems},
 series = {CHI '17},
 year = {2017},
 isbn = {978-1-4503-4655-9},
 location = {Denver, Colorado, USA},
 pages = {1419--1430},
 numpages = {12},
 url = {http://doi.acm.org/10.1145/3025453.3025860},
 doi = {10.1145/3025453.3025860},
 acmid = {3025860},
 publisher = {ACM},
 address = {New York, NY, USA},
 keywords = {annotation, physiotherapy education, projection mapping, spatial augmented reality},
}

@article{Qian:2017:SMO:3155324.3077618,
 author = {Qian, Yizhou and Lehman, James},
 title = {Students\&\#x2019; Misconceptions and Other Difficulties in Introductory Programming: A Literature Review},
 journal = {ACM Trans. Comput. Educ.},
 issue_date = {December 2017},
 volume = {18},
 number = {1},
 month = oct,
 year = {2017},
 issn = {1946-6226},
 pages = {1:1--1:24},
 articleno = {1},
 numpages = {24},
 url = {http://doi.acm.org/10.1145/3077618},
 doi = {10.1145/3077618},
 acmid = {3077618},
 publisher = {ACM},
 address = {New York, NY, USA},
 keywords = {Misconceptions, conceptual change, constructivism, difficulties, introductory programming},
}

@inproceedings{Luchini:2004:DGL:985692.985710,
 author = {Luchini, Kathleen and Quintana, Chris and Soloway, Elliot},
 title = {Design Guidelines for Learner-centered Handheld Tools},
 booktitle = {Proceedings of the SIGCHI Conference on Human Factors in Computing Systems},
 series = {CHI '04},
 year = {2004},
 isbn = {1-58113-702-8},
 location = {Vienna, Austria},
 pages = {135--142},
 numpages = {8},
 url = {http://doi.acm.org/10.1145/985692.985710},
 doi = {10.1145/985692.985710},
 acmid = {985710},
 publisher = {ACM},
 address = {New York, NY, USA},
 keywords = {handhelds, learner-centered design},
}

@article{Yadin:2011:RDR:2038876.2038894,
 author = {Yadin, Aharon},
 title = {Reducing the Dropout Rate in an Introductory Programming Course},
 journal = {ACM Inroads},
 issue_date = {December 2011},
 volume = {2},
 number = {4},
 month = dec,
 year = {2011},
 issn = {2153-2184},
 pages = {71--76},
 numpages = {6},
 url = {http://doi.acm.org/10.1145/2038876.2038894},
 doi = {10.1145/2038876.2038894},
 acmid = {2038894},
 publisher = {ACM},
 address = {New York, NY, USA},
 keywords = {introductory programming course, reducing dropout},
}

@inproceedings{DesPortes:2017:GES:3078072.3079733,
 author = {DesPortes, Kayla and DiSalvo, Betsy},
 title = {Where Are the Glass-Boxes?: Examining the Spectrum of Modularity in Physical Computing Hardware Tools},
 booktitle = {Proceedings of the 2017 Conference on Interaction Design and Children},
 series = {IDC '17},
 year = {2017},
 isbn = {978-1-4503-4921-5},
 location = {Stanford, California, USA},
 pages = {292--297},
 numpages = {6},
 url = {http://doi.acm.org/10.1145/3078072.3079733},
 doi = {10.1145/3078072.3079733},
 acmid = {3079733},
 publisher = {ACM},
 address = {New York, NY, USA},
 keywords = {design for learning, electronics, microcontroller, physical computing education},
}

@inproceedings{Kafai:2013:STK:2445196.2445373,
 author = {Kafai, Yasmin B. and Burke, Quinn},
 title = {The Social Turn in K-12 Programming: Moving from Computational Thinking to Computational Participation},
 booktitle = {Proceeding of the 44th ACM Technical Symposium on Computer Science Education},
 series = {SIGCSE '13},
 year = {2013},
 isbn = {978-1-4503-1868-6},
 location = {Denver, Colorado, USA},
 pages = {603--608},
 numpages = {6},
 url = {http://doi.acm.org/10.1145/2445196.2445373},
 doi = {10.1145/2445196.2445373},
 acmid = {2445373},
 publisher = {ACM},
 address = {New York, NY, USA},
 keywords = {networked commons, novice programming, tools},
}

@article{Draper:1999:SUL:311147.311152,
 author = {Draper, Stephen W.},
 title = {Supporting Use, Learning, and Education},
 journal = {SIGDOC Asterisk J. Comput. Doc.},
 issue_date = {May 1999},
 volume = {23},
 number = {2},
 month = may,
 year = {1999},
 issn = {0731-1001},
 pages = {19--24},
 numpages = {6},
 url = {http://doi.acm.org/10.1145/311147.311152},
 doi = {10.1145/311147.311152},
 acmid = {311152},
 publisher = {ACM},
 address = {New York, NY, USA},
}

@article{Soloway:1996:NGH:227210.227213,
 author = {Soloway, Elliot and Pryor, Amanda},
 title = {The Next Generation in Human-computer Interaction},
 journal = {Commun. ACM},
 issue_date = {April 1996},
 volume = {39},
 number = {4},
 month = apr,
 year = {1996},
 issn = {0001-0782},
 pages = {16--18},
 numpages = {3},
 url = {http://doi.acm.org/10.1145/227210.227213},
 doi = {10.1145/227210.227213},
 acmid = {227213},
 publisher = {ACM},
 address = {New York, NY, USA},
}

@inproceedings{Feijoo-Garcia:2019:IFP:3304221.3325587,
 author = {Feij\'{o}o-Garc\'{\i}a, Pedro G. and Gardner-McCune, Christina},
 title = {Improving Functional Programming Understanding Through Student-Created Instructional Videos},
 booktitle = {Proceedings of the 2019 ACM Conference on Innovation and Technology in Computer Science Education},
 series = {ITiCSE '19},
 year = {2019},
 isbn = {978-1-4503-6301-3},
 location = {Aberdeen, Scotland Uk},
 pages = {304--304},
 numpages = {1},
 url = {http://doi.acm.org/10.1145/3304221.3325587},
 doi = {10.1145/3304221.3325587},
 acmid = {3325587},
 publisher = {ACM},
 address = {New York, NY, USA},
 keywords = {computing education, student-created artifacts},
}

@article{Carlson:1996:WIL:236462.236558,
 author = {Carlson, David and Guzdial, Mark and Kehoe, Colleen and Shah, Viren and Stasko, John},
 title = {WWW Interactive Learning Environments for Computer Science Education},
 journal = {SIGCSE Bull.},
 issue_date = {March 1996},
 volume = {28},
 number = {1},
 month = mar,
 year = {1996},
 issn = {0097-8418},
 pages = {290--294},
 numpages = {5},
 url = {http://doi.acm.org/10.1145/236462.236558},
 doi = {10.1145/236462.236558},
 acmid = {236558},
 publisher = {ACM},
 address = {New York, NY, USA},
}

@inproceedings{Carlson:1996:WIL:236452.236558,
 author = {Carlson, David and Guzdial, Mark and Kehoe, Colleen and Shah, Viren and Stasko, John},
 title = {WWW Interactive Learning Environments for Computer Science Education},
 booktitle = {Proceedings of the Twenty-seventh SIGCSE Technical Symposium on Computer Science Education},
 series = {SIGCSE '96},
 year = {1996},
 isbn = {0-89791-757-X},
 location = {Philadelphia, Pennsylvania, USA},
 pages = {290--294},
 numpages = {5},
 url = {http://doi.acm.org/10.1145/236452.236558},
 doi = {10.1145/236452.236558},
 acmid = {236558},
 publisher = {ACM},
 address = {New York, NY, USA},
}

@inproceedings{Griffin:2016:LTA:2978192.2978231,
 author = {Griffin, Jean M.},
 title = {Learning by Taking Apart: Deconstructing Code by Reading, Tracing, and Debugging},
 booktitle = {Proceedings of the 17th Annual Conference on Information Technology Education},
 series = {SIGITE '16},
 year = {2016},
 isbn = {978-1-4503-4452-4},
 location = {Boston, Massachusetts, USA},
 pages = {148--153},
 numpages = {6},
 url = {http://doi.acm.org/10.1145/2978192.2978231},
 doi = {10.1145/2978192.2978231},
 acmid = {2978231},
 publisher = {ACM},
 address = {New York, NY, USA},
 keywords = {constructionism, cs0, cs1, debugging, deconstructionism, worked examples},
}

@inproceedings{Guo:2017:OAL:3025453.3025945,
 author = {Guo, Philip J.},
 title = {Older Adults Learning Computer Programming: Motivations, Frustrations, and Design Opportunities},
 booktitle = {Proceedings of the 2017 CHI Conference on Human Factors in Computing Systems},
 series = {CHI '17},
 year = {2017},
 isbn = {978-1-4503-4655-9},
 location = {Denver, Colorado, USA},
 pages = {7070--7083},
 numpages = {14},
 url = {http://doi.acm.org/10.1145/3025453.3025945},
 doi = {10.1145/3025453.3025945},
 acmid = {3025945},
 publisher = {ACM},
 address = {New York, NY, USA},
 keywords = {computational literacy, learning programming, older adults},
}

@inproceedings{Ko:2017:CMS:3105726.3106177,
 author = {Ko, Andrew J. and Davis, Katie},
 title = {Computing Mentorship in a Software Boomtown: Relationships to Adolescent Interest and Beliefs},
 booktitle = {Proceedings of the 2017 ACM Conference on International Computing Education Research},
 series = {ICER '17},
 year = {2017},
 isbn = {978-1-4503-4968-0},
 location = {Tacoma, Washington, USA},
 pages = {236--244},
 numpages = {9},
 url = {http://doi.acm.org/10.1145/3105726.3106177},
 doi = {10.1145/3105726.3106177},
 acmid = {3106177},
 publisher = {ACM},
 address = {New York, NY, USA},
 keywords = {computing education, interest development, mentorship},
}

@article{Fields:2017:YCP:3135995.3123815,
 author = {Fields, Deborah A. and Kafai, Yasmin B. and Giang, Michael T.},
 title = {Youth Computational Participation in the Wild: Understanding Experience and Equity in Participating and Programming in the Online Scratch Community},
 journal = {ACM Trans. Comput. Educ.},
 issue_date = {August 2017},
 volume = {17},
 number = {3},
 month = aug,
 year = {2017},
 issn = {1946-6226},
 pages = {15:1--15:22},
 articleno = {15},
 numpages = {22},
 url = {http://doi.acm.org/10.1145/3123815},
 doi = {10.1145/3123815},
 acmid = {3123815},
 publisher = {ACM},
 address = {New York, NY, USA},
 keywords = {Computer science education, collaborative learning, computer supported collaborative learning, educational data mining, equity, learning analytics, social networking forums, social networking sites},
}

@inproceedings{Campbell:2017:CME:3059009.3059027,
 author = {Campbell, Jennifer and Craig, Michelle and Law, Marcus},
 title = {Computing for Medicine: An Experience Report},
 booktitle = {Proceedings of the 2017 ACM Conference on Innovation and Technology in Computer Science Education},
 series = {ITiCSE '17},
 year = {2017},
 isbn = {978-1-4503-4704-4},
 location = {Bologna, Italy},
 pages = {281--286},
 numpages = {6},
 url = {http://doi.acm.org/10.1145/3059009.3059027},
 doi = {10.1145/3059009.3059027},
 acmid = {3059027},
 publisher = {ACM},
 address = {New York, NY, USA},
 keywords = {medicine, non-majors, novice programming},
}

@inproceedings{Qian:2019:UDU:3300115.3309521,
 author = {Qian, Yizhou and Yan, Peilin and Zhou, Mingke},
 title = {Using Data to Understand Difficulties of Learning to Program: A Study with Chinese Middle School Students},
 booktitle = {Proceedings of the ACM Conference on Global Computing Education},
 series = {CompEd '19},
 year = {2019},
 isbn = {978-1-4503-6259-7},
 location = {Chengdu,Sichuan, China},
 pages = {185--191},
 numpages = {7},
 url = {http://doi.acm.org/10.1145/3300115.3309521},
 doi = {10.1145/3300115.3309521},
 acmid = {3309521},
 publisher = {ACM},
 address = {New York, NY, USA},
 keywords = {Chinese middle school students, computing education, difficulties, misconceptions, novice programming},
}

@article{RoBling:2008:ELM:1473195.1473239,
 author = {R\"{o}\ssling, Guido and Joy, Mike and Moreno, Andr{\'e}s and Radenski, Atanas and Malmi, Lauri and Kerren, Andreas and Naps, Thomas and Ross, Rockford J. and Clancy, Michael and Korhonen, Ari and Oechsle, Rainer and Iturbide, J. \'{A}ngel Vel\'{a}zquez},
 title = {Enhancing Learning Management Systems to Better Support Computer Science Education},
 journal = {SIGCSE Bull.},
 issue_date = {December 2008},
 volume = {40},
 number = {4},
 month = nov,
 year = {2008},
 issn = {0097-8418},
 pages = {142--166},
 numpages = {25},
 url = {http://doi.acm.org/10.1145/1473195.1473239},
 doi = {10.1145/1473195.1473239},
 acmid = {1473239},
 publisher = {ACM},
 address = {New York, NY, USA},
 keywords = {CALMS, LMS, computer science education, computing augmented learning management system, learning management system},
}

@inproceedings{Guibert:2005:VDA:1148550.1148569,
 author = {Guibert, Nicolas and Guittet, Laurent and Girard, Patrick},
 title = {Validation D'Une Approche \guillemotleft Bas{\'e}e Sur Exemples ' Pour L'Apprentissage De La Programmation},
 booktitle = {Proceedings of the 17th Conference on L'Interaction Homme-Machine},
 series = {IHM '05},
 year = {2005},
 isbn = {1-59593-192-9},
 location = {Toulouse, France},
 pages = {147--154},
 numpages = {8},
 url = {http://doi.acm.org/10.1145/1148550.1148569},
 doi = {10.1145/1148550.1148569},
 acmid = {1148569},
 publisher = {ACM},
 address = {New York, NY, USA},
 keywords = {computer-aided learning \& teaching, experimentations, programming by demonstration, psychology \& didactics of programming},
}

@inproceedings{Corradini:2017:CMC:3105726.3106194,
 author = {Corradini, Isabella and Lodi, Michael and Nardelli, Enrico},
 title = {Conceptions and Misconceptions About Computational Thinking Among Italian Primary School Teachers},
 booktitle = {Proceedings of the 2017 ACM Conference on International Computing Education Research},
 series = {ICER '17},
 year = {2017},
 isbn = {978-1-4503-4968-0},
 location = {Tacoma, Washington, USA},
 pages = {136--144},
 numpages = {9},
 url = {http://doi.acm.org/10.1145/3105726.3106194},
 doi = {10.1145/3105726.3106194},
 acmid = {3106194},
 publisher = {ACM},
 address = {New York, NY, USA},
 keywords = {computational thinking definition, conceptions and misconceptions, informatics education, primary school teachers},
}

@inproceedings{Ardito:2004:UET:989863.989873,
 author = {Ardito, C. and De Marsico, M. and Lanzilotti, R. and Levialdi, S. and Roselli, T. and Rossano, V. and Tersigni, M.},
 title = {Usability of E-learning Tools},
 booktitle = {Proceedings of the Working Conference on Advanced Visual Interfaces},
 series = {AVI '04},
 year = {2004},
 isbn = {1-58113-867-9},
 location = {Gallipoli, Italy},
 pages = {80--84},
 numpages = {5},
 url = {http://doi.acm.org/10.1145/989863.989873},
 doi = {10.1145/989863.989873},
 acmid = {989873},
 publisher = {ACM},
 address = {New York, NY, USA},
 keywords = {e-learning, learner centered design, usability evaluation},
}

@inproceedings{Prates:2005:EET:1056808.1057006,
 author = {Prates, Raquel Oliveira and de Figueiredo, Rosa Maria Videira},
 title = {An Experience with an Enriched Task Model for Educational Software},
 booktitle = {CHI '05 Extended Abstracts on Human Factors in Computing Systems},
 series = {CHI EA '05},
 year = {2005},
 isbn = {1-59593-002-7},
 location = {Portland, OR, USA},
 pages = {1721--1724},
 numpages = {4},
 url = {http://doi.acm.org/10.1145/1056808.1057006},
 doi = {10.1145/1056808.1057006},
 acmid = {1057006},
 publisher = {ACM},
 address = {New York, NY, USA},
 keywords = {educational applications, scaffolding, task models},
}

@inproceedings{Reding:2017:UTE:3105726.3106185,
 author = {Reding, Tracie Evans and Dorn, Brian},
 title = {Understanding the "Teacher Experience" in Primary and Secondary CS Professional Development},
 booktitle = {Proceedings of the 2017 ACM Conference on International Computing Education Research},
 series = {ICER '17},
 year = {2017},
 isbn = {978-1-4503-4968-0},
 location = {Tacoma, Washington, USA},
 pages = {155--163},
 numpages = {9},
 url = {http://doi.acm.org/10.1145/3105726.3106185},
 doi = {10.1145/3105726.3106185},
 acmid = {3106185},
 publisher = {ACM},
 address = {New York, NY, USA},
 keywords = {teacher experience, teacher professional development},
}

@article{Barr:2016:ICN:3013530.2994590,
 author = {Barr, Valerie and Guzdial, Mark},
 title = {Introducing CS to Newcomers, and JES As a Teaching Tool},
 journal = {Commun. ACM},
 issue_date = {November 2016},
 volume = {59},
 number = {11},
 month = oct,
 year = {2016},
 issn = {0001-0782},
 pages = {10--11},
 numpages = {2},
 url = {http://doi.acm.org/10.1145/2994590},
 doi = {10.1145/2994590},
 acmid = {2994590},
 publisher = {ACM},
 address = {New York, NY, USA},
}

@inproceedings{McGill:2018:MST:3174781.3174783,
 author = {McGill, Monica M. and Johnson, Chris and Atlas, James and Bouchard, Durell and Messom, Chris and Pollock, Ian and Scott, Michael James},
 title = {If Memory Serves: Towards Designing and Evaluating a Game for Teaching Pointers to Undergraduate Students},
 booktitle = {Proceedings of the 2017 ITiCSE Conference on Working Group Reports},
 series = {ITiCSE-WGR '17},
 year = {2017},
 isbn = {978-1-4503-5627-5},
 location = {Bologna, Italy},
 pages = {25--46},
 numpages = {22},
 url = {http://doi.acm.org/10.1145/3174781.3174783},
 doi = {10.1145/3174781.3174783},
 acmid = {3174783},
 publisher = {ACM},
 address = {New York, NY, USA},
 keywords = {computer memory, design, development, educational, games, learning, pointers, research methods, serious, validation framework},
}

@inproceedings{Moher:2008:LPP:1599871.1599882,
 author = {Moher, Tom},
 title = {Learning and Participation in a Persistent Whole-classroom Seismology Simulation},
 booktitle = {Proceedings of the 8th International Conference on International Conference for the Learning Sciences - Volume 2},
 series = {ICLS'08},
 year = {2008},
 location = {Utrecht, The Netherlands},
 pages = {82--90},
 numpages = {9},
 url = {http://dl.acm.org/citation.cfm?id=1599871.1599882},
 acmid = {1599882},
 publisher = {International Society of the Learning Sciences},
}

@inproceedings{Resnick:1998:DMN:274644.274684,
 author = {Resnick, Mitchel and Martin, Fred and Berg, Robert and Borovoy, Rick and Colella, Vanessa and Kramer, Kwin and Silverman, Brian},
 title = {Digital Manipulatives: New Toys to Think with},
 booktitle = {Proceedings of the SIGCHI Conference on Human Factors in Computing Systems},
 series = {CHI '98},
 year = {1998},
 isbn = {0-201-30987-4},
 location = {Los Angeles, California, USA},
 pages = {281--287},
 numpages = {7},
 url = {http://dx.doi.org/10.1145/274644.274684},
 doi = {10.1145/274644.274684},
 acmid = {274684},
 publisher = {ACM Press/Addison-Wesley Publishing Co.},
 address = {New York, NY, USA},
 keywords = {children, education, learning, ubiquitous computing},
}

@inproceedings{Doore:2015:MCM:2769458.2769471,
 author = {Doore, Karen and Vega, David and Fishwick, Paul},
 title = {A Media-Rich Curriculum for Modeling and Simulation},
 booktitle = {Proceedings of the 3rd ACM SIGSIM Conference on Principles of Advanced Discrete Simulation},
 series = {SIGSIM PADS '15},
 year = {2015},
 isbn = {978-1-4503-3583-6},
 location = {London, United Kingdom},
 pages = {23--34},
 numpages = {12},
 url = {http://doi.acm.org/10.1145/2769458.2769471},
 doi = {10.1145/2769458.2769471},
 acmid = {2769471},
 publisher = {ACM},
 address = {New York, NY, USA},
 keywords = {creativity, data flow, education, iot, max/msp, microcontrollers, modeling and simulation, petri nets},
}

@inproceedings{Lukkarinen:2016:CTC:2999541.2999551,
 author = {Lukkarinen, Aleksi and Sorva, Juha},
 title = {Classifying the Tools of Contextualized Programming Education and Forms of Media Computation},
 booktitle = {Proceedings of the 16th Koli Calling International Conference on Computing Education Research},
 series = {Koli Calling '16},
 year = {2016},
 isbn = {978-1-4503-4770-9},
 location = {Koli, Finland},
 pages = {51--60},
 numpages = {10},
 url = {http://doi.acm.org/10.1145/2999541.2999551},
 doi = {10.1145/2999541.2999551},
 acmid = {2999551},
 publisher = {ACM},
 address = {New York, NY, USA},
 keywords = {classification, contextualized education, media computation, programming education, review, tools},
}

@inproceedings{Hogue:2010:SGC:1994486.1994494,
 author = {Hogue, Andrew and Kapralos, Bill and Pierce, Teresa},
 title = {A Serious Game for Collaborative Intercultural Business Communication},
 booktitle = {Proceedings of the 13th International Conference on Humans and Computers},
 series = {HC '10},
 year = {2010},
 location = {Aizu-Wakamatsu, Japan},
 pages = {15--21},
 numpages = {7},
 url = {http://dl.acm.org/citation.cfm?id=1994486.1994494},
 acmid = {1994494},
 publisher = {University of Aizu Press},
 address = {Fukushima-ken, Japan, Japan},
 keywords = {Second Life, collaborative learning environment, cultural sensitivity, interactive learning, learner-centered teaching, serious games},
}

@inproceedings{Wallace:1998:ALD:274644.274673,
 author = {Wallace, Raven and Soloway, Elliot and Krajcik, Joseph and Bos, Nathan and Hoffman, Joseph and Hunter, Heather Eccleston and Kiskis, Dan and Klann, Elisabeth and Peters, Greg and Richardson, David and Ronen, Ofer},
 title = {ARTEMIS: Learner-centered Design of an Information Seeking Environment for K-12 Education},
 booktitle = {Proceedings of the SIGCHI Conference on Human Factors in Computing Systems},
 series = {CHI '98},
 year = {1998},
 isbn = {0-201-30987-4},
 location = {Los Angeles, California, USA},
 pages = {195--202},
 numpages = {8},
 url = {http://dx.doi.org/10.1145/274644.274673},
 doi = {10.1145/274644.274673},
 acmid = {274673},
 publisher = {ACM Press/Addison-Wesley Publishing Co.},
 address = {New York, NY, USA},
 keywords = {K-12 education, digital libraries, information seeking, learner-centered design},
}

@inproceedings{Warner:2017:HEC:3105726.3106174,
 author = {Warner, Jeremy and Guo, Philip J.},
 title = {Hack.Edu: Examining How College Hackathons Are Perceived By Student Attendees and Non-Attendees},
 booktitle = {Proceedings of the 2017 ACM Conference on International Computing Education Research},
 series = {ICER '17},
 year = {2017},
 isbn = {978-1-4503-4968-0},
 location = {Tacoma, Washington, USA},
 pages = {254--262},
 numpages = {9},
 url = {http://doi.acm.org/10.1145/3105726.3106174},
 doi = {10.1145/3105726.3106174},
 acmid = {3106174},
 publisher = {ACM},
 address = {New York, NY, USA},
 keywords = {college hackathon, informal learning, situated learning},
}

@inproceedings{Hoffman:2019:SEK:3287324.3287438,
 author = {Hoffman, Beryl and Morelli, Ralph and Rosato, Jennifer},
 title = {Student Engagement is Key to Broadening Participation in CS},
 booktitle = {Proceedings of the 50th ACM Technical Symposium on Computer Science Education},
 series = {SIGCSE '19},
 year = {2019},
 isbn = {978-1-4503-5890-3},
 location = {Minneapolis, MN, USA},
 pages = {1123--1129},
 numpages = {7},
 url = {http://doi.acm.org/10.1145/3287324.3287438},
 doi = {10.1145/3287324.3287438},
 acmid = {3287438},
 publisher = {ACM},
 address = {New York, NY, USA},
 keywords = {ap csp, app inventor, broadening participation, mobile csp, student engagement},
}

@inproceedings{Rau:2013:WIL:2470654.2470670,
 author = {Rau, Martina A. and Aleven, Vincent and Rummel, Nikol and Rohrbach, Stacie},
 title = {Why Interactive Learning Environments Can Have It All: Resolving Design Conflicts Between Competing Goals},
 booktitle = {Proceedings of the SIGCHI Conference on Human Factors in Computing Systems},
 series = {CHI '13},
 year = {2013},
 isbn = {978-1-4503-1899-0},
 location = {Paris, France},
 pages = {109--118},
 numpages = {10},
 url = {http://doi.acm.org/10.1145/2470654.2470670},
 doi = {10.1145/2470654.2470670},
 acmid = {2470670},
 publisher = {ACM},
 address = {New York, NY, USA},
 keywords = {cognitive tutors, design conflicts, instructional design, interactive learning environments},
}

@inproceedings{Ericson:2016:IDP:2960310.2960335,
 author = {Ericson, Barbara J. and Rogers, Kantwon and Parker, Miranda and Morrison, Briana and Guzdial, Mark},
 title = {Identifying Design Principles for CS Teacher Ebooks Through Design-Based Research},
 booktitle = {Proceedings of the 2016 ACM Conference on International Computing Education Research},
 series = {ICER '16},
 year = {2016},
 isbn = {978-1-4503-4449-4},
 location = {Melbourne, VIC, Australia},
 pages = {191--200},
 numpages = {10},
 url = {http://doi.acm.org/10.1145/2960310.2960335},
 doi = {10.1145/2960310.2960335},
 acmid = {2960335},
 publisher = {ACM},
 address = {New York, NY, USA},
 keywords = {design-based research, ebooks, electronic books, high school teacher professional development},
}

@inproceedings{Kuhn:2012:SFE:2207676.2208719,
 author = {Kuhn, Alex and McNally, Brenna and Schmoll, Shannon and Cahill, Clara and Lo, Wan-Tzu and Quintana, Chris and Delen, Ibrahim},
 title = {How Students Find, Evaluate and Utilize Peer-collected Annotated Multimedia Data in Science Inquiry with Zydeco},
 booktitle = {Proceedings of the SIGCHI Conference on Human Factors in Computing Systems},
 series = {CHI '12},
 year = {2012},
 isbn = {978-1-4503-1015-4},
 location = {Austin, Texas, USA},
 pages = {3061--3070},
 numpages = {10},
 url = {http://doi.acm.org/10.1145/2207676.2208719},
 doi = {10.1145/2207676.2208719},
 acmid = {2208719},
 publisher = {ACM},
 address = {New York, NY, USA},
 keywords = {children and technology, learner-centered design, mobile computing, science inquiry, tagging},
}

@inproceedings{Senske:2017:EIR:3017680.3017750,
 author = {Senske, Nick},
 title = {Evaluation and Impact of a Required Computational Thinking Course for Architecture Students},
 booktitle = {Proceedings of the 2017 ACM SIGCSE Technical Symposium on Computer Science Education},
 series = {SIGCSE '17},
 year = {2017},
 isbn = {978-1-4503-4698-6},
 location = {Seattle, Washington, USA},
 pages = {525--530},
 numpages = {6},
 url = {http://doi.acm.org/10.1145/3017680.3017750},
 doi = {10.1145/3017680.3017750},
 acmid = {3017750},
 publisher = {ACM},
 address = {New York, NY, USA},
 keywords = {architecture (field), computational design, computational thinking, flipped classrooms, media computation, non-majors, peer learning, peer programming},
}

@article{diSessa:1999:SL:311147.311150,
 author = {diSessa, Andrea A.},
 title = {How Should Students Learn?},
 journal = {SIGDOC Asterisk J. Comput. Doc.},
 issue_date = {May 1999},
 volume = {23},
 number = {2},
 month = may,
 year = {1999},
 issn = {0731-1001},
 pages = {14--18},
 numpages = {5},
 url = {http://doi.acm.org/10.1145/311147.311150},
 doi = {10.1145/311147.311150},
 acmid = {311150},
 publisher = {ACM},
 address = {New York, NY, USA},
}

@inproceedings{Kross:2019:PTD:3290605.3300493,
 author = {Kross, Sean and Guo, Philip J.},
 title = {Practitioners Teaching Data Science in Industry and Academia: Expectations, Workflows, and Challenges},
 booktitle = {Proceedings of the 2019 CHI Conference on Human Factors in Computing Systems},
 series = {CHI '19},
 year = {2019},
 isbn = {978-1-4503-5970-2},
 location = {Glasgow, Scotland Uk},
 pages = {263:1--263:14},
 articleno = {263},
 numpages = {14},
 url = {http://doi.acm.org/10.1145/3290605.3300493},
 doi = {10.1145/3290605.3300493},
 acmid = {3300493},
 publisher = {ACM},
 address = {New York, NY, USA},
 keywords = {data science education, teaching programming},
}

@inproceedings{Zingaro:2018:ISD:3230977.3231005,
 author = {Zingaro, Daniel and Taylor, Cynthia and Porter, Leo and Clancy, Michael and Lee, Cynthia and Nam Liao, Soohyun and Webb, Kevin C.},
 title = {Identifying Student Difficulties with Basic Data Structures},
 booktitle = {Proceedings of the 2018 ACM Conference on International Computing Education Research},
 series = {ICER '18},
 year = {2018},
 isbn = {978-1-4503-5628-2},
 location = {Espoo, Finland},
 pages = {169--177},
 numpages = {9},
 url = {http://doi.acm.org/10.1145/3230977.3231005},
 doi = {10.1145/3230977.3231005},
 acmid = {3231005},
 publisher = {ACM},
 address = {New York, NY, USA},
 keywords = {cs2, data structures, difficulties},
}

@inproceedings{Kuhn:2010:SSI:1753846.1753987,
 author = {Kuhn, Alex and Cahill, Clara and Quintana, Chris and Soloway, Elliot},
 title = {Scaffolding Science Inquiry in Museums with Zydeco},
 booktitle = {CHI '10 Extended Abstracts on Human Factors in Computing Systems},
 series = {CHI EA '10},
 year = {2010},
 isbn = {978-1-60558-930-5},
 location = {Atlanta, Georgia, USA},
 pages = {3373--3378},
 numpages = {6},
 url = {http://doi.acm.org/10.1145/1753846.1753987},
 doi = {10.1145/1753846.1753987},
 acmid = {1753987},
 publisher = {ACM},
 address = {New York, NY, USA},
 keywords = {adaptive scaffolding, collaboration, context-aware, learner-centered design, mobile computing, science inquiry learning},
}

@inproceedings{Lee:2019:CIP:3300115.3309505,
 author = {Lee, Michael J. and Geller, James},
 title = {CodeSport: Increasing Participation in Programming UsingCoding Tournaments As an Alternative to Hackathons},
 booktitle = {Proceedings of the ACM Conference on Global Computing Education},
 series = {CompEd '19},
 year = {2019},
 isbn = {978-1-4503-6259-7},
 location = {Chengdu,Sichuan, China},
 pages = {9--15},
 numpages = {7},
 url = {http://doi.acm.org/10.1145/3300115.3309505},
 doi = {10.1145/3300115.3309505},
 acmid = {3309505},
 publisher = {ACM},
 address = {New York, NY, USA},
 keywords = {broadening participation, computing education, hackathons},
}

@inproceedings{Thomas:1992:DCK:142750.142883,
 author = {Thomas, Anne Nicol and Pellegrino, James and Rowley, Peter and Scardamalia, Marlene and Soloway, Elliot and Webb, Jim},
 title = {Designing Collaborative, Knowledge-building Environments for Tomorrow's Schools},
 booktitle = {Proceedings of the SIGCHI Conference on Human Factors in Computing Systems},
 series = {CHI '92},
 year = {1992},
 isbn = {0-89791-513-5},
 location = {Monterey, California, USA},
 pages = {427--430},
 numpages = {4},
 url = {http://doi.acm.org/10.1145/142750.142883},
 doi = {10.1145/142750.142883},
 acmid = {142883},
 publisher = {ACM},
 address = {New York, NY, USA},
 keywords = {collaborative learning, education, knowledge-building},
}

@article{Jackson:1996:LTS:227210.227224,
 author = {Jackson, Shari L. and Stratford, Steven J. and Krajcik, Joseph and Soloway, Elliot},
 title = {A Learner-centered Tool for Students Building Models},
 journal = {Commun. ACM},
 issue_date = {April 1996},
 volume = {39},
 number = {4},
 month = apr,
 year = {1996},
 issn = {0001-0782},
 pages = {48--49},
 numpages = {2},
 url = {http://doi.acm.org/10.1145/227210.227224},
 doi = {10.1145/227210.227224},
 acmid = {227224},
 publisher = {ACM},
 address = {New York, NY, USA},
}

@inproceedings{Dorn:2010:LJC:1753326.1753430,
 author = {Dorn, Brian and Guzdial, Mark},
 title = {Learning on the Job: Characterizing the Programming Knowledge and Learning Strategies of Web Designers},
 booktitle = {Proceedings of the SIGCHI Conference on Human Factors in Computing Systems},
 series = {CHI '10},
 year = {2010},
 isbn = {978-1-60558-929-9},
 location = {Atlanta, Georgia, USA},
 pages = {703--712},
 numpages = {10},
 url = {http://doi.acm.org/10.1145/1753326.1753430},
 doi = {10.1145/1753326.1753430},
 acmid = {1753430},
 publisher = {ACM},
 address = {New York, NY, USA},
 keywords = {informal learning, web development},
}

@inproceedings{Kasto:2014:SS:2667490.2667506,
 author = {Kasto, Nadia and Whalley, Jacqueline and Philpott, Anne and Whalley, David},
 title = {Solution Spaces},
 booktitle = {Proceedings of the Sixteenth Australasian Computing Education Conference - Volume 148},
 series = {ACE '14},
 year = {2014},
 isbn = {978-1-921770-31-9},
 location = {Auckland, New Zealand},
 pages = {133--137},
 numpages = {5},
 url = {http://dl.acm.org/citation.cfm?id=2667490.2667506},
 acmid = {2667506},
 publisher = {Australian Computer Society, Inc.},
 address = {Darlinghurst, Australia, Australia},
 keywords = {assessment, code writing, novice programmers, task complexity},
}

@inproceedings{Han:2008:EEM:1599812.1599850,
 author = {Han, In Sook and Kinzer, Charles K.},
 title = {Examining the Effectiveness of a Multimedia Case-based Environment for Teaching Technology Integration to Korean Preservice Teachers},
 booktitle = {Proceedings of the 8th International Conference on International Conference for the Learning Sciences - Volume 1},
 series = {ICLS'08},
 year = {2008},
 location = {Utrecht, The Netherlands},
 pages = {319--326},
 numpages = {8},
 url = {http://dl.acm.org/citation.cfm?id=1599812.1599850},
 acmid = {1599850},
 publisher = {International Society of the Learning Sciences},
}

@inproceedings{Cahill:2011:MLM:1999030.1999033,
 author = {Cahill, Clara and Kuhn, Alex and Schmoll, Shannon and Lo, Wan-Tzu and McNally, Brenna and Quintana, Chris},
 title = {Mobile Learning in Museums: How Mobile Supports for Learning Influence Student Behavior},
 booktitle = {Proceedings of the 10th International Conference on Interaction Design and Children},
 series = {IDC '11},
 year = {2011},
 isbn = {978-1-4503-0751-2},
 location = {Ann Arbor, Michigan},
 pages = {21--28},
 numpages = {8},
 url = {http://doi.acm.org/10.1145/1999030.1999033},
 doi = {10.1145/1999030.1999033},
 acmid = {1999033},
 publisher = {ACM},
 address = {New York, NY, USA},
 keywords = {informal learning, learner-centered design, mobile devices, mobile learning, museums, nomadic inquiry, scaffolding},
}

@article{Watters:1998:DAU:268092.268113,
 author = {Watters, Carolyn and Conley, Marshall and Alexander, Cynthia},
 title = {The Digital Agora: Using Technology for Learning in the Social Sciences},
 journal = {Commun. ACM},
 issue_date = {Jan. 1998},
 volume = {41},
 number = {1},
 month = jan,
 year = {1998},
 issn = {0001-0782},
 pages = {50--57},
 numpages = {8},
 url = {http://doi.acm.org/10.1145/268092.268113},
 doi = {10.1145/268092.268113},
 acmid = {268113},
 publisher = {ACM},
 address = {New York, NY, USA},
}

@article{Holzinger:2005:LSM:1125280.1125284,
 author = {Holzinger, Andreas and Nischelwitzer, Alexander and Meisenberger, Matthias},
 title = {Lifelong-learning Support by M-learning: Example Scenarios},
 journal = {eLearn},
 issue_date = {November 2005},
 volume = {2005},
 number = {11},
 month = nov,
 year = {2005},
 issn = {1535-394X},
 pages = {2--},
 url = {http://doi.acm.org/10.1145/1125280.1125284},
 doi = {10.1145/1125280.1125284},
 acmid = {1125284},
 publisher = {ACM},
 address = {New York, NY, USA},
}

@article{Vat:2001:WAS:775339.775391,
 author = {Vat, Kam Hou},
 title = {Web-based Asynchronous Support for Collaborative Learning},
 journal = {J. Comput. Sci. Coll.},
 issue_date = {December 2001},
 volume = {17},
 number = {2},
 month = dec,
 year = {2001},
 issn = {1937-4771},
 pages = {326--344},
 numpages = {19},
 url = {http://dl.acm.org/citation.cfm?id=775339.775391},
 acmid = {775391},
 publisher = {Consortium for Computing Sciences in Colleges},
 address = {USA},
}

@inproceedings{Adams:1996:IMP:237466.237646,
 author = {Adams, Elizabeth S. and Carswell, Linda and Kumar, Amruth and Meyer, Jeanine and Ellis, Ainslie and Hall, Patrick and Motil, John},
 title = {Interactive Multimedia Pedagogies: Report of the Working Group on Interactive Multimedia Pedagogy},
 booktitle = {Proceedings of the 1st Conference on Integrating Technology into Computer Science Education},
 series = {ITiCSE '96},
 year = {1996},
 isbn = {0-89791-844-4},
 location = {Barcelona, Spain},
 pages = {182--191},
 numpages = {10},
 url = {http://doi.acm.org/10.1145/237466.237646},
 doi = {10.1145/237466.237646},
 acmid = {237646},
 publisher = {ACM},
 address = {New York, NY, USA},
}

@article{Adams:1996:IMP:1013718.237646,
 author = {Adams, Elizabeth S. and Carswell, Linda and Kumar, Amruth and Meyer, Jeanine and Ellis, Ainslie and Hall, Patrick and Motil, John},
 title = {Interactive Multimedia Pedagogies: Report of the Working Group on Interactive Multimedia Pedagogy},
 journal = {SIGCUE Outlook},
 issue_date = {Jan.-July, 1996},
 volume = {24},
 number = {1-3},
 month = jan,
 year = {1996},
 issn = {0163-5735},
 pages = {182--191},
 numpages = {10},
 url = {http://doi.acm.org/10.1145/1013718.237646},
 doi = {10.1145/1013718.237646},
 acmid = {237646},
 publisher = {ACM},
 address = {New York, NY, USA},
}

@article{Adams:1996:IMP:237477.237646,
 author = {Adams, Elizabeth S. and Carswell, Linda and Kumar, Amruth and Meyer, Jeanine and Ellis, Ainslie and Hall, Patrick and Motil, John},
 title = {Interactive Multimedia Pedagogies: Report of the Working Group on Interactive Multimedia Pedagogy},
 journal = {SIGCSE Bull.},
 issue_date = {1996},
 volume = {28},
 number = {SI},
 month = jan,
 year = {1996},
 issn = {0097-8418},
 pages = {182--191},
 numpages = {10},
 url = {http://doi.acm.org/10.1145/237477.237646},
 doi = {10.1145/237477.237646},
 acmid = {237646},
 publisher = {ACM},
 address = {New York, NY, USA},
}

@inproceedings{Aggarwal:2018:DAE:3159450.3159488,
 author = {Aggarwal, Ashish and Touretzky, David S. and Gardner-McCune, Christina},
 title = {Demonstrating the Ability of Elementary School Students to Reason About Programs},
 booktitle = {Proceedings of the 49th ACM Technical Symposium on Computer Science Education},
 series = {SIGCSE '18},
 year = {2018},
 isbn = {978-1-4503-5103-4},
 location = {Baltimore, Maryland, USA},
 pages = {735--740},
 numpages = {6},
 url = {http://doi.acm.org/10.1145/3159450.3159488},
 doi = {10.1145/3159450.3159488},
 acmid = {3159488},
 publisher = {ACM},
 address = {New York, NY, USA},
 keywords = {K-12 CS education, computational thinking, curriculum, mental simulation, reasoning ability},
}

@inproceedings{Touretzky:2017:SRY:3017680.3017787,
 author = {Touretzky, David S. and Gardner-McCune, Christina and Aggarwal, Ashish},
 title = {Semantic Reasoning in Young Programmers},
 booktitle = {Proceedings of the 2017 ACM SIGCSE Technical Symposium on Computer Science Education},
 series = {SIGCSE '17},
 year = {2017},
 isbn = {978-1-4503-4698-6},
 location = {Seattle, Washington, USA},
 pages = {585--590},
 numpages = {6},
 url = {http://doi.acm.org/10.1145/3017680.3017787},
 doi = {10.1145/3017680.3017787},
 acmid = {3017787},
 publisher = {ACM},
 address = {New York, NY, USA},
 keywords = {formal reasoning, kodu game lab, programming idioms},
}

@inproceedings{Marinus:2018:UCC:3230977.3230984,
 author = {Marinus, Eva and Powell, Zoe and Thornton, Rosalind and McArthur, Genevieve and Crain, Stephen},
 title = {Unravelling the Cognition of Coding in 3-to-6-year Olds: The Development of an Assessment Tool and the Relation Between Coding Ability and Cognitive Compiling of Syntax in Natural Language},
 booktitle = {Proceedings of the 2018 ACM Conference on International Computing Education Research},
 series = {ICER '18},
 year = {2018},
 isbn = {978-1-4503-5628-2},
 location = {Espoo, Finland},
 pages = {133--141},
 numpages = {9},
 url = {http://doi.acm.org/10.1145/3230977.3230984},
 doi = {10.1145/3230977.3230984},
 acmid = {3230984},
 publisher = {ACM},
 address = {New York, NY, USA},
 keywords = {, natural language ability, assessment, children, coding, cognitive compiling, kindergarten, nonverbal intelligence, preschool, programming},
}

@inproceedings{Tedre:2016:LQC:2999541.2999542,
 author = {Tedre, Matti and Denning, Peter J.},
 title = {The Long Quest for Computational Thinking},
 booktitle = {Proceedings of the 16th Koli Calling International Conference on Computing Education Research},
 series = {Koli Calling '16},
 year = {2016},
 isbn = {978-1-4503-4770-9},
 location = {Koli, Finland},
 pages = {120--129},
 numpages = {10},
 url = {http://doi.acm.org/10.1145/2999541.2999542},
 doi = {10.1145/2999541.2999542},
 acmid = {2999542},
 publisher = {ACM},
 address = {New York, NY, USA},
 keywords = {CSER, computational ideas, computational thinking, computer science education, disciplinary ways of thinking and practicing, history of computational thinking},
}

@article{Magana:2013:IDC:2543488.2534971,
 author = {Magana, Alejandra J. and Falk, Michael L. and Reese,Jr., Michael J.},
 title = {Introducing Discipline-Based Computing in Undergraduate Engineering Education},
 journal = {Trans. Comput. Educ.},
 issue_date = {November 2013},
 volume = {13},
 number = {4},
 month = nov,
 year = {2013},
 issn = {1946-6226},
 pages = {16:1--16:22},
 articleno = {16},
 numpages = {22},
 url = {http://doi.acm.org/10.1145/2534971},
 doi = {10.1145/2534971},
 acmid = {2534971},
 publisher = {ACM},
 address = {New York, NY, USA},
 keywords = {Innovative pedagogies, discipline-based computing, engineering domains, how people learn framework, student-centered pedagogies},
}

@article{Richards:2009:DPC:1513593.1513595,
 author = {Richards, Debbie},
 title = {Designing Project-Based Courses with a Focus on Group Formation and Assessment},
 journal = {Trans. Comput. Educ.},
 issue_date = {March 2009},
 volume = {9},
 number = {1},
 month = mar,
 year = {2009},
 issn = {1946-6226},
 pages = {2:1--2:40},
 articleno = {2},
 numpages = {40},
 url = {http://doi.acm.org/10.1145/1513593.1513595},
 doi = {10.1145/1513593.1513595},
 acmid = {1513595},
 publisher = {ACM},
 address = {New York, NY, USA},
 keywords = {Group-based courses, assessment, group formation},
}

@inproceedings{Cahill:2010:ZUM:1810543.1810564,
 author = {Cahill, Clara and Kuhn, Alex and Schmoll, Shannon and Pompe, Alex and Quintana, Chris},
 title = {Zydeco: Using Mobile and Web Technologies to Support Seamless Inquiry Between Museum and School Contexts},
 booktitle = {Proceedings of the 9th International Conference on Interaction Design and Children},
 series = {IDC '10},
 year = {2010},
 isbn = {978-1-60558-951-0},
 location = {Barcelona, Spain},
 pages = {174--177},
 numpages = {4},
 url = {http://doi.acm.org/10.1145/1810543.1810564},
 doi = {10.1145/1810543.1810564},
 acmid = {1810564},
 publisher = {ACM},
 address = {New York, NY, USA},
 keywords = {informal learning, learner-centered design, mobile devices, mobile learning, museums, nomadic inquiry, scaffolding},
}

@article{Wang:2012:IDE:2038772.2038801,
 author = {Wang, Xiaohong (Sophie) and Souders, Joshua},
 title = {Improving Debugging Education Through Applied Learning},
 journal = {J. Comput. Sci. Coll.},
 issue_date = {January 2012},
 volume = {27},
 number = {3},
 month = jan,
 year = {2012},
 issn = {1937-4771},
 pages = {138--145},
 numpages = {8},
 url = {http://dl.acm.org/citation.cfm?id=2038772.2038801},
 acmid = {2038801},
 publisher = {Consortium for Computing Sciences in Colleges},
 address = {USA},
}

@inproceedings{Schreurs:2013:VSL:2460296.2460305,
 author = {Schreurs, Bieke and Teplovs, Chris and Ferguson, Rebecca and de Laat, Maarten and Buckingham Shum, Simon},
 title = {Visualizing Social Learning Ties by Type and Topic: Rationale and Concept Demonstrator},
 booktitle = {Proceedings of the Third International Conference on Learning Analytics and Knowledge},
 series = {LAK '13},
 year = {2013},
 isbn = {978-1-4503-1785-6},
 location = {Leuven, Belgium},
 pages = {33--37},
 numpages = {5},
 url = {http://doi.acm.org/10.1145/2460296.2460305},
 doi = {10.1145/2460296.2460305},
 acmid = {2460305},
 publisher = {ACM},
 address = {New York, NY, USA},
 keywords = {networked learning, social learning analytics, social network analysis, visualization},
}

@inproceedings{Aslan:2019:IIR:3290605.3300534,
 author = {Aslan, Sinem and Alyuz, Nese and Tanriover, Cagri and Mete, Sinem E. and Okur, Eda and D'Mello, Sidney K. and Arslan Esme, Asli},
 title = {Investigating the Impact of a Real-time, Multimodal Student Engagement Analytics Technology in Authentic Classrooms},
 booktitle = {Proceedings of the 2019 CHI Conference on Human Factors in Computing Systems},
 series = {CHI '19},
 year = {2019},
 isbn = {978-1-4503-5970-2},
 location = {Glasgow, Scotland Uk},
 pages = {304:1--304:12},
 articleno = {304},
 numpages = {12},
 url = {http://doi.acm.org/10.1145/3290605.3300534},
 doi = {10.1145/3290605.3300534},
 acmid = {3300534},
 publisher = {ACM},
 address = {New York, NY, USA},
 keywords = {affective computing, dashboards, learning analytics, real-time, student engagement},
}

@inproceedings{Scott:2013:PIP:2502081.2502209,
 author = {Scott, Michael James},
 title = {Projective Identity and Procedural Rhetoric in Educational Multimedia: Towards the Enrichment of Programming Self-concept and Growth Mindset with Fantasy Role-play},
 booktitle = {Proceedings of the 21st ACM International Conference on Multimedia},
 series = {MM '13},
 year = {2013},
 isbn = {978-1-4503-2404-5},
 location = {Barcelona, Spain},
 pages = {1031--1034},
 numpages = {4},
 url = {http://doi.acm.org/10.1145/2502081.2502209},
 doi = {10.1145/2502081.2502209},
 acmid = {2502209},
 publisher = {ACM},
 address = {New York, NY, USA},
 keywords = {education, fantasy, implicit beliefs, learning, mindset, multimedia, procedural rhetoric, programming, projective identity, role-play, self-concept, self-enhancement},
}

@inproceedings{deOliveira:2010:CSA:1999593.1999599,
 author = {de Oliveira, Erica R. and Prates, Raquel O. and Werneck, Gisleide A. M.},
 title = {Considera\c{C}\~{O}Es Sobre Aplica\c{C}\~{A}O Do M\'{E}Todo De Avalia\c{C}\~{A}O De Comunicabilidade Ao Dom\'{I}Nio Educacional},
 booktitle = {Proceedings of the IX Symposium on Human Factors in Computing Systems},
 series = {IHC '10},
 year = {2010},
 location = {Belo Horizonte, Minas Gerais, Brazil},
 pages = {41--50},
 numpages = {10},
 url = {http://dl.acm.org/citation.cfm?id=1999593.1999599},
 acmid = {1999599},
 publisher = {Brazilian Computer Society},
 address = {Porto Alegre, Brazil, Brazil},
 keywords = {communicability evaluation method, educational software, semiotic engineering},
}

@inproceedings{Hirano:2010:VES:1753326.1753569,
 author = {Hirano, Sen H. and Yeganyan, Michael T. and Marcu, Gabriela and Nguyen, David H. and Boyd, Lou Anne and Hayes, Gillian R.},
 title = {vSked: Evaluation of a System to Support Classroom Activities for Children with Autism},
 booktitle = {Proceedings of the SIGCHI Conference on Human Factors in Computing Systems},
 series = {CHI '10},
 year = {2010},
 isbn = {978-1-60558-929-9},
 location = {Atlanta, Georgia, USA},
 pages = {1633--1642},
 numpages = {10},
 url = {http://doi.acm.org/10.1145/1753326.1753569},
 doi = {10.1145/1753326.1753569},
 acmid = {1753569},
 publisher = {ACM},
 address = {New York, NY, USA},
 keywords = {assistive technology, autism, education, visual supports},
}

@article{Soloway:2000:LEK:323830.323838,
 author = {Soloway, Elliot and Norris, Cathleen and Blumenfeld, Phyllis and Fishman, Barry and Krajcik, Joseph and Marx, Ronald},
 title = {Log on Education: K-12 and the Internet},
 journal = {Commun. ACM},
 issue_date = {Jan. 2000},
 volume = {43},
 number = {1},
 month = jan,
 year = {2000},
 issn = {0001-0782},
 pages = {19--},
 url = {http://doi.acm.org/10.1145/323830.323838},
 doi = {10.1145/323830.323838},
 acmid = {323838},
 publisher = {ACM},
 address = {New York, NY, USA},
}

@article{Pea:1993:CVP:155049.155063,
 author = {Pea, Roy D.},
 title = {The Collaborative Visualization Project},
 journal = {Commun. ACM},
 issue_date = {May 1993},
 volume = {36},
 number = {5},
 month = may,
 year = {1993},
 issn = {0001-0782},
 pages = {60--63},
 numpages = {4},
 url = {http://doi.acm.org/10.1145/155049.155063},
 doi = {10.1145/155049.155063},
 acmid = {155063},
 publisher = {ACM},
 address = {New York, NY, USA},
}

@article{Guzdial:2016:SBC:2907055.2892708,
 author = {Guzdial, Mark and Arquilla, John},
 title = {Sampling Bias in CS Education, and Where's the Cyber Strategy?},
 journal = {Commun. ACM},
 issue_date = {April 2016},
 volume = {59},
 number = {4},
 month = mar,
 year = {2016},
 issn = {0001-0782},
 pages = {10--11},
 numpages = {2},
 url = {http://doi.acm.org/10.1145/2892708},
 doi = {10.1145/2892708},
 acmid = {2892708},
 publisher = {ACM},
 address = {New York, NY, USA},
}

@inproceedings{Smith:1998:NGU:274644.274702,
 author = {Smith, Brian K. and Reiser, Brian J.},
 title = {National Geographic Unplugged: Classroom-centered Design of Interactive Nature Films},
 booktitle = {Proceedings of the SIGCHI Conference on Human Factors in Computing Systems},
 series = {CHI '98},
 year = {1998},
 isbn = {0-201-30987-4},
 location = {Los Angeles, California, USA},
 pages = {424--431},
 numpages = {8},
 url = {http://dx.doi.org/10.1145/274644.274702},
 doi = {10.1145/274644.274702},
 acmid = {274702},
 publisher = {ACM Press/Addison-Wesley Publishing Co.},
 address = {New York, NY, USA},
 keywords = {children, collaborative learning, educational applications, interaction design, multimedia, social issues, video},
}

@article{Resnick:1996:PSC:234757.234762,
 author = {Resnick, Mitchel and Bruckman, Amy and Martin, Fred},
 title = {Pianos Not Stereos: Creating Computational Construction Kits},
 journal = {interactions},
 issue_date = {Sept./Oct. 1996},
 volume = {3},
 number = {5},
 month = sep,
 year = {1996},
 issn = {1072-5520},
 pages = {40--50},
 numpages = {11},
 url = {http://doi.acm.org/10.1145/234757.234762},
 doi = {10.1145/234757.234762},
 acmid = {234762},
 publisher = {ACM},
 address = {New York, NY, USA},
}

@inproceedings{An:2019:UER:3290605.3300321,
 author = {An, Pengcheng and Bakker, Saskia and Ordanovski, Sara and Taconis, Ruurd and Paffen, Chris L.E. and Eggen, Berry},
 title = {Unobtrusively Enhancing Reflection-in-Action of Teachers Through Spatially Distributed Ambient Information},
 booktitle = {Proceedings of the 2019 CHI Conference on Human Factors in Computing Systems},
 series = {CHI '19},
 year = {2019},
 isbn = {978-1-4503-5970-2},
 location = {Glasgow, Scotland Uk},
 pages = {91:1--91:14},
 articleno = {91},
 numpages = {14},
 url = {http://doi.acm.org/10.1145/3290605.3300321},
 doi = {10.1145/3290605.3300321},
 acmid = {3300321},
 publisher = {ACM},
 address = {New York, NY, USA},
 keywords = {ambient information system, distributed cognition, periphery of attention, reflection-in-action, reflective practitioner, teacher},
}

@inproceedings{Wecker:2009:SSS:1600053.1600127,
 author = {Wecker, Christof and Stegmann, Karsten and Bernstein, Florian and Huber, Michael J. and Kalus, Georg and Rathmayer, Sabine and Kollar, Ingo and Fischer, Frank},
 title = {Sustainable Script and Scaffold Development for Collaboration on Varying Web Content: The S-COL Technological Approach},
 booktitle = {Proceedings of the 9th International Conference on Computer Supported Collaborative Learning - Volume 1},
 series = {CSCL'09},
 year = {2009},
 isbn = {978-1-4092-8598-4},
 location = {Rhodes, Greece},
 pages = {512--516},
 numpages = {5},
 url = {http://dl.acm.org/citation.cfm?id=1600053.1600127},
 acmid = {1600127},
 publisher = {International Society of the Learning Sciences},
}

@inproceedings{Adroin:2000:DDS:337180.337212,
 author = {Adroin, W. Richards},
 title = {Developing and Deploying Software Engineering Courseware in an Adaptable Curriculum Framework},
 booktitle = {Proceedings of the 22Nd International Conference on Software Engineering},
 series = {ICSE '00},
 year = {2000},
 isbn = {1-58113-206-9},
 location = {Limerick, Ireland},
 pages = {284--292},
 numpages = {9},
 url = {http://doi.acm.org/10.1145/337180.337212},
 doi = {10.1145/337180.337212},
 acmid = {337212},
 publisher = {ACM},
 address = {New York, NY, USA},
 keywords = {educational technology, multimedia courseware, pedagogy, software engineering education, teaching and learning},
}

@article{Moser:2013:CGD:2581893.2581917,
 author = {Moser, Christiane},
 title = {Child-centered Game Development (CCGD): Developing Games with Children at School},
 journal = {Personal Ubiquitous Comput.},
 issue_date = {December  2013},
 volume = {17},
 number = {8},
 month = dec,
 year = {2013},
 issn = {1617-4909},
 pages = {1647--1661},
 numpages = {15},
 url = {https://doi.org/10.1007/s00779-012-0528-z},
 doi = {10.1007/s00779-012-0528-z},
 acmid = {2581917},
 publisher = {Springer-Verlag},
 address = {Berlin, Heidelberg},
 keywords = {Child---computer interaction, Educational pedagogy, Game design, Participatory design, User-centered design},
}

@article{Vat:2000:TSP:331795.331892,
 author = {Vat, Kam Hou},
 title = {Teaching Software Psychology: Expanding the Perspective},
 journal = {SIGCSE Bull.},
 issue_date = {Mar. 2000},
 volume = {32},
 number = {1},
 month = mar,
 year = {2000},
 issn = {0097-8418},
 pages = {392--396},
 numpages = {5},
 url = {http://doi.acm.org/10.1145/331795.331892},
 doi = {10.1145/331795.331892},
 acmid = {331892},
 publisher = {ACM},
 address = {New York, NY, USA},
}

@inproceedings{Vat:2000:TSP:330908.331892,
 author = {Vat, Kam Hou},
 title = {Teaching Software Psychology: Expanding the Perspective},
 booktitle = {Proceedings of the Thirty-first SIGCSE Technical Symposium on Computer Science Education},
 series = {SIGCSE '00},
 year = {2000},
 isbn = {1-58113-213-1},
 location = {Austin, Texas, USA},
 pages = {392--396},
 numpages = {5},
 url = {http://doi.acm.org/10.1145/330908.331892},
 doi = {10.1145/330908.331892},
 acmid = {331892},
 publisher = {ACM},
 address = {New York, NY, USA},
}

@inproceedings{Slotta:2009:TTC:1599503.1599509,
 author = {Slotta, James and Aleahmad, Turadg},
 title = {Toward a Technology Community in the Learning Sciences},
 booktitle = {Proceedings of the 9th International Conference on Computer Supported Collaborative Learning - Volume 2},
 series = {CSCL'09},
 year = {2009},
 isbn = {978-1-4092-8598-4},
 location = {Rhodes, Greece},
 pages = {12--14},
 numpages = {3},
 url = {http://dl.acm.org/citation.cfm?id=1599503.1599509},
 acmid = {1599509},
 publisher = {International Society of the Learning Sciences},
}

@inproceedings{Lyons:2007:SCM:1240866.1240879,
 author = {Lyons, Leilah Blakeney},
 title = {Scaffolding Cooperative Multi-device Activities in an Informal Learning Environment},
 booktitle = {CHI '07 Extended Abstracts on Human Factors in Computing Systems},
 series = {CHI EA '07},
 year = {2007},
 isbn = {978-1-59593-642-4},
 location = {San Jose, CA, USA},
 pages = {1669--1672},
 numpages = {4},
 url = {http://doi.acm.org/10.1145/1240866.1240879},
 doi = {10.1145/1240866.1240879},
 acmid = {1240879},
 publisher = {ACM},
 address = {New York, NY, USA},
 keywords = {co-located cooperation, complex systems, distributed scaffolding, informal learning, microworlds, multi-device interfaces, multi-user interfaces, simulations},
}

@inproceedings{Mbogo:2016:DUS:2899415.2899456,
 author = {Mbogo, Chao and Blake, Edwin and Suleman, Hussein},
 title = {Design and Use of Static Scaffolding Techniques to Support Java Programming on a Mobile Phone},
 booktitle = {Proceedings of the 2016 ACM Conference on Innovation and Technology in Computer Science Education},
 series = {ITiCSE '16},
 year = {2016},
 isbn = {978-1-4503-4231-5},
 location = {Arequipa, Peru},
 pages = {314--319},
 numpages = {6},
 url = {http://doi.acm.org/10.1145/2899415.2899456},
 doi = {10.1145/2899415.2899456},
 acmid = {2899456},
 publisher = {ACM},
 address = {New York, NY, USA},
 keywords = {java, mobile phone, programming, scaffolding, static},
}

