@inproceedings{Fronza:2019:ECS:3300115.3309522,
 author = {Fronza, Ilenia and Hellas, Arto and Ihantola, Petri and Mikkonen, Tommi},
 title = {An Exploration of Cognitive Shifting in Writing Code},
 booktitle = {Proceedings of the ACM Conference on Global Computing Education},
 series = {CompEd '19},
 year = {2019},
 isbn = {978-1-4503-6259-7},
 location = {Chengdu,Sichuan, China},
 pages = {65--71},
 numpages = {7},
 url = {http://doi.acm.org/10.1145/3300115.3309522},
 doi = {10.1145/3300115.3309522},
 acmid = {3309522},
 publisher = {ACM},
 address = {New York, NY, USA},
 keywords = {cognitive shifting, educational data mining, learning analytics, movement in source code, programming process},
}

@inproceedings{Ahadi:2013:GGP:2493394.2493416,
 author = {Ahadi, Alireza and Lister, Raymond},
 title = {Geek Genes, Prior Knowledge, Stumbling Points and Learning Edge Momentum: Parts of the One Elephant?},
 booktitle = {Proceedings of the Ninth Annual International ACM Conference on International Computing Education Research},
 series = {ICER '13},
 year = {2013},
 isbn = {978-1-4503-2243-0},
 location = {San Diego, San California, USA},
 pages = {123--128},
 numpages = {6},
 url = {http://doi.acm.org/10.1145/2493394.2493416},
 doi = {10.1145/2493394.2493416},
 acmid = {2493416},
 publisher = {ACM},
 address = {New York, NY, USA},
 keywords = {assessment, bimodal grade distribution, cs1, learning edge momentum, programming},
}

@article{Lister:2011:CER:1835428.1835434,
 author = {Lister, Raymond},
 title = {COMPUTING EDUCATION RESEARCH: Geek Genes and Bimodal Grades},
 journal = {ACM Inroads},
 issue_date = {September 2010},
 volume = {1},
 number = {3},
 month = sep,
 year = {2011},
 issn = {2153-2184},
 pages = {16--17},
 numpages = {2},
 url = {http://doi.acm.org/10.1145/1835428.1835434},
 doi = {10.1145/1835428.1835434},
 acmid = {1835434},
 publisher = {ACM},
 address = {New York, NY, USA},
}

@inproceedings{Lewis:2011:ISP:2016911.2016940,
 author = {Lewis, Colleen M.},
 title = {Integrating Students' Prior Knowledge into Pedagogy},
 booktitle = {Proceedings of the Seventh International Workshop on Computing Education Research},
 series = {ICER '11},
 year = {2011},
 isbn = {978-1-4503-0829-8},
 location = {Providence, Rhode Island, USA},
 pages = {139--140},
 numpages = {2},
 url = {http://doi.acm.org/10.1145/2016911.2016940},
 doi = {10.1145/2016911.2016940},
 acmid = {2016940},
 publisher = {ACM},
 address = {New York, NY, USA},
 keywords = {prior knowledge, qualitative methods},
}

@inproceedings{Porter:2014:IEP:2538862.2538912,
 author = {Porter, Leo and Zingaro, Daniel},
 title = {Importance of Early Performance in CS1: Two Conflicting Assessment Stories},
 booktitle = {Proceedings of the 45th ACM Technical Symposium on Computer Science Education},
 series = {SIGCSE '14},
 year = {2014},
 isbn = {978-1-4503-2605-6},
 location = {Atlanta, Georgia, USA},
 pages = {295--300},
 numpages = {6},
 url = {http://doi.acm.org/10.1145/2538862.2538912},
 doi = {10.1145/2538862.2538912},
 acmid = {2538912},
 publisher = {ACM},
 address = {New York, NY, USA},
 keywords = {assessment, cs1, programming},
}

@inproceedings{Lishinski:2016:CAD:2960310.2960338,
 author = {Lishinski, Alex},
 title = {Cognitive, Affective, and Dispositional Components of Learning Programming},
 booktitle = {Proceedings of the 2016 ACM Conference on International Computing Education Research},
 series = {ICER '16},
 year = {2016},
 isbn = {978-1-4503-4449-4},
 location = {Melbourne, VIC, Australia},
 pages = {261--262},
 numpages = {2},
 url = {http://doi.acm.org/10.1145/2960310.2960338},
 doi = {10.1145/2960310.2960338},
 acmid = {2960338},
 publisher = {ACM},
 address = {New York, NY, USA},
 keywords = {student success factors, theory},
}

@inproceedings{Simon:2011:ASW:2094131.2094134,
 author = {Simon},
 title = {Assignment and Sequence: Why Some Students Can'T Recognise a Simple Swap},
 booktitle = {Proceedings of the 11th Koli Calling International Conference on Computing Education Research},
 series = {Koli Calling '11},
 year = {2011},
 isbn = {978-1-4503-1052-9},
 location = {Koli, Finland},
 pages = {10--15},
 numpages = {6},
 url = {http://doi.acm.org/10.1145/2094131.2094134},
 doi = {10.1145/2094131.2094134},
 acmid = {2094134},
 publisher = {ACM},
 address = {New York, NY, USA},
 keywords = {CS1, examination papers, introductory programming},
}

@inproceedings{Alvarado:2018:PEP:3159450.3159508,
 author = {Alvarado, Christine and Umbelino, Gustavo and Minnes, Mia},
 title = {The Persistent Effect of Pre-College Computing Experience on College CS Course Grades},
 booktitle = {Proceedings of the 49th ACM Technical Symposium on Computer Science Education},
 series = {SIGCSE '18},
 year = {2018},
 isbn = {978-1-4503-5103-4},
 location = {Baltimore, Maryland, USA},
 pages = {876--881},
 numpages = {6},
 url = {http://doi.acm.org/10.1145/3159450.3159508},
 doi = {10.1145/3159450.3159508},
 acmid = {3159508},
 publisher = {ACM},
 address = {New York, NY, USA},
 keywords = {AP computer science, computing experience, higher education, performance},
}

@inproceedings{Patitsas:2016:ECS:2960310.2960312,
 author = {Patitsas, Elizabeth and Berlin, Jesse and Craig, Michelle and Easterbrook, Steve},
 title = {Evidence That Computer Science Grades Are Not Bimodal},
 booktitle = {Proceedings of the 2016 ACM Conference on International Computing Education Research},
 series = {ICER '16},
 year = {2016},
 isbn = {978-1-4503-4449-4},
 location = {Melbourne, VIC, Australia},
 pages = {113--121},
 numpages = {9},
 url = {http://doi.acm.org/10.1145/2960310.2960312},
 doi = {10.1145/2960310.2960312},
 acmid = {2960312},
 publisher = {ACM},
 address = {New York, NY, USA},
 keywords = {grades computer science education instructor beliefs},
}

@inproceedings{Knobelsdorf:2014:TTC:2538862.2538944,
 author = {Knobelsdorf, Maria and Kreitz, Christoph and B\"{o}hne, Sebastian},
 title = {Teaching Theoretical Computer Science Using a Cognitive Apprenticeship Approach},
 booktitle = {Proceedings of the 45th ACM Technical Symposium on Computer Science Education},
 series = {SIGCSE '14},
 year = {2014},
 isbn = {978-1-4503-2605-6},
 location = {Atlanta, Georgia, USA},
 pages = {67--72},
 numpages = {6},
 url = {http://doi.acm.org/10.1145/2538862.2538944},
 doi = {10.1145/2538862.2538944},
 acmid = {2538944},
 publisher = {ACM},
 address = {New York, NY, USA},
 keywords = {cognitive apprenticeship, high failure rates, pedagogy, theoretical computer science, theory of computation},
}

@inproceedings{Hoda:2014:TUW:2667490.2667509,
 author = {Hoda, Rashina and Andreae, Peter},
 title = {It's Not Them, It's Us! Why Computer Science Fails to Impress Many First Years},
 booktitle = {Proceedings of the Sixteenth Australasian Computing Education Conference - Volume 148},
 series = {ACE '14},
 year = {2014},
 isbn = {978-1-921770-31-9},
 location = {Auckland, New Zealand},
 pages = {159--162},
 numpages = {4},
 url = {http://dl.acm.org/citation.cfm?id=2667490.2667509},
 acmid = {2667509},
 publisher = {Australian Computer Society, Inc.},
 address = {Darlinghurst, Australia, Australia},
 keywords = {LEM theory, attrition and failure rates, computer science, first year course, software engineering},
}

@inproceedings{Lewis:2012:BUE:2157136.2157156,
 author = {Lewis, Colleen M. and Shah, Niral},
 title = {Building Upon and Enriching Grade Four Mathematics Standards with Programming Curriculum},
 booktitle = {Proceedings of the 43rd ACM Technical Symposium on Computer Science Education},
 series = {SIGCSE '12},
 year = {2012},
 isbn = {978-1-4503-1098-7},
 location = {Raleigh, North Carolina, USA},
 pages = {57--62},
 numpages = {6},
 url = {http://doi.acm.org/10.1145/2157136.2157156},
 doi = {10.1145/2157136.2157156},
 acmid = {2157156},
 publisher = {ACM},
 address = {New York, NY, USA},
 keywords = {computational thinking, mathematics, middle-school, scratch},
}

@inproceedings{Horton:2015:DFP:2676723.2677273,
 author = {Horton, Diane and Craig, Michelle},
 title = {Drop, Fail, Pass, Continue: Persistence in CS1 and Beyond in Traditional and Inverted Delivery},
 booktitle = {Proceedings of the 46th ACM Technical Symposium on Computer Science Education},
 series = {SIGCSE '15},
 year = {2015},
 isbn = {978-1-4503-2966-8},
 location = {Kansas City, Missouri, USA},
 pages = {235--240},
 numpages = {6},
 url = {http://doi.acm.org/10.1145/2676723.2677273},
 doi = {10.1145/2676723.2677273},
 acmid = {2677273},
 publisher = {ACM},
 address = {New York, NY, USA},
 keywords = {attrition, cs1, drop rate, flipped classroom, inverted classroom, novice programming},
}

@inproceedings{Cherenkova:2014:ICC:2538862.2538966,
 author = {Cherenkova, Yuliya and Zingaro, Daniel and Petersen, Andrew},
 title = {Identifying Challenging CS1 Concepts in a Large Problem Dataset},
 booktitle = {Proceedings of the 45th ACM Technical Symposium on Computer Science Education},
 series = {SIGCSE '14},
 year = {2014},
 isbn = {978-1-4503-2605-6},
 location = {Atlanta, Georgia, USA},
 pages = {695--700},
 numpages = {6},
 url = {http://doi.acm.org/10.1145/2538862.2538966},
 doi = {10.1145/2538862.2538966},
 acmid = {2538966},
 publisher = {ACM},
 address = {New York, NY, USA},
 keywords = {CS1},
}

@inproceedings{Petersen:2011:RCE:1953163.1953340,
 author = {Petersen, Andrew and Craig, Michelle and Zingaro, Daniel},
 title = {Reviewing CS1 Exam Question Content},
 booktitle = {Proceedings of the 42Nd ACM Technical Symposium on Computer Science Education},
 series = {SIGCSE '11},
 year = {2011},
 isbn = {978-1-4503-0500-6},
 location = {Dallas, TX, USA},
 pages = {631--636},
 numpages = {6},
 url = {http://doi.acm.org/10.1145/1953163.1953340},
 doi = {10.1145/1953163.1953340},
 acmid = {1953340},
 publisher = {ACM},
 address = {New York, NY, USA},
 keywords = {CS1, exams, novice programming},
}

@inproceedings{ElliottTew:2012:TVC:2361276.2361303,
 author = {Elliott Tew, Allison and Dorn, Brian and Schneider, Oliver},
 title = {Toward a Validated Computing Attitudes Survey},
 booktitle = {Proceedings of the Ninth Annual International Conference on International Computing Education Research},
 series = {ICER '12},
 year = {2012},
 isbn = {978-1-4503-1604-0},
 location = {Auckland, New Zealand},
 pages = {135--142},
 numpages = {8},
 url = {http://doi.acm.org/10.1145/2361276.2361303},
 doi = {10.1145/2361276.2361303},
 acmid = {2361303},
 publisher = {ACM},
 address = {New York, NY, USA},
 keywords = {assessment, attitudes, surveys},
}

@inproceedings{Thompson:2013:RTI:2445196.2445272,
 author = {Thompson, David and Bell, Tim and Andreae, Peter and Robins, Anthony},
 title = {The Role of Teachers in Implementing Curriculum Changes},
 booktitle = {Proceeding of the 44th ACM Technical Symposium on Computer Science Education},
 series = {SIGCSE '13},
 year = {2013},
 isbn = {978-1-4503-1868-6},
 location = {Denver, Colorado, USA},
 pages = {245--250},
 numpages = {6},
 url = {http://doi.acm.org/10.1145/2445196.2445272},
 doi = {10.1145/2445196.2445272},
 acmid = {2445272},
 publisher = {ACM},
 address = {New York, NY, USA},
 keywords = {curriculum implementation, teacher professional development},
}

@inproceedings{GilFonseca:2018:SDI:3159450.3159578,
 author = {Gil Fonseca, Nuno and Macedo, Lu\'{\i}s and Mendes, Ant\'{o}nio Jos{\'e}},
 title = {Supporting Differentiated Instruction in Programming Courses Through Permanent Progress Monitoring},
 booktitle = {Proceedings of the 49th ACM Technical Symposium on Computer Science Education},
 series = {SIGCSE '18},
 year = {2018},
 isbn = {978-1-4503-5103-4},
 location = {Baltimore, Maryland, USA},
 pages = {209--214},
 numpages = {6},
 url = {http://doi.acm.org/10.1145/3159450.3159578},
 doi = {10.1145/3159450.3159578},
 acmid = {3159578},
 publisher = {ACM},
 address = {New York, NY, USA},
 keywords = {differentiated instruction, performance monitoring, programming, working pace},
}

@inproceedings{Morrison:2014:MCL:2632320.2632348,
 author = {Morrison, Briana B. and Dorn, Brian and Guzdial, Mark},
 title = {Measuring Cognitive Load in Introductory CS: Adaptation of an Instrument},
 booktitle = {Proceedings of the Tenth Annual Conference on International Computing Education Research},
 series = {ICER '14},
 year = {2014},
 isbn = {978-1-4503-2755-8},
 location = {Glasgow, Scotland, United Kingdom},
 pages = {131--138},
 numpages = {8},
 url = {http://doi.acm.org/10.1145/2632320.2632348},
 doi = {10.1145/2632320.2632348},
 acmid = {2632348},
 publisher = {ACM},
 address = {New York, NY, USA},
 keywords = {cognitive load theory, confirmatory factor analysis, measuring cognitive load, survey},
}

@inproceedings{Lewis:2013:MDA:2493394.2493415,
 author = {Lewis, Colleen M. and Khayrallah, Huda and Tsai, Amy},
 title = {Mining Data from the AP CS a Exam: Patterns, Non-patterns, and Replication Failure},
 booktitle = {Proceedings of the Ninth Annual International ACM Conference on International Computing Education Research},
 series = {ICER '13},
 year = {2013},
 isbn = {978-1-4503-2243-0},
 location = {San Diego, San California, USA},
 pages = {115--122},
 numpages = {8},
 url = {http://doi.acm.org/10.1145/2493394.2493415},
 doi = {10.1145/2493394.2493415},
 acmid = {2493415},
 publisher = {ACM},
 address = {New York, NY, USA},
 keywords = {advanced placement computer science, bloom's taxonomy, cs1, difficult topics, mental models of program execution, novice programmers, program state, question difficulty, recursion},
}

@inproceedings{Lewis:2011:DMC:2016911.2016915,
 author = {Lewis, Colleen M. and Yasuhara, Ken and Anderson, Ruth E.},
 title = {Deciding to Major in Computer Science: A Grounded Theory of Students' Self-assessment of Ability},
 booktitle = {Proceedings of the Seventh International Workshop on Computing Education Research},
 series = {ICER '11},
 year = {2011},
 isbn = {978-1-4503-0829-8},
 location = {Providence, Rhode Island, USA},
 pages = {3--10},
 numpages = {8},
 url = {http://doi.acm.org/10.1145/2016911.2016915},
 doi = {10.1145/2016911.2016915},
 acmid = {2016915},
 publisher = {ACM},
 address = {New York, NY, USA},
 keywords = {ability, grounded theory, major choice},
}

@inproceedings{Zarb:2018:IIS:3293881.3295780,
 author = {Zarb, Mark and Alshaigy, Bedour and Bouvier, Dennis and Glassey, Richard and Hughes, Janet and Riedesel, Charles},
 title = {An International Investigation into Student Concerns Regarding Transition into Higher Education Computing},
 booktitle = {Proceedings Companion of the 23rd Annual ACM Conference on Innovation and Technology in Computer Science Education},
 series = {ITiCSE 2018 Companion},
 year = {2018},
 isbn = {978-1-4503-6223-8},
 location = {Larnaca, Cyprus},
 pages = {107--129},
 numpages = {23},
 url = {http://doi.acm.org/10.1145/3293881.3295780},
 doi = {10.1145/3293881.3295780},
 acmid = {3295780},
 publisher = {ACM},
 address = {New York, NY, USA},
 keywords = {CS1, concerns, higher education, retention, transition},
}

@inproceedings{Morrison:2017:DMC:3105726.3106191,
 author = {Morrison, Briana B.},
 title = {Dual Modality Code Explanations for Novices: Unexpected Results},
 booktitle = {Proceedings of the 2017 ACM Conference on International Computing Education Research},
 series = {ICER '17},
 year = {2017},
 isbn = {978-1-4503-4968-0},
 location = {Tacoma, Washington, USA},
 pages = {226--235},
 numpages = {10},
 url = {http://doi.acm.org/10.1145/3105726.3106191},
 doi = {10.1145/3105726.3106191},
 acmid = {3106191},
 publisher = {ACM},
 address = {New York, NY, USA},
 keywords = {cognitive load, live coding, modality},
}

@inproceedings{Sorva:2014:RDF:2674683.2674690,
 author = {Sorva, Juha and Sepp\"{a}l\"{a}, Otto},
 title = {Research-based Design of the First Weeks of CS1},
 booktitle = {Proceedings of the 14th Koli Calling International Conference on Computing Education Research},
 series = {Koli Calling '14},
 year = {2014},
 isbn = {978-1-4503-3065-7},
 location = {Koli, Finland},
 pages = {71--80},
 numpages = {10},
 url = {http://doi.acm.org/10.1145/2674683.2674690},
 doi = {10.1145/2674683.2674690},
 acmid = {2674690},
 publisher = {ACM},
 address = {New York, NY, USA},
 keywords = {CS1, cognitive load, instructional design, notional machines, objects early, program visualization, project-driven learning},
}

@article{Liao:2019:RML:3308443.3277569,
 author = {Liao, Soohyun Nam and Zingaro, Daniel and Thai, Kevin and Alvarado, Christine and Griswold, William G. and Porter, Leo},
 title = {A Robust Machine Learning Technique to Predict Low-performing Students},
 journal = {ACM Trans. Comput. Educ.},
 issue_date = {June 2019},
 volume = {19},
 number = {3},
 month = jan,
 year = {2019},
 issn = {1946-6226},
 pages = {18:1--18:19},
 articleno = {18},
 numpages = {19},
 url = {http://doi.acm.org/10.1145/3277569},
 doi = {10.1145/3277569},
 acmid = {3277569},
 publisher = {ACM},
 address = {New York, NY, USA},
 keywords = {Peer instruction, at-risk students, clicker data, cross-term, machine learning, multi-institution, prediction},
}

@inproceedings{Cutts:2014:CSF:2670757.2670780,
 author = {Cutts, Quintin and Connor, Richard and Michaelson, Greg and Donaldson, Peter},
 title = {Code or (Not Code): Separating Formal and Natural Language in CS Education},
 booktitle = {Proceedings of the 9th Workshop in Primary and Secondary Computing Education},
 series = {WiPSCE '14},
 year = {2014},
 isbn = {978-1-4503-3250-7},
 location = {Berlin, Germany},
 pages = {20--28},
 numpages = {9},
 url = {http://doi.acm.org/10.1145/2670757.2670780},
 doi = {10.1145/2670757.2670780},
 acmid = {2670780},
 publisher = {ACM},
 address = {New York, NY, USA},
 keywords = {assessment, comprehension, language, program, pseudo-code, reference},
}

@inproceedings{Taylor:2018:PAC:3293881.3295785,
 author = {Taylor, Cynthia and Spacco, Jaime and Bunde, David P. and Butler, Zack and Bort, Heather and Hovey, Christopher Lynnly and Maiorana, Francesco and Zeume, Thomas},
 title = {Propagating the Adoption of CS Educational Innovations},
 booktitle = {Proceedings Companion of the 23rd Annual ACM Conference on Innovation and Technology in Computer Science Education},
 series = {ITiCSE 2018 Companion},
 year = {2018},
 isbn = {978-1-4503-6223-8},
 location = {Larnaca, Cyprus},
 pages = {217--235},
 numpages = {19},
 url = {http://doi.acm.org/10.1145/3293881.3295785},
 doi = {10.1145/3293881.3295785},
 acmid = {3295785},
 publisher = {ACM},
 address = {New York, NY, USA},
 keywords = {educational adoption, educational propagation},
}

@inproceedings{Bell:2012:ICS:2481449.2481454,
 author = {Bell, Tim and Newton, Heidi and Andreae, Peter and Robins, Anthony},
 title = {The Introduction of Computer Science to NZ High Schools: An Analysis of Student Work},
 booktitle = {Proceedings of the 7th Workshop in Primary and Secondary Computing Education},
 series = {WiPSCE '12},
 year = {2012},
 isbn = {978-1-4503-1787-0},
 location = {Hamburg, Germany},
 pages = {5--15},
 numpages = {11},
 url = {http://doi.acm.org/10.1145/2481449.2481454},
 doi = {10.1145/2481449.2481454},
 acmid = {2481454},
 publisher = {ACM},
 address = {New York, NY, USA},
 keywords = {algorithms, computer science education, high school, programming languages, report-based assessment, usability},
}

@inproceedings{Denny:2012:SEE:2325296.2325318,
 author = {Denny, Paul and Luxton-Reilly, Andrew and Tempero, Ewan},
 title = {All Syntax Errors Are Not Equal},
 booktitle = {Proceedings of the 17th ACM Annual Conference on Innovation and Technology in Computer Science Education},
 series = {ITiCSE '12},
 year = {2012},
 isbn = {978-1-4503-1246-2},
 location = {Haifa, Israel},
 pages = {75--80},
 numpages = {6},
 url = {http://doi.acm.org/10.1145/2325296.2325318},
 doi = {10.1145/2325296.2325318},
 acmid = {2325318},
 publisher = {ACM},
 address = {New York, NY, USA},
 keywords = {assessment, codewrite, drill and practice, java, syntax errors},
}

@inproceedings{Ahadi:2016:EIN:2960310.2960339,
 author = {Ahadi, Alireza},
 title = {Early Identification of Novice Programmers' Challenges in Coding Using Machine Learning Techniques},
 booktitle = {Proceedings of the 2016 ACM Conference on International Computing Education Research},
 series = {ICER '16},
 year = {2016},
 isbn = {978-1-4503-4449-4},
 location = {Melbourne, VIC, Australia},
 pages = {263--264},
 numpages = {2},
 url = {http://doi.acm.org/10.1145/2960310.2960339},
 doi = {10.1145/2960310.2960339},
 acmid = {2960339},
 publisher = {ACM},
 address = {New York, NY, USA},
 keywords = {machine learning, novice programmers, source code snapshot analysis},
}

@inproceedings{Garcia:2016:WDC:2839509.2844667,
 author = {Garcia, Daniel D. and Lewis, Colleen and Reges, Stuart and Ensmenger, Nathan},
 title = {Why Don'T Some CS0 Students Succeed?: How Important Are Background, Experience, Culture, Aptitude, Habits and Attitude?},
 booktitle = {Proceedings of the 47th ACM Technical Symposium on Computing Science Education},
 series = {SIGCSE '16},
 year = {2016},
 isbn = {978-1-4503-3685-7},
 location = {Memphis, Tennessee, USA},
 pages = {317--318},
 numpages = {2},
 url = {http://doi.acm.org/10.1145/2839509.2844667},
 doi = {10.1145/2839509.2844667},
 acmid = {2844667},
 publisher = {ACM},
 address = {New York, NY, USA},
 keywords = {computer science education, hidden prerequisites, litmus test},
}

@inproceedings{Danielsiek:2016:STR:2839509.2844591,
 author = {Danielsiek, Holger and Vahrenhold, Jan},
 title = {Stay on These Roads: Potential Factors Indicating Students' Performance in a CS2 Course},
 booktitle = {Proceedings of the 47th ACM Technical Symposium on Computing Science Education},
 series = {SIGCSE '16},
 year = {2016},
 isbn = {978-1-4503-3685-7},
 location = {Memphis, Tennessee, USA},
 pages = {12--17},
 numpages = {6},
 url = {http://doi.acm.org/10.1145/2839509.2844591},
 doi = {10.1145/2839509.2844591},
 acmid = {2844591},
 publisher = {ACM},
 address = {New York, NY, USA},
 keywords = {concept inventory, cs1/2, success factors},
}

@inproceedings{Campbell:2019:SML:3287324.3287481,
 author = {Campbell, Jennifer and Petersen, Andrew and Smith, Jacqueline},
 title = {Self-paced Mastery Learning CS1},
 booktitle = {Proceedings of the 50th ACM Technical Symposium on Computer Science Education},
 series = {SIGCSE '19},
 year = {2019},
 isbn = {978-1-4503-5890-3},
 location = {Minneapolis, MN, USA},
 pages = {955--961},
 numpages = {7},
 url = {http://doi.acm.org/10.1145/3287324.3287481},
 doi = {10.1145/3287324.3287481},
 acmid = {3287481},
 publisher = {ACM},
 address = {New York, NY, USA},
 keywords = {cs1, mastery learning, novice programming, self-paced},
}

@inproceedings{Estey:2017:ACS:3017680.3017790,
 author = {Estey, Anthony and Keuning, Hieke and Coady, Yvonne},
 title = {Automatically Classifying Students in Need of Support by Detecting Changes in Programming Behaviour},
 booktitle = {Proceedings of the 2017 ACM SIGCSE Technical Symposium on Computer Science Education},
 series = {SIGCSE '17},
 year = {2017},
 isbn = {978-1-4503-4698-6},
 location = {Seattle, Washington, USA},
 pages = {189--194},
 numpages = {6},
 url = {http://doi.acm.org/10.1145/3017680.3017790},
 doi = {10.1145/3017680.3017790},
 acmid = {3017790},
 publisher = {ACM},
 address = {New York, NY, USA},
 keywords = {CS1, automated classification techniques, educational data mining, pre-dictors of success, programming behaviour},
}

@inproceedings{Porter:2014:PSS:2632320.2632354,
 author = {Porter, Leo and Zingaro, Daniel and Lister, Raymond},
 title = {Predicting Student Success Using Fine Grain Clicker Data},
 booktitle = {Proceedings of the Tenth Annual Conference on International Computing Education Research},
 series = {ICER '14},
 year = {2014},
 isbn = {978-1-4503-2755-8},
 location = {Glasgow, Scotland, United Kingdom},
 pages = {51--58},
 numpages = {8},
 url = {http://doi.acm.org/10.1145/2632320.2632354},
 doi = {10.1145/2632320.2632354},
 acmid = {2632354},
 publisher = {ACM},
 address = {New York, NY, USA},
 keywords = {assessment, clickers, cs1},
}

@inproceedings{Luxton-Reilly:2016:LPE:2899415.2899432,
 author = {Luxton-Reilly, Andrew},
 title = {Learning to Program is Easy},
 booktitle = {Proceedings of the 2016 ACM Conference on Innovation and Technology in Computer Science Education},
 series = {ITiCSE '16},
 year = {2016},
 isbn = {978-1-4503-4231-5},
 location = {Arequipa, Peru},
 pages = {284--289},
 numpages = {6},
 url = {http://doi.acm.org/10.1145/2899415.2899432},
 doi = {10.1145/2899415.2899432},
 acmid = {2899432},
 publisher = {ACM},
 address = {New York, NY, USA},
 keywords = {computer science education, cs1, curriculum, expectations, learning outcomes, novice, programming, standards},
}

@inproceedings{Babbitt:2019:PCP:3287324.3287491,
 author = {Babbitt, Thomas and Schooler, Charles and King, Kyle},
 title = {Punch Cards to Python: A Case Study of a CS0 Core Course},
 booktitle = {Proceedings of the 50th ACM Technical Symposium on Computer Science Education},
 series = {SIGCSE '19},
 year = {2019},
 isbn = {978-1-4503-5890-3},
 location = {Minneapolis, MN, USA},
 pages = {811--817},
 numpages = {7},
 url = {http://doi.acm.org/10.1145/3287324.3287491},
 doi = {10.1145/3287324.3287491},
 acmid = {3287491},
 publisher = {ACM},
 address = {New York, NY, USA},
 keywords = {computational thinking, computer science education, programming, programming tools, undergraduate education},
}

@inproceedings{Zingaro:2016:ISA:2839509.2844553,
 author = {Zingaro, Daniel and Porter, Leo},
 title = {Impact of Student Achievement Goals on CS1 Outcomes},
 booktitle = {Proceedings of the 47th ACM Technical Symposium on Computing Science Education},
 series = {SIGCSE '16},
 year = {2016},
 isbn = {978-1-4503-3685-7},
 location = {Memphis, Tennessee, USA},
 pages = {279--296},
 numpages = {18},
 url = {http://doi.acm.org/10.1145/2839509.2844553},
 doi = {10.1145/2839509.2844553},
 acmid = {2844553},
 publisher = {ACM},
 address = {New York, NY, USA},
 keywords = {achievement goals, cs1, outcomes, success},
}

@inproceedings{Chetty:2015:TPD:2828959.2828976,
 author = {Chetty, Jacqui and van der Westhuizen, Duan},
 title = {Towards a Pedagogical Design for Teaching Novice Programmers: Design-based Research As an Empirical Determinant for Success},
 booktitle = {Proceedings of the 15th Koli Calling Conference on Computing Education Research},
 series = {Koli Calling '15},
 year = {2015},
 isbn = {978-1-4503-4020-5},
 location = {Koli, Finland},
 pages = {5--12},
 numpages = {8},
 url = {http://doi.acm.org/10.1145/2828959.2828976},
 doi = {10.1145/2828959.2828976},
 acmid = {2828976},
 publisher = {ACM},
 address = {New York, NY, USA},
 keywords = {CS1, design principles, design-based research, instructional design},
}

@inproceedings{Liao:2016:LEI:2960310.2960315,
 author = {Liao, Soohyun Nam and Zingaro, Daniel and Laurenzano, Michael A. and Griswold, William G. and Porter, Leo},
 title = {Lightweight, Early Identification of At-Risk CS1 Students},
 booktitle = {Proceedings of the 2016 ACM Conference on International Computing Education Research},
 series = {ICER '16},
 year = {2016},
 isbn = {978-1-4503-4449-4},
 location = {Melbourne, VIC, Australia},
 pages = {123--131},
 numpages = {9},
 url = {http://doi.acm.org/10.1145/2960310.2960315},
 doi = {10.1145/2960310.2960315},
 acmid = {2960315},
 publisher = {ACM},
 address = {New York, NY, USA},
 keywords = {clickers, cs1, peer instruction, prediction},
}

@article{Yadin:2013:UUA:2432596.2432612,
 author = {Yadin, Aharon},
 title = {Using Unique Assignments for Reducing the Bimodal Grade Distribution},
 journal = {ACM Inroads},
 issue_date = {March 2013},
 volume = {4},
 number = {1},
 month = mar,
 year = {2013},
 issn = {2153-2184},
 pages = {38--42},
 numpages = {5},
 url = {http://doi.acm.org/10.1145/2432596.2432612},
 doi = {10.1145/2432596.2432612},
 acmid = {2432612},
 publisher = {ACM},
 address = {New York, NY, USA},
 keywords = {bimodal distribution, individual and unique assignments, learning habits},
}

@inproceedings{Haden:2017:SAC:3141880.3141881,
 author = {Haden, Patricia and Parsons, Dale and Wood, Krissi and Gasson, Joy},
 title = {Student Affect in CS1: Insights from an Easy Data Collection Tool},
 booktitle = {Proceedings of the 17th Koli Calling International Conference on Computing Education Research},
 series = {Koli Calling '17},
 year = {2017},
 isbn = {978-1-4503-5301-4},
 location = {Koli, Finland},
 pages = {40--49},
 numpages = {10},
 url = {http://doi.acm.org/10.1145/3141880.3141881},
 doi = {10.1145/3141880.3141881},
 acmid = {3141881},
 publisher = {ACM},
 address = {New York, NY, USA},
 keywords = {data collection, programming education, student affect},
}

@inproceedings{Garner:2019:MLC:3286960.3286965,
 author = {Garner, James and Denny, Paul and Luxton-Reilly, Andrew},
 title = {Mastery Learning in Computer Science Education},
 booktitle = {Proceedings of the Twenty-First Australasian Computing Education Conference},
 series = {ACE '19},
 year = {2019},
 isbn = {978-1-4503-6622-9},
 location = {Sydney, NSW, Australia},
 pages = {37--46},
 numpages = {10},
 url = {http://doi.acm.org/10.1145/3286960.3286965},
 doi = {10.1145/3286960.3286965},
 acmid = {3286965},
 publisher = {ACM},
 address = {New York, NY, USA},
 keywords = {Keller plan, PSI, mastery learning, pedagogy},
}

@article{Ott:2016:TPE:2883588.2737596,
 author = {Ott, Claudia and Robins, Anthony and Shephard, Kerry},
 title = {Translating Principles of Effective Feedback for Students into the CS1 Context},
 journal = {ACM Trans. Comput. Educ.},
 issue_date = {February 2016},
 volume = {16},
 number = {1},
 month = jan,
 year = {2016},
 issn = {1946-6226},
 pages = {1:1--1:27},
 articleno = {1},
 numpages = {27},
 url = {http://doi.acm.org/10.1145/2737596},
 doi = {10.1145/2737596},
 acmid = {2737596},
 publisher = {ACM},
 address = {New York, NY, USA},
 keywords = {CS1, Effective feedback practice, higher education},
}

@inproceedings{Duncan:2015:PCS:2818314.2818328,
 author = {Duncan, Caitlin and Bell, Tim},
 title = {A Pilot Computer Science and Programming Course for Primary School Students},
 booktitle = {Proceedings of the Workshop in Primary and Secondary Computing Education},
 series = {WiPSCE '15},
 year = {2015},
 isbn = {978-1-4503-3753-3},
 location = {London, United Kingdom},
 pages = {39--48},
 numpages = {10},
 url = {http://doi.acm.org/10.1145/2818314.2818328},
 doi = {10.1145/2818314.2818328},
 acmid = {2818328},
 publisher = {ACM},
 address = {New York, NY, USA},
 keywords = {Algorithms, computational thinking, curriculum, primary school, programming},
}

@inproceedings{McCane:2017:MLI:3013499.3013501,
 author = {McCane, Brendan and Ott, Claudia and Meek, Nick and Robins, Anthony},
 title = {Mastery Learning in Introductory Programming},
 booktitle = {Proceedings of the Nineteenth Australasian Computing Education Conference},
 series = {ACE '17},
 year = {2017},
 isbn = {978-1-4503-4823-2},
 location = {Geelong, VIC, Australia},
 pages = {1--10},
 numpages = {10},
 url = {http://doi.acm.org/10.1145/3013499.3013501},
 doi = {10.1145/3013499.3013501},
 acmid = {3013501},
 publisher = {ACM},
 address = {New York, NY, USA},
 keywords = {CS1, Introductory Programming, Mastery Learning, Python},
}

@inproceedings{Becker:2019:CSR:3287324.3287485,
 author = {Becker, Brett A. and Fitzpatrick, Thomas},
 title = {What Do CS1 Syllabi Reveal About Our Expectations of Introductory Programming Students?},
 booktitle = {Proceedings of the 50th ACM Technical Symposium on Computer Science Education},
 series = {SIGCSE '19},
 year = {2019},
 isbn = {978-1-4503-5890-3},
 location = {Minneapolis, MN, USA},
 pages = {1011--1017},
 numpages = {7},
 url = {http://doi.acm.org/10.1145/3287324.3287485},
 doi = {10.1145/3287324.3287485},
 acmid = {3287485},
 publisher = {ACM},
 address = {New York, NY, USA},
 keywords = {cs1, cs1 languages, curriculum design, introductory programming, language choice, learning objectives, learning outcomes, novice programmers, syllabi, syllabus, teaching languages},
}

@inproceedings{Cutts:2019:ERT:3304221.3319785,
 author = {Cutts, Quintin and Barr, Matthew and Bikanga Ada, Mireilla and Donaldson, Peter and Draper, Steve and Parkinson, Jack and Singer, Jeremy and Sundin, Lovisa},
 title = {Experience Report: Thinkathon -- Countering an \&\#34;I Got It Working\&\#34; Mentality with Pencil-and-Paper Exercises},
 booktitle = {Proceedings of the 2019 ACM Conference on Innovation and Technology in Computer Science Education},
 series = {ITiCSE '19},
 year = {2019},
 isbn = {978-1-4503-6301-3},
 location = {Aberdeen, Scotland Uk},
 pages = {203--209},
 numpages = {7},
 url = {http://doi.acm.org/10.1145/3304221.3319785},
 doi = {10.1145/3304221.3319785},
 acmid = {3319785},
 publisher = {ACM},
 address = {New York, NY, USA},
 keywords = {goal-directed problem solving, introductory programming, mastery learning, program comprehension},
}

@inproceedings{Liao:2019:EVD:3287324.3287407,
 author = {Liao, Soohyun Nam and Zingaro, Daniel and Alvarado, Christine and Griswold, William G. and Porter, Leo},
 title = {Exploring the Value of Different Data Sources for Predicting Student Performance in Multiple CS Courses},
 booktitle = {Proceedings of the 50th ACM Technical Symposium on Computer Science Education},
 series = {SIGCSE '19},
 year = {2019},
 isbn = {978-1-4503-5890-3},
 location = {Minneapolis, MN, USA},
 pages = {112--118},
 numpages = {7},
 url = {http://doi.acm.org/10.1145/3287324.3287407},
 doi = {10.1145/3287324.3287407},
 acmid = {3287407},
 publisher = {ACM},
 address = {New York, NY, USA},
 keywords = {architecture, cs1, cs2, data structures, low-performing students, machine learning, prediction, student outcomes},
}

@inproceedings{Zingaro:2014:PIC:2538862.2538878,
 author = {Zingaro, Daniel},
 title = {Peer Instruction Contributes to Self-efficacy in CS1},
 booktitle = {Proceedings of the 45th ACM Technical Symposium on Computer Science Education},
 series = {SIGCSE '14},
 year = {2014},
 isbn = {978-1-4503-2605-6},
 location = {Atlanta, Georgia, USA},
 pages = {373--378},
 numpages = {6},
 url = {http://doi.acm.org/10.1145/2538862.2538878},
 doi = {10.1145/2538862.2538878},
 acmid = {2538878},
 publisher = {ACM},
 address = {New York, NY, USA},
 keywords = {CS1, classroom response, clickers, outcomes, peer instruction},
}

@inproceedings{Thota:2012:IPP:2483716.2483729,
 author = {Thota, Neena and Berglund, Anders and Clear, Tony},
 title = {Illustration of Paradigm Pluralism in Computing Education Research},
 booktitle = {Proceedings of the Fourteenth Australasian Computing Education Conference - Volume 123},
 series = {ACE '12},
 year = {2012},
 isbn = {978-1-921770-04-3},
 location = {Melbourne, Australia},
 pages = {103--112},
 numpages = {10},
 url = {http://dl.acm.org/citation.cfm?id=2483716.2483729},
 acmid = {2483729},
 publisher = {Australian Computer Society, Inc.},
 address = {Darlinghurst, Australia, Australia},
 keywords = {methodology, mixed methods, paradigm},
}

@inproceedings{Becker:2019:SIP:3304221.3319752,
 author = {Becker, Brett A.},
 title = {A Survey of Introductory Programming Courses in Ireland},
 booktitle = {Proceedings of the 2019 ACM Conference on Innovation and Technology in Computer Science Education},
 series = {ITiCSE '19},
 year = {2019},
 isbn = {978-1-4503-6301-3},
 location = {Aberdeen, Scotland Uk},
 pages = {58--64},
 numpages = {7},
 url = {http://doi.acm.org/10.1145/3304221.3319752},
 doi = {10.1145/3304221.3319752},
 acmid = {3319752},
 publisher = {ACM},
 address = {New York, NY, USA},
 keywords = {australasia, cs 1, cs-1, cs1, instructors, introductory programming, ireland, novice programmers, programming languages, survey, teaching languages, uk, united kingdom},
}

@inproceedings{McCartney:2017:FPG:3017680.3017746,
 author = {McCartney, Robert and Boustedt, Jonas and Eckerdal, Anna and Sanders, Kate and Zander, Carol},
 title = {Folk Pedagogy and the Geek Gene: Geekiness Quotient},
 booktitle = {Proceedings of the 2017 ACM SIGCSE Technical Symposium on Computer Science Education},
 series = {SIGCSE '17},
 year = {2017},
 isbn = {978-1-4503-4698-6},
 location = {Seattle, Washington, USA},
 pages = {405--410},
 numpages = {6},
 url = {http://doi.acm.org/10.1145/3017680.3017746},
 doi = {10.1145/3017680.3017746},
 acmid = {3017746},
 publisher = {ACM},
 address = {New York, NY, USA},
 keywords = {fixed or growth mindset, folk pedagogy, geek gene, innate ability},
}

@article{Zingaro:2015:EIG:2809889.2802752,
 author = {Zingaro, Daniel},
 title = {Examining Interest and Grades in Computer Science 1: A Study of Pedagogy and Achievement Goals},
 journal = {Trans. Comput. Educ.},
 issue_date = {September 2015},
 volume = {15},
 number = {3},
 month = jul,
 year = {2015},
 issn = {1946-6226},
 pages = {14:1--14:18},
 articleno = {14},
 numpages = {18},
 url = {http://doi.acm.org/10.1145/2802752},
 doi = {10.1145/2802752},
 acmid = {2802752},
 publisher = {ACM},
 address = {New York, NY, USA},
 keywords = {CS1, achievement goals, peer instruction},
}

@inproceedings{Luxton-Reilly:2018:DAD:3174781.3174784,
 author = {Luxton-Reilly, Andrew and Becker, Brett A. and Cao, Yingjun and McDermott, Roger and Mirolo, Claudio and M\"{u}hling, Andreas and Petersen, Andrew and Sanders, Kate and Simon and Whalley, Jacqueline},
 title = {Developing Assessments to Determine Mastery of Programming Fundamentals},
 booktitle = {Proceedings of the 2017 ITiCSE Conference on Working Group Reports},
 series = {ITiCSE-WGR '17},
 year = {2017},
 isbn = {978-1-4503-5627-5},
 location = {Bologna, Italy},
 pages = {47--69},
 numpages = {23},
 url = {http://doi.acm.org/10.1145/3174781.3174784},
 doi = {10.1145/3174781.3174784},
 acmid = {3174784},
 publisher = {ACM},
 address = {New York, NY, USA},
 keywords = {assessment, compound assessment, concept inventory, cs1, exam, introductory programming, iticse working group, learning, learning objectives, learning outcomes, mastery, novice programming, questions},
}

@inproceedings{Cardell-Oliver:2011:SMH:2459936.2459943,
 author = {Cardell-Oliver, Rachel},
 title = {How Can Software Metrics Help Novice Programmers?},
 booktitle = {Proceedings of the Thirteenth Australasian Computing Education Conference - Volume 114},
 series = {ACE '11},
 year = {2011},
 isbn = {978-1-920682-94-1},
 location = {Perth, Australia},
 pages = {55--62},
 numpages = {8},
 url = {http://dl.acm.org/citation.cfm?id=2459936.2459943},
 acmid = {2459943},
 publisher = {Australian Computer Society, Inc.},
 address = {Darlinghurst, Australia, Australia},
}

@inproceedings{Luxton-Reilly:2018:IPS:3293881.3295779,
 author = {Luxton-Reilly, Andrew and Simon and Albluwi, Ibrahim and Becker, Brett A. and Giannakos, Michail and Kumar, Amruth N. and Ott, Linda and Paterson, James and Scott, Michael James and Sheard, Judy and Szabo, Claudia},
 title = {Introductory Programming: A Systematic Literature Review},
 booktitle = {Proceedings Companion of the 23rd Annual ACM Conference on Innovation and Technology in Computer Science Education},
 series = {ITiCSE 2018 Companion},
 year = {2018},
 isbn = {978-1-4503-6223-8},
 location = {Larnaca, Cyprus},
 pages = {55--106},
 numpages = {52},
 url = {http://doi.acm.org/10.1145/3293881.3295779},
 doi = {10.1145/3293881.3295779},
 acmid = {3295779},
 publisher = {ACM},
 address = {New York, NY, USA},
 keywords = {CS1, ITiCSE working group, SLR, introductory programming, literature review, novice programming, overview, review, systematic literature review, systematic review},
}

@inproceedings{Devey:2011:HFY:2459936.2459953,
 author = {Devey, Adrian and Carbone, Angela},
 title = {Helping First Year Novice Programming Students PASS},
 booktitle = {Proceedings of the Thirteenth Australasian Computing Education Conference - Volume 114},
 series = {ACE '11},
 year = {2011},
 isbn = {978-1-920682-94-1},
 location = {Perth, Australia},
 pages = {135--144},
 numpages = {10},
 url = {http://dl.acm.org/citation.cfm?id=2459936.2459953},
 acmid = {2459953},
 publisher = {Australian Computer Society, Inc.},
 address = {Darlinghurst, Australia, Australia},
 keywords = {first year programming, peer assisted study},
}

@inproceedings{Ahadi:2015:EML:2787622.2787717,
 author = {Ahadi, Alireza and Lister, Raymond and Haapala, Heikki and Vihavainen, Arto},
 title = {Exploring Machine Learning Methods to Automatically Identify Students in Need of Assistance},
 booktitle = {Proceedings of the Eleventh Annual International Conference on International Computing Education Research},
 series = {ICER '15},
 year = {2015},
 isbn = {978-1-4503-3630-7},
 location = {Omaha, Nebraska, USA},
 pages = {121--130},
 numpages = {10},
 url = {http://doi.acm.org/10.1145/2787622.2787717},
 doi = {10.1145/2787622.2787717},
 acmid = {2787717},
 publisher = {ACM},
 address = {New York, NY, USA},
 keywords = {detecting students in need of assistance, educational data mining, introductory programming, learning analytics, novice programmers, programming behavior, source code snapshot analysis},
}

@inproceedings{Malhotra:2019:TUP:3286960.3286961,
 author = {Malhotra, Vishv Mohan and Anand, Ashish},
 title = {Teaching a University-Wide Programming Laboratory: Managing a C Programming Laboratory for a Large Class with Diverse Interests},
 booktitle = {Proceedings of the Twenty-First Australasian Computing Education Conference},
 series = {ACE '19},
 year = {2019},
 isbn = {978-1-4503-6622-9},
 location = {Sydney, NSW, Australia},
 pages = {1--10},
 numpages = {10},
 url = {http://doi.acm.org/10.1145/3286960.3286961},
 doi = {10.1145/3286960.3286961},
 acmid = {3286961},
 publisher = {ACM},
 address = {New York, NY, USA},
 keywords = {Assessing programming skills, C programming, Compulsory programming courses for engineering and Science students, First-year programming, Programming laboratory},
}

@article{Shaffer:2013:ISS:2537753.2537778,
 author = {Shaffer, Steven C. and Rosson, Mary Beth},
 title = {Increasing Student Success by Modifying Course Delivery Based on Student Submission Data},
 journal = {ACM Inroads},
 issue_date = {December 2013},
 volume = {4},
 number = {4},
 month = dec,
 year = {2013},
 issn = {2153-2184},
 pages = {81--86},
 numpages = {6},
 url = {http://doi.acm.org/10.1145/2537753.2537778},
 doi = {10.1145/2537753.2537778},
 acmid = {2537778},
 publisher = {ACM},
 address = {New York, NY, USA},
 keywords = {distance education, introductory programming, mastery learning, retention},
}

@inproceedings{Sorva:2010:RTC:1930464.1930467,
 author = {Sorva, Juha},
 title = {Reflections on Threshold Concepts in Computer Programming and Beyond},
 booktitle = {Proceedings of the 10th Koli Calling International Conference on Computing Education Research},
 series = {Koli Calling '10},
 year = {2010},
 isbn = {978-1-4503-0520-4},
 location = {Koli, Finland},
 pages = {21--30},
 numpages = {10},
 url = {http://doi.acm.org/10.1145/1930464.1930467},
 doi = {10.1145/1930464.1930467},
 acmid = {1930467},
 publisher = {ACM},
 address = {New York, NY, USA},
 keywords = {computer programming, fundamental ideas, information hiding, introductory programming, object interaction, program dynamics, threshold concepts, transliminal concepts},
}

@inproceedings{Bromwich:2012:CGT:2379256.2379266,
 author = {Bromwich, Kohl and Masoodian, Masood and Rogers, Bill},
 title = {Crossing the Game Threshold: A System for Teaching Basic Programming Constructs},
 booktitle = {Proceedings of the 13th International Conference of the NZ Chapter of the ACM's Special Interest Group on Human-Computer Interaction},
 series = {CHINZ '12},
 year = {2012},
 isbn = {978-1-4503-1474-9},
 location = {Dunedin, New Zealand},
 pages = {56--63},
 numpages = {8},
 url = {http://doi.acm.org/10.1145/2379256.2379266},
 doi = {10.1145/2379256.2379266},
 acmid = {2379266},
 publisher = {ACM},
 address = {New York, NY, USA},
 keywords = {beginner, programming, teaching, visual programming},
}

@inproceedings{Cutts:2018:EDA:3174781.3174789,
 author = {Cutts, Quintin and Patitsas, Elizabeth and Cole, Elizabeth and Donaldson, Peter and Alshaigy, Bedour and Gutica, Mirela and Hellas, Arto and Larraza-Mendiluze, Edurne and McCartney, Robert and Riedesel, Charles},
 title = {Early Developmental Activities and Computing Proficiency},
 booktitle = {Proceedings of the 2017 ITiCSE Conference on Working Group Reports},
 series = {ITiCSE-WGR '17},
 year = {2017},
 isbn = {978-1-4503-5627-5},
 location = {Bologna, Italy},
 pages = {140--157},
 numpages = {18},
 url = {http://doi.acm.org/10.1145/3174781.3174789},
 doi = {10.1145/3174781.3174789},
 acmid = {3174789},
 publisher = {ACM},
 address = {New York, NY, USA},
 keywords = {early-years, pre-computational thinking, pre-requisite, primary, proficiency},
}

@inproceedings{Leinonen:2016:AIP:2839509.2844612,
 author = {Leinonen, Juho and Longi, Krista and Klami, Arto and Vihavainen, Arto},
 title = {Automatic Inference of Programming Performance and Experience from Typing Patterns},
 booktitle = {Proceedings of the 47th ACM Technical Symposium on Computing Science Education},
 series = {SIGCSE '16},
 year = {2016},
 isbn = {978-1-4503-3685-7},
 location = {Memphis, Tennessee, USA},
 pages = {132--137},
 numpages = {6},
 url = {http://doi.acm.org/10.1145/2839509.2844612},
 doi = {10.1145/2839509.2844612},
 acmid = {2844612},
 publisher = {ACM},
 address = {New York, NY, USA},
 keywords = {biometric feedback, educational data mining, keystroke latency, novice programmer identification, programming data, source code snapshots},
}

