@inproceedings{Eckerdal:2005:TLP:1089786.1089799,
 author = {Eckerdal, Anna and Thun{\'e}, Michael and Berglund, Anders},
 title = {What Does It Take to Learn 'Programming Thinking'?},
 booktitle = {Proceedings of the First International Workshop on Computing Education Research},
 series = {ICER '05},
 year = {2005},
 isbn = {1-59593-043-4},
 location = {Seattle, WA, USA},
 pages = {135--142},
 numpages = {8},
 url = {http://doi.acm.org/10.1145/1089786.1089799},
 doi = {10.1145/1089786.1089799},
 acmid = {1089799},
 publisher = {ACM},
 address = {New York, NY, USA},
 keywords = {levels of abstraction, phenomenography, process-object duality},
}

@article{Kelsh:1993:LAC:152751.152760,
 author = {Kelsh, James P.},
 title = {Levels of Abstraction in CS2},
 journal = {SIGCSE Bull.},
 issue_date = {June 1993},
 volume = {25},
 number = {2},
 month = jun,
 year = {1993},
 issn = {0097-8418},
 pages = {35--37},
 numpages = {3},
 url = {http://doi.acm.org/10.1145/152751.152760},
 doi = {10.1145/152751.152760},
 acmid = {152760},
 publisher = {ACM},
 address = {New York, NY, USA},
}

@article{Guzdial:2012:LAP:2380656.2380660,
 author = {Guzdial, Mark and Robertson, Judy},
 title = {Levels of Abstraction: Pre-teens and Career Choices},
 journal = {Commun. ACM},
 issue_date = {December 2012},
 volume = {55},
 number = {12},
 month = dec,
 year = {2012},
 issn = {0001-0782},
 pages = {12--13},
 numpages = {2},
 url = {http://doi.acm.org/10.1145/2380656.2380660},
 doi = {10.1145/2380656.2380660},
 acmid = {2380660},
 publisher = {ACM},
 address = {New York, NY, USA},
}

@inproceedings{Ginat:2017:MLA:3017680.3017801,
 author = {Ginat, David and Blau, Yoav},
 title = {Multiple Levels of Abstraction in Algorithmic Problem Solving},
 booktitle = {Proceedings of the 2017 ACM SIGCSE Technical Symposium on Computer Science Education},
 series = {SIGCSE '17},
 year = {2017},
 isbn = {978-1-4503-4698-6},
 location = {Seattle, Washington, USA},
 pages = {237--242},
 numpages = {6},
 url = {http://doi.acm.org/10.1145/3017680.3017801},
 doi = {10.1145/3017680.3017801},
 acmid = {3017801},
 publisher = {ACM},
 address = {New York, NY, USA},
 keywords = {abstraction, algorithm design},
}

@article{Perrenet:2006:LAS:1140123.1140196,
 author = {Perrenet, Jacob and Kaasenbrood, Eric},
 title = {Levels of Abstraction in Students' Understanding of the Concept of Algorithm: The Qualitative Perspective},
 journal = {SIGCSE Bull.},
 issue_date = {September 2006},
 volume = {38},
 number = {3},
 month = jun,
 year = {2006},
 issn = {0097-8418},
 pages = {270--274},
 numpages = {5},
 url = {http://doi.acm.org/10.1145/1140123.1140196},
 doi = {10.1145/1140123.1140196},
 acmid = {1140196},
 publisher = {ACM},
 address = {New York, NY, USA},
 keywords = {abstraction, computer science education, research methods},
}

@inproceedings{Perrenet:2006:LAS:1140124.1140196,
 author = {Perrenet, Jacob and Kaasenbrood, Eric},
 title = {Levels of Abstraction in Students' Understanding of the Concept of Algorithm: The Qualitative Perspective},
 booktitle = {Proceedings of the 11th Annual SIGCSE Conference on Innovation and Technology in Computer Science Education},
 series = {ITICSE '06},
 year = {2006},
 isbn = {1-59593-055-8},
 location = {Bologna, Italy},
 pages = {270--274},
 numpages = {5},
 url = {http://doi.acm.org/10.1145/1140124.1140196},
 doi = {10.1145/1140124.1140196},
 acmid = {1140196},
 publisher = {ACM},
 address = {New York, NY, USA},
 keywords = {abstraction, computer science education, research methods},
}

@article{Perrenet:2005:ESU:1151954.1067467,
 author = {Perrenet, Jacob and Groote, Jan Friso and Kaasenbrood, Eric},
 title = {Exploring Students' Understanding of the Concept of Algorithm: Levels of Abstraction},
 journal = {SIGCSE Bull.},
 issue_date = {September 2005},
 volume = {37},
 number = {3},
 month = jun,
 year = {2005},
 issn = {0097-8418},
 pages = {64--68},
 numpages = {5},
 url = {http://doi.acm.org/10.1145/1151954.1067467},
 doi = {10.1145/1151954.1067467},
 acmid = {1067467},
 publisher = {ACM},
 address = {New York, NY, USA},
 keywords = {abstraction, computer science education},
}

@inproceedings{Perrenet:2005:ESU:1067445.1067467,
 author = {Perrenet, Jacob and Groote, Jan Friso and Kaasenbrood, Eric},
 title = {Exploring Students' Understanding of the Concept of Algorithm: Levels of Abstraction},
 booktitle = {Proceedings of the 10th Annual SIGCSE Conference on Innovation and Technology in Computer Science Education},
 series = {ITiCSE '05},
 year = {2005},
 isbn = {1-59593-024-8},
 location = {Caparica, Portugal},
 pages = {64--68},
 numpages = {5},
 url = {http://doi.acm.org/10.1145/1067445.1067467},
 doi = {10.1145/1067445.1067467},
 acmid = {1067467},
 publisher = {ACM},
 address = {New York, NY, USA},
 keywords = {abstraction, computer science education},
}

@article{Levine:1993:DDL:169073.169486,
 author = {Levine, David B.},
 title = {Dealing with Different Levels of Abstraction in a Data Structures Course},
 journal = {SIGCSE Bull.},
 issue_date = {March 1993},
 volume = {25},
 number = {1},
 month = mar,
 year = {1993},
 issn = {0097-8418},
 pages = {261--264},
 numpages = {4},
 url = {http://doi.acm.org/10.1145/169073.169486},
 doi = {10.1145/169073.169486},
 acmid = {169486},
 publisher = {ACM},
 address = {New York, NY, USA},
}

@inproceedings{Levine:1993:DDL:169070.169486,
 author = {Levine, David B.},
 title = {Dealing with Different Levels of Abstraction in a Data Structures Course},
 booktitle = {Proceedings of the Twenty-fourth SIGCSE Technical Symposium on Computer Science Education},
 series = {SIGCSE '93},
 year = {1993},
 isbn = {0-89791-565-8},
 location = {Indianapolis, Indiana, USA},
 pages = {261--264},
 numpages = {4},
 url = {http://doi.acm.org/10.1145/169070.169486},
 doi = {10.1145/169070.169486},
 acmid = {169486},
 publisher = {ACM},
 address = {New York, NY, USA},
}

@inproceedings{Taub:2014:ABC:2670757.2670777,
 author = {Taub, Rivka and Armoni, Michal and Ben-Ari, Mordechai (Moti)},
 title = {Abstraction As a Bridging Concept Between Computer Science and Physics},
 booktitle = {Proceedings of the 9th Workshop in Primary and Secondary Computing Education},
 series = {WiPSCE '14},
 year = {2014},
 isbn = {978-1-4503-3250-7},
 location = {Berlin, Germany},
 pages = {16--19},
 numpages = {4},
 url = {http://doi.acm.org/10.1145/2670757.2670777},
 doi = {10.1145/2670757.2670777},
 acmid = {2670777},
 publisher = {ACM},
 address = {New York, NY, USA},
 keywords = {abstraction, computational science, k-12 instruction, modeling},
}

@inproceedings{Koppelman:2001:TAE:377435.377712,
 author = {Koppelman, Herman},
 title = {Teaching Abstraction Explicitly (Poster Session)},
 booktitle = {Proceedings of the 6th Annual Conference on Innovation and Technology in Computer Science Education},
 series = {ITiCSE '01},
 year = {2001},
 isbn = {1-58113-330-8},
 location = {Canterbury, United Kingdom},
 pages = {191--},
 url = {http://doi.acm.org/10.1145/377435.377712},
 doi = {10.1145/377435.377712},
 acmid = {377712},
 publisher = {ACM},
 address = {New York, NY, USA},
}

@article{Koppelman:2001:TAE:507758.377712,
 author = {Koppelman, Herman},
 title = {Teaching Abstraction Explicitly (Poster Session)},
 journal = {SIGCSE Bull.},
 issue_date = {Sept. 2001},
 volume = {33},
 number = {3},
 month = jun,
 year = {2001},
 issn = {0097-8418},
 pages = {191--},
 url = {http://doi.acm.org/10.1145/507758.377712},
 doi = {10.1145/507758.377712},
 acmid = {377712},
 publisher = {ACM},
 address = {New York, NY, USA},
}

@article{Walker:2008:CIS:1473195.1473204,
 author = {Walker, Henry M.},
 title = {Classroom Issues: Staying Connected with the Big Picture},
 journal = {SIGCSE Bull.},
 issue_date = {December 2008},
 volume = {40},
 number = {4},
 month = nov,
 year = {2008},
 issn = {0097-8418},
 pages = {18--20},
 numpages = {3},
 url = {http://doi.acm.org/10.1145/1473195.1473204},
 doi = {10.1145/1473195.1473204},
 acmid = {1473204},
 publisher = {ACM},
 address = {New York, NY, USA},
}

@article{Stolin:2007:SUC:1272848.1272887,
 author = {Stolin, Yuila and Hazzan, Orit},
 title = {Students' Understanding of Computer Science Soft Ideas: The Case of Programming Paradigm},
 journal = {SIGCSE Bull.},
 issue_date = {June 2007},
 volume = {39},
 number = {2},
 month = jun,
 year = {2007},
 issn = {0097-8418},
 pages = {65--69},
 numpages = {5},
 url = {http://doi.acm.org/10.1145/1272848.1272887},
 doi = {10.1145/1272848.1272887},
 acmid = {1272887},
 publisher = {ACM},
 address = {New York, NY, USA},
 keywords = {abstraction, programming languages, programming paradigm, student conception},
}

@inproceedings{Sudol-DeLyser:2015:EAS:2676723.2677222,
 author = {Sudol-DeLyser, Leigh Ann},
 title = {Expression of Abstraction: Self Explanation in Code Production},
 booktitle = {Proceedings of the 46th ACM Technical Symposium on Computer Science Education},
 series = {SIGCSE '15},
 year = {2015},
 isbn = {978-1-4503-2966-8},
 location = {Kansas City, Missouri, USA},
 pages = {272--277},
 numpages = {6},
 url = {http://doi.acm.org/10.1145/2676723.2677222},
 doi = {10.1145/2676723.2677222},
 acmid = {2677222},
 publisher = {ACM},
 address = {New York, NY, USA},
 keywords = {code comprehension, computer science education research, explain in plain english, novice programmers, solo},
}

@inproceedings{Teague:2012:PNT:2361276.2361313,
 author = {Teague, Donna M.},
 title = {Programming and Neo-piagetian Theory},
 booktitle = {Proceedings of the Ninth Annual International Conference on International Computing Education Research},
 series = {ICER '12},
 year = {2012},
 isbn = {978-1-4503-1604-0},
 location = {Auckland, New Zealand},
 pages = {165--166},
 numpages = {2},
 url = {http://doi.acm.org/10.1145/2361276.2361313},
 doi = {10.1145/2361276.2361313},
 acmid = {2361313},
 publisher = {ACM},
 address = {New York, NY, USA},
 keywords = {cognitive development, neo-piagetian theory, think aloud.},
}

@inproceedings{Cutts:2012:ATT:2361276.2361290,
 author = {Cutts, Quintin and Esper, Sarah and Fecho, Marlena and Foster, Stephen R. and Simon, Beth},
 title = {The Abstraction Transition Taxonomy: Developing Desired Learning Outcomes Through the Lens of Situated Cognition},
 booktitle = {Proceedings of the Ninth Annual International Conference on International Computing Education Research},
 series = {ICER '12},
 year = {2012},
 isbn = {978-1-4503-1604-0},
 location = {Auckland, New Zealand},
 pages = {63--70},
 numpages = {8},
 url = {http://doi.acm.org/10.1145/2361276.2361290},
 doi = {10.1145/2361276.2361290},
 acmid = {2361290},
 publisher = {ACM},
 address = {New York, NY, USA},
 keywords = {cognitive apprenticeship, cs0, cs1, cs2, deliberate practice, situated cognition, taxonomy},
}

@inproceedings{Almanza:2017:DVP:3125659.3125702,
 author = {Almanza, Daniel F. and Del Toro, Manuel F. and Urrego, Ricardo A. and Feij\'{o}o, Pedro G. and De la Rosa, Fernando},
 title = {DStBlocks: Visual Programming for Data Structures},
 booktitle = {Proceedings of the 18th Annual Conference on Information Technology Education},
 series = {SIGITE '17},
 year = {2017},
 isbn = {978-1-4503-5100-3},
 location = {Rochester, New York, USA},
 pages = {173--173},
 numpages = {1},
 url = {http://doi.acm.org/10.1145/3125659.3125702},
 doi = {10.1145/3125659.3125702},
 acmid = {3125702},
 publisher = {ACM},
 address = {New York, NY, USA},
 keywords = {data structures, e-learning, educational technologies, validated learning, visual blocks programming},
}

@inproceedings{Kay:2018:DMS:3279720.3279738,
 author = {Kay, Andrew and Wong, Shun Ha Sylvia},
 title = {Discovering Missing Stages in the Teaching of Algorithm Analysis: An APOS-based Study},
 booktitle = {Proceedings of the 18th Koli Calling International Conference on Computing Education Research},
 series = {Koli Calling '18},
 year = {2018},
 isbn = {978-1-4503-6535-2},
 location = {Koli, Finland},
 pages = {18:1--18:5},
 articleno = {18},
 numpages = {5},
 url = {http://doi.acm.org/10.1145/3279720.3279738},
 doi = {10.1145/3279720.3279738},
 acmid = {3279738},
 publisher = {ACM},
 address = {New York, NY, USA},
 keywords = {APOS theory, algorithm analysis, computing education},
}

@inproceedings{Eckerdal:2007:LLC:1288580.1288597,
 author = {Eckerdal, Anna and McCartney, Robert and Mostr\"{o}m, Jan Erik and Sanders, Kate and Thomas, Lynda and Zander, Carol},
 title = {From Limen to Lumen: Computing Students in Liminal Spaces},
 booktitle = {Proceedings of the Third International Workshop on Computing Education Research},
 series = {ICER '07},
 year = {2007},
 isbn = {978-1-59593-841-1},
 location = {Atlanta, Georgia, USA},
 pages = {123--132},
 numpages = {10},
 url = {http://doi.acm.org/10.1145/1288580.1288597},
 doi = {10.1145/1288580.1288597},
 acmid = {1288597},
 publisher = {ACM},
 address = {New York, NY, USA},
 keywords = {learning theory, liminal space, threshold concepts},
}

@article{Chesnevar:2004:DSP:1026487.1008002,
 author = {Ches\~{n}evar, Carlos I. and Gonz\'{a}lez, Maria P. and Maguitman, Ana G.},
 title = {Didactic Strategies for Promoting Significant Learning in Formal Languages and Automata Theory},
 journal = {SIGCSE Bull.},
 issue_date = {September 2004},
 volume = {36},
 number = {3},
 month = jun,
 year = {2004},
 issn = {0097-8418},
 pages = {7--11},
 numpages = {5},
 url = {http://doi.acm.org/10.1145/1026487.1008002},
 doi = {10.1145/1026487.1008002},
 acmid = {1008002},
 publisher = {ACM},
 address = {New York, NY, USA},
 keywords = {automata theory, constructivism, formal languages},
}

@inproceedings{Chesnevar:2004:DSP:1007996.1008002,
 author = {Ches\~{n}evar, Carlos I. and Gonz\'{a}lez, Maria P. and Maguitman, Ana G.},
 title = {Didactic Strategies for Promoting Significant Learning in Formal Languages and Automata Theory},
 booktitle = {Proceedings of the 9th Annual SIGCSE Conference on Innovation and Technology in Computer Science Education},
 series = {ITiCSE '04},
 year = {2004},
 isbn = {1-58113-836-9},
 location = {Leeds, United Kingdom},
 pages = {7--11},
 numpages = {5},
 url = {http://doi.acm.org/10.1145/1007996.1008002},
 doi = {10.1145/1007996.1008002},
 acmid = {1008002},
 publisher = {ACM},
 address = {New York, NY, USA},
 keywords = {automata theory, constructivism, formal languages},
}

@inproceedings{Alexandron:2014:SPR:2591062.2591167,
 author = {Alexandron, Giora and Armoni, Michal and Gordon, Michal and Harel, David},
 title = {Scenario-based Programming: Reducing the Cognitive Load, Fostering Abstract Thinking},
 booktitle = {Companion Proceedings of the 36th International Conference on Software Engineering},
 series = {ICSE Companion 2014},
 year = {2014},
 isbn = {978-1-4503-2768-8},
 location = {Hyderabad, India},
 pages = {311--320},
 numpages = {10},
 url = {http://doi.acm.org/10.1145/2591062.2591167},
 doi = {10.1145/2591062.2591167},
 acmid = {2591167},
 publisher = {ACM},
 address = {New York, NY, USA},
 keywords = {Abstraction, Scenario-Based Programming},
}

@inproceedings{Sentance:2017:PEP:3137065.3137084,
 author = {Sentance, Sue and Waite, Jane},
 title = {PRIMM: Exploring Pedagogical Approaches for Teaching Text-based Programming in School},
 booktitle = {Proceedings of the 12th Workshop on Primary and Secondary Computing Education},
 series = {WiPSCE '17},
 year = {2017},
 isbn = {978-1-4503-5428-8},
 location = {Nijmegen, Netherlands},
 pages = {113--114},
 numpages = {2},
 url = {http://doi.acm.org/10.1145/3137065.3137084},
 doi = {10.1145/3137065.3137084},
 acmid = {3137084},
 publisher = {ACM},
 address = {New York, NY, USA},
 keywords = {K-12 education, pedagogy, programming},
}

@inproceedings{Larkins:2014:MUC:2538862.2544309,
 author = {Larkins, D. Brian},
 title = {Making Use of the Cognitive Apprenticeship Framework in an Undergraduate Robotics Course (Abstract Only)},
 booktitle = {Proceedings of the 45th ACM Technical Symposium on Computer Science Education},
 series = {SIGCSE '14},
 year = {2014},
 isbn = {978-1-4503-2605-6},
 location = {Atlanta, Georgia, USA},
 pages = {722--722},
 numpages = {1},
 url = {http://doi.acm.org/10.1145/2538862.2544309},
 doi = {10.1145/2538862.2544309},
 acmid = {2544309},
 publisher = {ACM},
 address = {New York, NY, USA},
 keywords = {cognitive apprenticeship, education, robotics},
}

@article{Sorva:2013:NMI:2483710.2483713,
 author = {Sorva, Juha},
 title = {Notional Machines and Introductory Programming Education},
 journal = {Trans. Comput. Educ.},
 issue_date = {June 2013},
 volume = {13},
 number = {2},
 month = jul,
 year = {2013},
 issn = {1946-6226},
 pages = {8:1--8:31},
 articleno = {8},
 numpages = {31},
 url = {http://doi.acm.org/10.1145/2483710.2483713},
 doi = {10.1145/2483710.2483713},
 acmid = {2483713},
 publisher = {ACM},
 address = {New York, NY, USA},
 keywords = {CS1, Notional machine, constructivism, introductory programming education, literature review, mental models, misconceptions, phenomenography, threshold concepts},
}

@inproceedings{Cuadrado-Gallego:2011:VLT:1992896.1992904,
 author = {Cuadrado-Gallego, Juan and Mart\'{\i}n-Herrera, Borja and Rodr\'{\i}guez-Soria, Pablo},
 title = {Visual Learning Techniques for Software Measurement},
 booktitle = {Proceedings of The Fourth International C* Conference on Computer Science and Software Engineering},
 series = {C3S2E '11},
 year = {2011},
 isbn = {978-1-4503-0626-3},
 location = {Montreal, Quebec, Canada},
 pages = {59--62},
 numpages = {4},
 url = {http://doi.acm.org/10.1145/1992896.1992904},
 doi = {10.1145/1992896.1992904},
 acmid = {1992904},
 publisher = {ACM},
 address = {New York, NY, USA},
 keywords = {software engineering, software measurement, visual learning},
}

@article{Maj:2001:PNH:366413.364584,
 author = {Maj, S. P. and Veal, D. and Duley, R.},
 title = {A Proposed New High Level Abstraction for Computer Technology},
 journal = {SIGCSE Bull.},
 issue_date = {March 2001},
 volume = {33},
 number = {1},
 month = feb,
 year = {2001},
 issn = {0097-8418},
 pages = {199--203},
 numpages = {5},
 url = {http://doi.acm.org/10.1145/366413.364584},
 doi = {10.1145/366413.364584},
 acmid = {364584},
 publisher = {ACM},
 address = {New York, NY, USA},
 keywords = {computer technology education, constructivisim, modeling},
}

@inproceedings{Maj:2001:PNH:364447.364584,
 author = {Maj, S. P. and Veal, D. and Duley, R.},
 title = {A Proposed New High Level Abstraction for Computer Technology},
 booktitle = {Proceedings of the Thirty-second SIGCSE Technical Symposium on Computer Science Education},
 series = {SIGCSE '01},
 year = {2001},
 isbn = {1-58113-329-4},
 location = {Charlotte, North Carolina, USA},
 pages = {199--203},
 numpages = {5},
 url = {http://doi.acm.org/10.1145/364447.364584},
 doi = {10.1145/364447.364584},
 acmid = {364584},
 publisher = {ACM},
 address = {New York, NY, USA},
 keywords = {computer technology education, constructivisim, modeling},
}

@article{Tang:1992:CSS:135250.134536,
 author = {Tang, L. S.},
 title = {A CPU Scheduling Simulation from Structured Programming to Object-oriented Design},
 journal = {SIGCSE Bull.},
 issue_date = {March 1992},
 volume = {24},
 number = {1},
 month = mar,
 year = {1992},
 issn = {0097-8418},
 pages = {129--133},
 numpages = {5},
 url = {http://doi.acm.org/10.1145/135250.134536},
 doi = {10.1145/135250.134536},
 acmid = {134536},
 publisher = {ACM},
 address = {New York, NY, USA},
}

@inproceedings{Tang:1992:CSS:134510.134536,
 author = {Tang, L. S.},
 title = {A CPU Scheduling Simulation from Structured Programming to Object-oriented Design},
 booktitle = {Proceedings of the Twenty-third SIGCSE Technical Symposium on Computer Science Education},
 series = {SIGCSE '92},
 year = {1992},
 isbn = {0-89791-468-6},
 location = {Kansas City, Missouri, USA},
 pages = {129--133},
 numpages = {5},
 url = {http://doi.acm.org/10.1145/134510.134536},
 doi = {10.1145/134510.134536},
 acmid = {134536},
 publisher = {ACM},
 address = {New York, NY, USA},
}

@article{Schweitzer:2009:DWL:1629036.1629042,
 author = {Schweitzer, Dino and Boleng, Jeff},
 title = {Designing Web Labs for Teaching Security Concepts},
 journal = {J. Comput. Sci. Coll.},
 issue_date = {December 2009},
 volume = {25},
 number = {2},
 month = dec,
 year = {2009},
 issn = {1937-4771},
 pages = {39--45},
 numpages = {7},
 url = {http://dl.acm.org/citation.cfm?id=1629036.1629042},
 acmid = {1629042},
 publisher = {Consortium for Computing Sciences in Colleges},
 address = {USA},
}

@article{Neff:2003:OFT:771832.771840,
 author = {Neff, Norman and Sampath, G.},
 title = {An Object Framework for Teaching ALU Component Design in Architecture Courses},
 journal = {J. Comput. Sci. Coll.},
 issue_date = {May 2003},
 volume = {18},
 number = {5},
 month = may,
 year = {2003},
 issn = {1937-4771},
 pages = {23--30},
 numpages = {8},
 url = {http://dl.acm.org/citation.cfm?id=771832.771840},
 acmid = {771840},
 publisher = {Consortium for Computing Sciences in Colleges},
 address = {USA},
}

@article{Reed:1998:IPP:274790.273137,
 author = {Reed, David},
 title = {Incorporating Problem-solving Patterns in CS1},
 journal = {SIGCSE Bull.},
 issue_date = {Mar. 1998},
 volume = {30},
 number = {1},
 month = mar,
 year = {1998},
 issn = {0097-8418},
 pages = {6--9},
 numpages = {4},
 url = {http://doi.acm.org/10.1145/274790.273137},
 doi = {10.1145/274790.273137},
 acmid = {273137},
 publisher = {ACM},
 address = {New York, NY, USA},
}

@inproceedings{Reed:1998:IPP:273133.273137,
 author = {Reed, David},
 title = {Incorporating Problem-solving Patterns in CS1},
 booktitle = {Proceedings of the Twenty-ninth SIGCSE Technical Symposium on Computer Science Education},
 series = {SIGCSE '98},
 year = {1998},
 isbn = {0-89791-994-7},
 location = {Atlanta, Georgia, USA},
 pages = {6--9},
 numpages = {4},
 url = {http://doi.acm.org/10.1145/273133.273137},
 doi = {10.1145/273133.273137},
 acmid = {273137},
 publisher = {ACM},
 address = {New York, NY, USA},
}

@inproceedings{Cross:2009:UPA:1631728.1631776,
 author = {Cross, Gerry W.},
 title = {Using a Protocol Analyzer to Introduce Communications Protocols},
 booktitle = {Proceedings of the 10th ACM Conference on SIG-information Technology Education},
 series = {SIGITE '09},
 year = {2009},
 isbn = {978-1-60558-765-3},
 location = {Fairfax, Virginia, USA},
 pages = {178--181},
 numpages = {4},
 url = {http://doi.acm.org/10.1145/1631728.1631776},
 doi = {10.1145/1631728.1631776},
 acmid = {1631776},
 publisher = {ACM},
 address = {New York, NY, USA},
 keywords = {active learning, communications protocols, it education, networking course, vmware workstation, wireshark},
}

@article{Nguyen:1998:DPD:274790.274325,
 author = {Nguyen, Dung},
 title = {Design Patterns for Data Structures},
 journal = {SIGCSE Bull.},
 issue_date = {Mar. 1998},
 volume = {30},
 number = {1},
 month = mar,
 year = {1998},
 issn = {0097-8418},
 pages = {336--340},
 numpages = {5},
 url = {http://doi.acm.org/10.1145/274790.274325},
 doi = {10.1145/274790.274325},
 acmid = {274325},
 publisher = {ACM},
 address = {New York, NY, USA},
}

@inproceedings{Nguyen:1998:DPD:273133.274325,
 author = {Nguyen, Dung},
 title = {Design Patterns for Data Structures},
 booktitle = {Proceedings of the Twenty-ninth SIGCSE Technical Symposium on Computer Science Education},
 series = {SIGCSE '98},
 year = {1998},
 isbn = {0-89791-994-7},
 location = {Atlanta, Georgia, USA},
 pages = {336--340},
 numpages = {5},
 url = {http://doi.acm.org/10.1145/273133.274325},
 doi = {10.1145/273133.274325},
 acmid = {274325},
 publisher = {ACM},
 address = {New York, NY, USA},
}

@inproceedings{Gibbs:2010:UAM:1869542.1869569,
 author = {Gibbs, Celina and Coady, Yvonne},
 title = {Understanding Abstraction: A Means of Leveling the Playing Field in CS1?},
 booktitle = {Proceedings of the ACM International Conference Companion on Object Oriented Programming Systems Languages and Applications Companion},
 series = {OOPSLA '10},
 year = {2010},
 isbn = {978-1-4503-0240-1},
 location = {Reno/Tahoe, Nevada, USA},
 pages = {169--174},
 numpages = {6},
 url = {http://doi.acm.org/10.1145/1869542.1869569},
 doi = {10.1145/1869542.1869569},
 acmid = {1869569},
 publisher = {ACM},
 address = {New York, NY, USA},
 keywords = {computer science education},
}

@inproceedings{Hunter:2002:EEI:1556262.1556317,
 author = {Hunter, Andrew and Exton, Christopher},
 title = {Elucidate: Employing Information Visualisation to Aid Pedagogy for Students},
 booktitle = {Proceedings of the Working Conference on Advanced Visual Interfaces},
 series = {AVI '02},
 year = {2002},
 isbn = {1-58113-537-8},
 location = {Trento, Italy},
 pages = {343--344},
 numpages = {2},
 url = {http://doi.acm.org/10.1145/1556262.1556317},
 doi = {10.1145/1556262.1556317},
 acmid = {1556317},
 publisher = {ACM},
 address = {New York, NY, USA},
 keywords = {concurrency, tools, visualisation},
}

@inproceedings{Ade-Ibijola:2014:ANN:2664591.2664601,
 author = {Ade-Ibijola, Abejide and Ewert, Sigrid and Sanders, Ian},
 title = {Abstracting and Narrating Novice Programs Using Regular Expressions},
 booktitle = {Proceedings of the Southern African Institute for Computer Scientist and Information Technologists Annual Conference 2014 on SAICSIT 2014 Empowered by Technology},
 series = {SAICSIT '14},
 year = {2014},
 isbn = {978-1-4503-3246-0},
 location = {Centurion, South Africa},
 pages = {19:19--19:28},
 articleno = {19},
 numpages = {10},
 url = {http://doi.acm.org/10.1145/2664591.2664601},
 doi = {10.1145/2664591.2664601},
 acmid = {2664601},
 publisher = {ACM},
 address = {New York, NY, USA},
 keywords = {Program comprehension, novice programs, program abstraction, regular expressions, syntax-free approach},
}

@inproceedings{Syslo:2015:ACT:2729094.2742582,
 author = {Sys\lo, Maciej M.},
 title = {From Algorithmic to Computational Thinking: On the Way for Computing for All Students},
 booktitle = {Proceedings of the 2015 ACM Conference on Innovation and Technology in Computer Science Education},
 series = {ITiCSE '15},
 year = {2015},
 isbn = {978-1-4503-3440-2},
 location = {Vilnius, Lithuania},
 pages = {1--1},
 numpages = {1},
 url = {http://doi.acm.org/10.1145/2729094.2742582},
 doi = {10.1145/2729094.2742582},
 acmid = {2742582},
 publisher = {ACM},
 address = {New York, NY, USA},
 keywords = {algorithmic thinking, computational thinking, k-12 computing curriculum},
}

@inproceedings{Hoffman:2004:CMD:979968.979987,
 author = {Hoffman, Mark E.},
 title = {The Case for More Digital Logic in Computer Architecture},
 booktitle = {Proceedings of the Sixth Australasian Conference on Computing Education - Volume 30},
 series = {ACE '04},
 year = {2004},
 location = {Dunedin, New Zealand},
 pages = {137--143},
 numpages = {7},
 url = {http://dl.acm.org/citation.cfm?id=979968.979987},
 acmid = {979987},
 publisher = {Australian Computer Society, Inc.},
 address = {Darlinghurst, Australia, Australia},
 keywords = {computer architecture, digital logic, hardware},
}

@inproceedings{Oberdorfer:2019:UGK:3290605.3300405,
 author = {Oberd\"{o}rfer, Sebastian and Heidrich, David and Latoschik, Marc Erich},
 title = {Usability of Gamified Knowledge Learning in VR and Desktop-3D},
 booktitle = {Proceedings of the 2019 CHI Conference on Human Factors in Computing Systems},
 series = {CHI '19},
 year = {2019},
 isbn = {978-1-4503-5970-2},
 location = {Glasgow, Scotland Uk},
 pages = {175:1--175:13},
 articleno = {175},
 numpages = {13},
 url = {http://doi.acm.org/10.1145/3290605.3300405},
 doi = {10.1145/3290605.3300405},
 acmid = {3300405},
 publisher = {ACM},
 address = {New York, NY, USA},
 keywords = {gamification, knowledge learning, serious games design},
}

@article{Mitchell:1989:BP:65294.65306,
 author = {Mitchell, William},
 title = {What is to Become of Programming?},
 journal = {SIGCSE Bull.},
 issue_date = {Feb. 1989},
 volume = {21},
 number = {1},
 month = feb,
 year = {1989},
 issn = {0097-8418},
 pages = {131--135},
 numpages = {5},
 url = {http://doi.acm.org/10.1145/65294.65306},
 doi = {10.1145/65294.65306},
 acmid = {65306},
 publisher = {ACM},
 address = {New York, NY, USA},
}

@inproceedings{Mitchell:1989:BP:65293.65306,
 author = {Mitchell, William},
 title = {What is to Become of Programming?},
 booktitle = {Proceedings of the Twentieth SIGCSE Technical Symposium on Computer Science Education},
 series = {SIGCSE '89},
 year = {1989},
 isbn = {0-89791-298-5},
 location = {Louisville, Kentucky, USA},
 pages = {131--135},
 numpages = {5},
 url = {http://doi.acm.org/10.1145/65293.65306},
 doi = {10.1145/65293.65306},
 acmid = {65306},
 publisher = {ACM},
 address = {New York, NY, USA},
}

@inproceedings{Stamouli:2006:OOP:1151588.1151605,
 author = {Stamouli, Ioanna and Huggard, Meriel},
 title = {Object Oriented Programming and Program Correctness: The Students' Perspective},
 booktitle = {Proceedings of the Second International Workshop on Computing Education Research},
 series = {ICER '06},
 year = {2006},
 isbn = {1-59593-494-4},
 location = {Canterbury, United Kingdom},
 pages = {109--118},
 numpages = {10},
 url = {http://doi.acm.org/10.1145/1151588.1151605},
 doi = {10.1145/1151588.1151605},
 acmid = {1151605},
 publisher = {ACM},
 address = {New York, NY, USA},
 keywords = {learning to program, object oriented programming, phenomenography, program correctness},
}

@article{Sprague:2002:AKC:772636.772671,
 author = {Sprague, Peter and Schahczenski, Celia},
 title = {Abstraction the Key to CS1},
 journal = {J. Comput. Sci. Coll.},
 issue_date = {February 2002},
 volume = {17},
 number = {3},
 month = feb,
 year = {2002},
 issn = {1937-4771},
 pages = {211--218},
 numpages = {8},
 url = {http://dl.acm.org/citation.cfm?id=772636.772671},
 acmid = {772671},
 publisher = {Consortium for Computing Sciences in Colleges},
 address = {USA},
}

@inproceedings{Sommers:2015:LBS:2676723.2677211,
 author = {Sommers, Joel},
 title = {Lowering the Barrier to Systems-level Networking Projects},
 booktitle = {Proceedings of the 46th ACM Technical Symposium on Computer Science Education},
 series = {SIGCSE '15},
 year = {2015},
 isbn = {978-1-4503-2966-8},
 location = {Kansas City, Missouri, USA},
 pages = {651--656},
 numpages = {6},
 url = {http://doi.acm.org/10.1145/2676723.2677211},
 doi = {10.1145/2676723.2677211},
 acmid = {2677211},
 publisher = {ACM},
 address = {New York, NY, USA},
 keywords = {middleboxes, routing, switching, test-driven development},
}

@inproceedings{Ouh:2019:ACL:3304221.3319737,
 author = {Ouh, Eng Lieh and Irawan, Yunghans},
 title = {Applying Case-Based Learning for a Postgraduate Software Architecture Course},
 booktitle = {Proceedings of the 2019 ACM Conference on Innovation and Technology in Computer Science Education},
 series = {ITiCSE '19},
 year = {2019},
 isbn = {978-1-4503-6301-3},
 location = {Aberdeen, Scotland Uk},
 pages = {457--463},
 numpages = {7},
 url = {http://doi.acm.org/10.1145/3304221.3319737},
 doi = {10.1145/3304221.3319737},
 acmid = {3319737},
 publisher = {ACM},
 address = {New York, NY, USA},
 keywords = {case-based learning, curriculum design, pedagogical approach, software architecture},
}

@article{Nguyen:2001:DPS:366413.364597,
 author = {Nguyen, Dung ``Zung'' and Wong, Stephen B.},
 title = {Design Patterns for Sorting},
 journal = {SIGCSE Bull.},
 issue_date = {March 2001},
 volume = {33},
 number = {1},
 month = feb,
 year = {2001},
 issn = {0097-8418},
 pages = {263--267},
 numpages = {5},
 url = {http://doi.acm.org/10.1145/366413.364597},
 doi = {10.1145/366413.364597},
 acmid = {364597},
 publisher = {ACM},
 address = {New York, NY, USA},
}

@inproceedings{Nguyen:2001:DPS:364447.364597,
 author = {Nguyen, Dung ``Zung'' and Wong, Stephen B.},
 title = {Design Patterns for Sorting},
 booktitle = {Proceedings of the Thirty-second SIGCSE Technical Symposium on Computer Science Education},
 series = {SIGCSE '01},
 year = {2001},
 isbn = {1-58113-329-4},
 location = {Charlotte, North Carolina, USA},
 pages = {263--267},
 numpages = {5},
 url = {http://doi.acm.org/10.1145/364447.364597},
 doi = {10.1145/364447.364597},
 acmid = {364597},
 publisher = {ACM},
 address = {New York, NY, USA},
}

@article{Fishberg:2015:NRA:2752628.2752648,
 author = {Fishberg, Andrew J. and Posner, Samuel A.},
 title = {Neo-piagetian Reasoning and Abstraction: Introducing Low-level Programming to Novice Students},
 journal = {J. Comput. Sci. Coll.},
 issue_date = {April 2015},
 volume = {30},
 number = {4},
 month = apr,
 year = {2015},
 issn = {1937-4771},
 pages = {92--99},
 numpages = {8},
 url = {http://dl.acm.org/citation.cfm?id=2752628.2752648},
 acmid = {2752648},
 publisher = {Consortium for Computing Sciences in Colleges},
 address = {USA},
}

@inproceedings{Schmalz:2008:IWM:1414558.1414567,
 author = {Schmalz, Mark S. and Conway, Lynn},
 title = {It/Cs Workshop: Multimodal, Multimedia Courseware for Teaching Technical Concepts in Humanistic Context},
 booktitle = {Proceedings of the 9th ACM SIGITE Conference on Information Technology Education},
 series = {SIGITE '08},
 year = {2008},
 isbn = {978-1-60558-329-7},
 location = {Cincinnati, OH, USA},
 pages = {23--30},
 numpages = {8},
 url = {http://doi.acm.org/10.1145/1414558.1414567},
 doi = {10.1145/1414558.1414567},
 acmid = {1414567},
 publisher = {ACM},
 address = {New York, NY, USA},
 keywords = {courseware, distributed learning, performance measurement},
}

@inproceedings{Brinda:2018:SSS:3265757.3265763,
 author = {Brinda, Torsten and Napierala, Stephan and Behler, Gero Alexander},
 title = {What Do Secondary School Students Associate with the Digital World?},
 booktitle = {Proceedings of the 13th Workshop in Primary and Secondary Computing Education},
 series = {WiPSCE '18},
 year = {2018},
 isbn = {978-1-4503-6588-8},
 location = {Potsdam, Germany},
 pages = {6:1--6:10},
 articleno = {6},
 numpages = {10},
 url = {http://doi.acm.org/10.1145/3265757.3265763},
 doi = {10.1145/3265757.3265763},
 acmid = {3265763},
 publisher = {ACM},
 address = {New York, NY, USA},
 keywords = {associative spectrum, associative test, computer science, digital world, secondary education, students' interests},
}

@article{Schlueter:2008:CDC:1597849.1384409,
 author = {Schlueter, Kirsten and Brinda, Torsten},
 title = {Characteristics and Dimensions of a Competence Model of Theoretical Computer Science in Secondary Education},
 journal = {SIGCSE Bull.},
 issue_date = {September 2008},
 volume = {40},
 number = {3},
 month = jun,
 year = {2008},
 issn = {0097-8418},
 pages = {367--367},
 numpages = {1},
 url = {http://doi.acm.org/10.1145/1597849.1384409},
 doi = {10.1145/1597849.1384409},
 acmid = {1384409},
 publisher = {ACM},
 address = {New York, NY, USA},
 keywords = {characteristics of task difficulty, competence model, competence profiles, didactics of informatics, educational standards, secondary computer science education, theoretical computer science},
}

@inproceedings{Schlueter:2008:CDC:1384271.1384409,
 author = {Schlueter, Kirsten and Brinda, Torsten},
 title = {Characteristics and Dimensions of a Competence Model of Theoretical Computer Science in Secondary Education},
 booktitle = {Proceedings of the 13th Annual Conference on Innovation and Technology in Computer Science Education},
 series = {ITiCSE '08},
 year = {2008},
 isbn = {978-1-60558-078-4},
 location = {Madrid, Spain},
 pages = {367--367},
 numpages = {1},
 url = {http://doi.acm.org/10.1145/1384271.1384409},
 doi = {10.1145/1384271.1384409},
 acmid = {1384409},
 publisher = {ACM},
 address = {New York, NY, USA},
 keywords = {characteristics of task difficulty, competence model, competence profiles, didactics of informatics, educational standards, secondary computer science education, theoretical computer science},
}

@article{Gestwicki:2009:ERA:1619221.1619241,
 author = {Gestwicki, Paul and Haddad, Andrew and Toombs, Austin and Sun, Fu-Shing},
 title = {An Experience Report and Analysis of Java Technologies in Undergraduate Game Programming Courses},
 journal = {J. Comput. Sci. Coll.},
 issue_date = {October 2009},
 volume = {25},
 number = {1},
 month = oct,
 year = {2009},
 issn = {1937-4771},
 pages = {102--108},
 numpages = {7},
 url = {http://dl.acm.org/citation.cfm?id=1619221.1619241},
 acmid = {1619241},
 publisher = {Consortium for Computing Sciences in Colleges},
 address = {USA},
}

@article{Caspi:2005:GGC:1086519.1086526,
 author = {Caspi, P. and Sangiovanni-Vincentelli, A. and Almeida, L. and Benveniste, A. and Bouyssounouse, B. and Buttazzo, G. and Crnkovic, I. and Damm, W. and Engblom, J. and Folher, G. and Garcia-Valls, M. and Kopetz, H. and Lakhnech, Y. and Laroussinie, F. and Lavagno, L. and Lipari, G. and Maraninchi, F. and Peti, Ph. and Puente, J. de la and Scaife, N. and Sifakis, J. and de Simone, R. and Torngren, M. and Ver\'{\i}ssimo, P. and Wellings, A. J. and Wilhelm, R. and Willemse, T. and Yi, W.},
 title = {Guidelines for a Graduate Curriculum on Embedded Software and Systems},
 journal = {ACM Trans. Embed. Comput. Syst.},
 issue_date = {August 2005},
 volume = {4},
 number = {3},
 month = aug,
 year = {2005},
 issn = {1539-9087},
 pages = {587--611},
 numpages = {25},
 url = {http://doi.acm.org/10.1145/1086519.1086526},
 doi = {10.1145/1086519.1086526},
 acmid = {1086526},
 publisher = {ACM},
 address = {New York, NY, USA},
 keywords = {Graduate curriculum, architecture and design, control, distributed systems, embedded systems, extrafunctional properties, labs, real-time},
}

@article{Aharoni:2000:CES:331795.331804,
 author = {Aharoni, Dan},
 title = {Cogito, Ergo Sum! Cognitive Processes of Students Dealing with Data Structures},
 journal = {SIGCSE Bull.},
 issue_date = {Mar. 2000},
 volume = {32},
 number = {1},
 month = mar,
 year = {2000},
 issn = {0097-8418},
 pages = {26--30},
 numpages = {5},
 url = {http://doi.acm.org/10.1145/331795.331804},
 doi = {10.1145/331795.331804},
 acmid = {331804},
 publisher = {ACM},
 address = {New York, NY, USA},
}

@inproceedings{Aharoni:2000:CES:330908.331804,
 author = {Aharoni, Dan},
 title = {Cogito, Ergo Sum! Cognitive Processes of Students Dealing with Data Structures},
 booktitle = {Proceedings of the Thirty-first SIGCSE Technical Symposium on Computer Science Education},
 series = {SIGCSE '00},
 year = {2000},
 isbn = {1-58113-213-1},
 location = {Austin, Texas, USA},
 pages = {26--30},
 numpages = {5},
 url = {http://doi.acm.org/10.1145/330908.331804},
 doi = {10.1145/330908.331804},
 acmid = {331804},
 publisher = {ACM},
 address = {New York, NY, USA},
}

@inproceedings{Hauswirth:2017:PSI:3141880.3141894,
 author = {Hauswirth, Matthias and Adamoli, Andrea and Azadmanesh, Mohammad Reza},
 title = {The Program is the System: Introduction to Programming Without Abstraction},
 booktitle = {Proceedings of the 17th Koli Calling International Conference on Computing Education Research},
 series = {Koli Calling '17},
 year = {2017},
 isbn = {978-1-4503-5301-4},
 location = {Koli, Finland},
 pages = {138--142},
 numpages = {5},
 url = {http://doi.acm.org/10.1145/3141880.3141894},
 doi = {10.1145/3141880.3141894},
 acmid = {3141894},
 publisher = {ACM},
 address = {New York, NY, USA},
 keywords = {abstraction, education, programming languages},
}

@inproceedings{August:2014:VWE:2538862.2544264,
 author = {August, Stephanie E. and Ryoo, Jungwoo},
 title = {Can 3D Virtual World Environments and Game-based Learning Effectively Teach Computer Science Concepts? (Abstract Only)},
 booktitle = {Proceedings of the 45th ACM Technical Symposium on Computer Science Education},
 series = {SIGCSE '14},
 year = {2014},
 isbn = {978-1-4503-2605-6},
 location = {Atlanta, Georgia, USA},
 pages = {737--738},
 numpages = {2},
 url = {http://doi.acm.org/10.1145/2538862.2544264},
 doi = {10.1145/2538862.2544264},
 acmid = {2544264},
 publisher = {ACM},
 address = {New York, NY, USA},
 keywords = {3d virtual world environments, digital learning aids, digital story telling, game-based learning, opensim, second life},
}

@inproceedings{Coplien:2005:BI:1094855.1094863,
 author = {Coplien, James O. and Foote, Brian and Gabriel, Richard P. and Thomas, Dave and Lopes, Cristina and Marick, Brian and Nardi, Bonnie and Tow, Rob and Hunt, Andrew and Vanderburg, Glenn},
 title = {Breakthrough Ideas},
 booktitle = {Companion to the 20th Annual ACM SIGPLAN Conference on Object-oriented Programming, Systems, Languages, and Applications},
 series = {OOPSLA '05},
 year = {2005},
 isbn = {1-59593-193-7},
 location = {San Diego, CA, USA},
 pages = {76--86},
 numpages = {11},
 url = {http://doi.acm.org/10.1145/1094855.1094863},
 doi = {10.1145/1094855.1094863},
 acmid = {1094863},
 publisher = {ACM},
 address = {New York, NY, USA},
 keywords = {abstraction, agency, architecture, bayesian inference, communication, culture, design, education, expert systems, fuzzy sets, intention, literary criticism, objects, poetry, postmodernism, programmers, programming, programming language design, reader response criticism, software development},
}

