@inproceedings{Parikh:2018:PLD:3213586.3226224,
 author = {Parikh, Saurin and Kalva, Hari},
 title = {Predicting Learning Difficulty Based on Gaze and Pupil Response},
 booktitle = {Adjunct Publication of the 26th Conference on User Modeling, Adaptation and Personalization},
 series = {UMAP '18},
 year = {2018},
 isbn = {978-1-4503-5784-5},
 location = {Singapore, Singapore},
 pages = {131--135},
 numpages = {5},
 url = {http://doi.acm.org/10.1145/3213586.3226224},
 doi = {10.1145/3213586.3226224},
 acmid = {3226224},
 publisher = {ACM},
 address = {New York, NY, USA},
 keywords = {e-learning, eye movement analysis, eye tracking, predicting learning difficulty, predicting levels of learning, pupillary response analysis},
}

@article{Materson:2001:STV:378613.378678,
 author = {Materson, Timothy F. and Meyer, R. Mark},
 title = {SIVIL: A True Visual Programming Language for Students},
 journal = {J. Comput. Sci. Coll.},
 issue_date = {2001},
 volume = {16},
 number = {4},
 month = apr,
 year = {2001},
 issn = {1937-4771},
 pages = {74--86},
 numpages = {13},
 url = {http://dl.acm.org/citation.cfm?id=378613.378678},
 acmid = {378678},
 publisher = {Consortium for Computing Sciences in Colleges},
 address = {USA},
}

@inproceedings{Materson:2001:STV:378593.378678,
 author = {Materson, Timothy F. and Meyer, R. Mark},
 title = {SIVIL: A True Visual Programming Language for Students},
 booktitle = {Proceedings of the Sixth Annual CCSC Northeastern Conference on The Journal of Computing in Small Colleges},
 series = {CCSC '01},
 year = {2001},
 location = {Middlebury, Vermont, USA},
 pages = {74--86},
 numpages = {13},
 url = {http://dl.acm.org/citation.cfm?id=378593.378678},
 acmid = {378678},
 publisher = {Consortium for Computing Sciences in Colleges},
 address = {USA},
}

@article{Lui:2010:FIL:1869746.1869762,
 author = {Lui, Andrew K. and Ng, S. C. and Cheung, Yannie H. Y. and Gurung, Prabhat},
 title = {Facilitating Independent Learning with Lego Mindstorms Robots},
 journal = {ACM Inroads},
 issue_date = {December 2010},
 volume = {1},
 number = {4},
 month = dec,
 year = {2010},
 issn = {2153-2184},
 pages = {49--53},
 numpages = {5},
 url = {http://doi.acm.org/10.1145/1869746.1869762},
 doi = {10.1145/1869746.1869762},
 acmid = {1869762},
 publisher = {ACM},
 address = {New York, NY, USA},
 keywords = {Lego Mindstorms, independent learning, robotics},
}

@inproceedings{Yuan:2010:DIN:1867651.1867694,
 author = {Yuan, Dongqing and Zhong, Jiling},
 title = {Design and Implement a Networking Curriculum in Light of ACM IT Curriculum Recommendations and Bloom's Taxonomy},
 booktitle = {Proceedings of the 2010 ACM Conference on Information Technology Education},
 series = {SIGITE '10},
 year = {2010},
 isbn = {978-1-4503-0343-9},
 location = {Midland, Michigan, USA},
 pages = {155--156},
 numpages = {2},
 url = {http://doi.acm.org/10.1145/1867651.1867694},
 doi = {10.1145/1867651.1867694},
 acmid = {1867694},
 publisher = {ACM},
 address = {New York, NY, USA},
 keywords = {IT education, curriculum, laboratory},
}

@inproceedings{Kaloti-Hallak:2014:ERA:2632320.2632328,
 author = {Kaloti-Hallak, Fatima},
 title = {The Effect of Robotics Activities on Students' Learning and Attitudes},
 booktitle = {Proceedings of the Tenth Annual Conference on International Computing Education Research},
 series = {ICER '14},
 year = {2014},
 isbn = {978-1-4503-2755-8},
 location = {Glasgow, Scotland, United Kingdom},
 pages = {153--154},
 numpages = {2},
 url = {http://doi.acm.org/10.1145/2632320.2632328},
 doi = {10.1145/2632320.2632328},
 acmid = {2632328},
 publisher = {ACM},
 address = {New York, NY, USA},
 keywords = {attitudes, meaningful learning, robotics, stem},
}

@inproceedings{Kim:2009:EFS:1516241.1516352,
 author = {Kim, Jihyun and Jung, Yujung and Lim, Yoonsun and Kim, Myung and Noh, Sunsook},
 title = {An e-Learning Framework Supporting Personalization and Collaboration},
 booktitle = {Proceedings of the 3rd International Conference on Ubiquitous Information Management and Communication},
 series = {ICUIMC '09},
 year = {2009},
 isbn = {978-1-60558-405-8},
 location = {Suwon, Korea},
 pages = {635--638},
 numpages = {4},
 url = {http://doi.acm.org/10.1145/1516241.1516352},
 doi = {10.1145/1516241.1516352},
 acmid = {1516352},
 publisher = {ACM},
 address = {New York, NY, USA},
 keywords = {personalized e-learning, semantic web},
}

@article{Taneja:2009:IPR:1629036.1629037,
 author = {Taneja, Aakash},
 title = {The Influence of Personal Response Systems on Students' Perceived Learning Outcomes and Course Satisfaction},
 journal = {J. Comput. Sci. Coll.},
 issue_date = {December 2009},
 volume = {25},
 number = {2},
 month = dec,
 year = {2009},
 issn = {1937-4771},
 pages = {5--11},
 numpages = {7},
 url = {http://dl.acm.org/citation.cfm?id=1629036.1629037},
 acmid = {1629037},
 publisher = {Consortium for Computing Sciences in Colleges},
 address = {USA},
}

@inproceedings{Benitti:2017:TIW:3131151.3131185,
 author = {Benitti, Fabiane Barreto Vavassori},
 title = {As a Teacher, I Want to Know What to Teach in Requirements Engineering So That Professionals Can Be Better Prepared},
 booktitle = {Proceedings of the 31st Brazilian Symposium on Software Engineering},
 series = {SBES'17},
 year = {2017},
 isbn = {978-1-4503-5326-7},
 location = {Fortaleza, CE, Brazil},
 pages = {318--327},
 numpages = {10},
 url = {http://doi.acm.org/10.1145/3131151.3131185},
 doi = {10.1145/3131151.3131185},
 acmid = {3131185},
 publisher = {ACM},
 address = {New York, NY, USA},
 keywords = {Education, Requirement Engineering},
}

@inproceedings{Boustedt:2011:SPD:2016911.2016926,
 author = {Boustedt, Jonas and Eckerdal, Anna and McCartney, Robert and Sanders, Kate and Thomas, Lynda and Zander, Carol},
 title = {Students' Perceptions of the Differences Between Formal and Informal Learning},
 booktitle = {Proceedings of the Seventh International Workshop on Computing Education Research},
 series = {ICER '11},
 year = {2011},
 isbn = {978-1-4503-0829-8},
 location = {Providence, Rhode Island, USA},
 pages = {61--68},
 numpages = {8},
 url = {http://doi.acm.org/10.1145/2016911.2016926},
 doi = {10.1145/2016911.2016926},
 acmid = {2016926},
 publisher = {ACM},
 address = {New York, NY, USA},
 keywords = {informal learning, self-directed learning},
}

@inproceedings{Mustafa:2011:VMO:2047594.2047650,
 author = {Mustafa, Besim},
 title = {Visualizing the Modern Operating System: Simulation Experiments Supporting Enhanced Learning},
 booktitle = {Proceedings of the 2011 Conference on Information Technology Education},
 series = {SIGITE '11},
 year = {2011},
 isbn = {978-1-4503-1017-8},
 location = {West Point, New York, USA},
 pages = {209--214},
 numpages = {6},
 url = {http://doi.acm.org/10.1145/2047594.2047650},
 doi = {10.1145/2047594.2047650},
 acmid = {2047650},
 publisher = {ACM},
 address = {New York, NY, USA},
 keywords = {operating system, pedagogy, simulation, visualization},
}

@article{Korhonen:2002:MDS:637610.544452,
 author = {Korhonen, Ari and Malmi, Lauri and Myllyselk\"{a}, Pertti and Scheinin, Patrik},
 title = {Does It Make a Difference if Students Exercise on the Web or in the Classroom?},
 journal = {SIGCSE Bull.},
 issue_date = {September 2002},
 volume = {34},
 number = {3},
 month = jun,
 year = {2002},
 issn = {0097-8418},
 pages = {121--124},
 numpages = {4},
 url = {http://doi.acm.org/10.1145/637610.544452},
 doi = {10.1145/637610.544452},
 acmid = {544452},
 publisher = {ACM},
 address = {New York, NY, USA},
 keywords = {automatic assessment, randomised intervention study},
}

@inproceedings{Korhonen:2002:MDS:544414.544452,
 author = {Korhonen, Ari and Malmi, Lauri and Myllyselk\"{a}, Pertti and Scheinin, Patrik},
 title = {Does It Make a Difference if Students Exercise on the Web or in the Classroom?},
 booktitle = {Proceedings of the 7th Annual Conference on Innovation and Technology in Computer Science Education},
 series = {ITiCSE '02},
 year = {2002},
 isbn = {1-58113-499-1},
 location = {Aarhus, Denmark},
 pages = {121--124},
 numpages = {4},
 url = {http://doi.acm.org/10.1145/544414.544452},
 doi = {10.1145/544414.544452},
 acmid = {544452},
 publisher = {ACM},
 address = {New York, NY, USA},
 keywords = {automatic assessment, randomised intervention study},
}

@inproceedings{Ghosh:2018:SLE:3176349.3176386,
 author = {Ghosh, Souvick and Rath, Manasa and Shah, Chirag},
 title = {Searching As Learning: Exploring Search Behavior and Learning Outcomes in Learning-related Tasks},
 booktitle = {Proceedings of the 2018 Conference on Human Information Interaction \& Retrieval},
 series = {CHIIR '18},
 year = {2018},
 isbn = {978-1-4503-4925-3},
 location = {New Brunswick, NJ, USA},
 pages = {22--31},
 numpages = {10},
 url = {http://doi.acm.org/10.1145/3176349.3176386},
 doi = {10.1145/3176349.3176386},
 acmid = {3176386},
 publisher = {ACM},
 address = {New York, NY, USA},
 keywords = {bloom's taxonomy, human information behavior, learning outcomes, learning theories, searching as learning},
}

@article{Sarawagi:2013:FIP:2460156.2460190,
 author = {Sarawagi, Namita},
 title = {Flipping an Introductory Programming Course: Yes You Can!},
 journal = {J. Comput. Sci. Coll.},
 issue_date = {June 2013},
 volume = {28},
 number = {6},
 month = jun,
 year = {2013},
 issn = {1937-4771},
 pages = {186--188},
 numpages = {3},
 url = {http://dl.acm.org/citation.cfm?id=2460156.2460190},
 acmid = {2460190},
 publisher = {Consortium for Computing Sciences in Colleges},
 address = {USA},
}

@inproceedings{Borjesson:2007:CPD:1297846.1297941,
 author = {Borjesson, Anna and Pareto, Lars and Snis, Ulrika Lundh and Staron, Miroslaw},
 title = {Continuing Professional Development by Practitioner Integrated Learning},
 booktitle = {Companion to the 22Nd ACM SIGPLAN Conference on Object-oriented Programming Systems and Applications Companion},
 series = {OOPSLA '07},
 year = {2007},
 isbn = {978-1-59593-865-7},
 location = {Montreal, Quebec, Canada},
 pages = {897--907},
 numpages = {11},
 url = {http://doi.acm.org/10.1145/1297846.1297941},
 doi = {10.1145/1297846.1297941},
 acmid = {1297941},
 publisher = {ACM},
 address = {New York, NY, USA},
 keywords = {PBL, action research, continuing professional development, lifelong learning, practitioner integrated learning, problem based learning},
}

@inproceedings{dosSantosSanfins:2017:DFE:3141151.3141156,
 author = {dos Santos Sanfins, Marco Aur{\'e}lio and da Costa, Celso Jos{\'e} and de Souza Oliveira, Daiane and Da Silva Contarato, Andressa},
 title = {Development of Financial Education In Open And Distance Learning: The Approach Of Federal Fluminense University},
 booktitle = {Proceedings of the 2017 International Conference on E-Education, E-Business and E-Technology},
 series = {ICEBT 2017},
 year = {2017},
 isbn = {978-1-4503-5331-1},
 location = {Toronto, ON, Canada},
 pages = {4--8},
 numpages = {5},
 url = {http://doi.acm.org/10.1145/3141151.3141156},
 doi = {10.1145/3141151.3141156},
 acmid = {3141156},
 publisher = {ACM},
 address = {New York, NY, USA},
 keywords = {Financial education, ODL, democratization, opportunity},
}

@inproceedings{Chin-Bang:2009:CCE:1655925.1656017,
 author = {Chin-Bang, Yao},
 title = {Context-aware Customization e-Learning System with Intelligent On-line Examination Mechanism},
 booktitle = {Proceedings of the 2Nd International Conference on Interaction Sciences: Information Technology, Culture and Human},
 series = {ICIS '09},
 year = {2009},
 isbn = {978-1-60558-710-3},
 location = {Seoul, Korea},
 pages = {502--507},
 numpages = {6},
 url = {http://doi.acm.org/10.1145/1655925.1656017},
 doi = {10.1145/1655925.1656017},
 acmid = {1656017},
 publisher = {ACM},
 address = {New York, NY, USA},
 keywords = {context-aware, customization learning, data mining, e-learning, green test-paper, multi-agent, on-line examination, personal learning profile, recommending mechanism},
}

@inproceedings{Magenheim:2003:SAN:857097.857123,
 author = {Magenheim, Johannes},
 title = {Social, Affective and Normative Aspects of Learning in ICT-enriched Learning Environments: Collaborative Exploration of Societal Aspects of ICT},
 booktitle = {Proceedings of the 3.1 and 3.3 Working Groups Conference on International Federation for Information Processing: ICT and the Teacher of the Future - Volume 23},
 series = {CRPIT '03},
 year = {2003},
 isbn = {1-920682-02-3},
 location = {Melbourne, Australia},
 pages = {85--88},
 numpages = {4},
 url = {http://dl.acm.org/citation.cfm?id=857097.857123},
 acmid = {857123},
 publisher = {Australian Computer Society, Inc.},
 address = {Darlinghurst, Australia, Australia},
 keywords = {affective and normative aspects of learning, cyber risks, digital divide, learning communities, learning environments, roles of the teacher},
}

@inproceedings{Brand:2011:ISD:1999747.1999764,
 author = {Brand, Emily A. and Honig, William L. and Wojtowicz, Matthew},
 title = {Intelligent Systems Development in a Non Engineering Curriculum},
 booktitle = {Proceedings of the 16th Annual Joint Conference on Innovation and Technology in Computer Science Education},
 series = {ITiCSE '11},
 year = {2011},
 isbn = {978-1-4503-0697-3},
 location = {Darmstadt, Germany},
 pages = {48--52},
 numpages = {5},
 url = {http://doi.acm.org/10.1145/1999747.1999764},
 doi = {10.1145/1999747.1999764},
 acmid = {1999764},
 publisher = {ACM},
 address = {New York, NY, USA},
 keywords = {arduino course, embedded systems, microcontroller course},
}

@inproceedings{Bratitsis:2009:SEI:1600053.1600139,
 author = {Bratitsis, Tharrenos and Dimitracopoulou, Angelique},
 title = {Studying the Effect of Interaction Analysis Indicators on Students' Selfregulation During Asynchronous Discussion Learning Activities},
 booktitle = {Proceedings of the 9th International Conference on Computer Supported Collaborative Learning - Volume 1},
 series = {CSCL'09},
 year = {2009},
 isbn = {978-1-4092-8598-4},
 location = {Rhodes, Greece},
 pages = {601--605},
 numpages = {5},
 url = {http://dl.acm.org/citation.cfm?id=1600053.1600139},
 acmid = {1600139},
 publisher = {International Society of the Learning Sciences},
}

