@inproceedings{Goles:2001:VEL:371209.371216,
 author = {Goles, Tim},
 title = {A View from the Entry Level: Student Perceptions of Critical Information Systems Job Attributes},
 booktitle = {Proceedings of the 2001 ACM SIGCPR Conference on Computer Personnel Research},
 series = {SIGCPR '01},
 year = {2001},
 isbn = {1-58113-363-4},
 location = {San Diego, California, USA},
 pages = {57--64},
 numpages = {8},
 url = {http://doi.acm.org/10.1145/371209.371216},
 doi = {10.1145/371209.371216},
 acmid = {371216},
 publisher = {ACM},
 address = {New York, NY, USA},
 keywords = {IT labor shortages, IT workforce, job attributes, recruiting strategies, recruitment},
}

@inproceedings{Liu:2019:CAI:3318396.3318402,
 author = {Liu, Jing and Hou, Min and Zhao, Yue},
 title = {The Construction and Application of Incentive Mechanism Model in IT Teaching in Primary School},
 booktitle = {Proceedings of the 2019 8th International Conference on Educational and Information Technology},
 series = {ICEIT 2019},
 year = {2019},
 isbn = {978-1-4503-6267-2},
 location = {Cambridge, United Kingdom},
 pages = {73--78},
 numpages = {6},
 url = {http://doi.acm.org/10.1145/3318396.3318402},
 doi = {10.1145/3318396.3318402},
 acmid = {3318402},
 publisher = {ACM},
 address = {New York, NY, USA},
 keywords = {Incentive mechanism, information technology curriculum, learning motivation},
}

@inproceedings{McLean:1993:SJA:158011.158117,
 author = {McLean, Ephraim R. and Bryan, Norman B. and Tanner, John R. and Smits, Stanley J.},
 title = {The Structure of Job Attitudes Among Entry-level I/S Professionals: A Path-analytic Analysis},
 booktitle = {Proceedings of the 1993 Conference on Computer Personnel Research},
 series = {SIGCPR '93},
 year = {1993},
 isbn = {0-89791-572-0},
 location = {St Louis, Missouri, USA},
 pages = {27--36},
 numpages = {10},
 url = {http://doi.acm.org/10.1145/158011.158117},
 doi = {10.1145/158011.158117},
 acmid = {158117},
 publisher = {ACM},
 address = {New York, NY, USA},
}

@article{Nikula:2011:MGH:2048931.2048935,
 author = {Nikula, Uolevi and Gotel, Orlena and Kasurinen, Jussi},
 title = {A Motivation Guided Holistic Rehabilitation of the First Programming Course},
 journal = {ACM Trans. Comput. Educ.},
 issue_date = {November 2011},
 volume = {11},
 number = {4},
 month = nov,
 year = {2011},
 issn = {1946-6226},
 pages = {24:1--24:38},
 articleno = {24},
 numpages = {38},
 url = {http://doi.acm.org/10.1145/2048931.2048935},
 doi = {10.1145/2048931.2048935},
 acmid = {2048935},
 publisher = {ACM},
 address = {New York, NY, USA},
 keywords = {CS1, Theory of Constraints, Two-Factor Theory, course redesign, hygiene factors, intrinsic and extrinsic motivators, systems approach},
}

@inproceedings{McDermott:2016:MOE:2899415.2899474,
 author = {McDermott, Roger and Zarb, Mark and Daniels, Mats and Cajander, \AAsa and Clear, Tony},
 title = {Motivation, Optimal Experience and Flow in First Year Computing Science},
 booktitle = {Proceedings of the 2016 ACM Conference on Innovation and Technology in Computer Science Education},
 series = {ITiCSE '16},
 year = {2016},
 isbn = {978-1-4503-4231-5},
 location = {Arequipa, Peru},
 pages = {206--211},
 numpages = {6},
 url = {http://doi.acm.org/10.1145/2899415.2899474},
 doi = {10.1145/2899415.2899474},
 acmid = {2899474},
 publisher = {ACM},
 address = {New York, NY, USA},
 keywords = {flow, motivation, optimal experience, self determination theory},
}

@inproceedings{Adams:1996:IMP:237466.237646,
 author = {Adams, Elizabeth S. and Carswell, Linda and Kumar, Amruth and Meyer, Jeanine and Ellis, Ainslie and Hall, Patrick and Motil, John},
 title = {Interactive Multimedia Pedagogies: Report of the Working Group on Interactive Multimedia Pedagogy},
 booktitle = {Proceedings of the 1st Conference on Integrating Technology into Computer Science Education},
 series = {ITiCSE '96},
 year = {1996},
 isbn = {0-89791-844-4},
 location = {Barcelona, Spain},
 pages = {182--191},
 numpages = {10},
 url = {http://doi.acm.org/10.1145/237466.237646},
 doi = {10.1145/237466.237646},
 acmid = {237646},
 publisher = {ACM},
 address = {New York, NY, USA},
}

@article{Adams:1996:IMP:1013718.237646,
 author = {Adams, Elizabeth S. and Carswell, Linda and Kumar, Amruth and Meyer, Jeanine and Ellis, Ainslie and Hall, Patrick and Motil, John},
 title = {Interactive Multimedia Pedagogies: Report of the Working Group on Interactive Multimedia Pedagogy},
 journal = {SIGCUE Outlook},
 issue_date = {Jan.-July, 1996},
 volume = {24},
 number = {1-3},
 month = jan,
 year = {1996},
 issn = {0163-5735},
 pages = {182--191},
 numpages = {10},
 url = {http://doi.acm.org/10.1145/1013718.237646},
 doi = {10.1145/1013718.237646},
 acmid = {237646},
 publisher = {ACM},
 address = {New York, NY, USA},
}

@article{Adams:1996:IMP:237477.237646,
 author = {Adams, Elizabeth S. and Carswell, Linda and Kumar, Amruth and Meyer, Jeanine and Ellis, Ainslie and Hall, Patrick and Motil, John},
 title = {Interactive Multimedia Pedagogies: Report of the Working Group on Interactive Multimedia Pedagogy},
 journal = {SIGCSE Bull.},
 issue_date = {1996},
 volume = {28},
 number = {SI},
 month = jan,
 year = {1996},
 issn = {0097-8418},
 pages = {182--191},
 numpages = {10},
 url = {http://doi.acm.org/10.1145/237477.237646},
 doi = {10.1145/237477.237646},
 acmid = {237646},
 publisher = {ACM},
 address = {New York, NY, USA},
}

@article{Greitzer:2007:CSI:1281320.1281322,
 author = {Greitzer, Frank L. and Kuchar, Olga Anna and Huston, Kristy},
 title = {Cognitive Science Implications for Enhancing Training Effectiveness in a Serious Gaming Context},
 journal = {J. Educ. Resour. Comput.},
 issue_date = {November 2007},
 volume = {7},
 number = {3},
 month = nov,
 year = {2007},
 issn = {1531-4278},
 articleno = {2},
 url = {http://doi.acm.org/10.1145/1281320.1281322},
 doi = {10.1145/1281320.1281322},
 acmid = {1281322},
 publisher = {ACM},
 address = {New York, NY, USA},
 keywords = {Serious gaming, cognitive principles, computer-based training, cyber security education, training effectiveness},
}

@inproceedings{Nassal:2016:MHB:2896958.2896961,
 author = {Nassal, Alexander and Tichy, Matthias},
 title = {Modeling Human Behavior for Software Engineering Simulation Games},
 booktitle = {Proceedings of the 5th International Workshop on Games and Software Engineering},
 series = {GAS '16},
 year = {2016},
 isbn = {978-1-4503-4160-8},
 location = {Austin, Texas},
 pages = {8--14},
 numpages = {7},
 url = {http://doi.acm.org/10.1145/2896958.2896961},
 doi = {10.1145/2896958.2896961},
 acmid = {2896961},
 publisher = {ACM},
 address = {New York, NY, USA},
 keywords = {human behavior, project management, simulation, simulation games, software engineering education},
}

@inproceedings{Sahib:2009:WSP:1599503.1599533,
 author = {Sahib, Zina and Vassileva, Julita},
 title = {WISETales: Sharing Personal Stories As Informal Learning Experience for Women in Science and Engineering},
 booktitle = {Proceedings of the 9th International Conference on Computer Supported Collaborative Learning - Volume 2},
 series = {CSCL'09},
 year = {2009},
 isbn = {978-1-4092-8598-4},
 location = {Rhodes, Greece},
 pages = {88--90},
 numpages = {3},
 url = {http://dl.acm.org/citation.cfm?id=1599503.1599533},
 acmid = {1599533},
 publisher = {International Society of the Learning Sciences},
}

@inproceedings{Baytiyeh:2009:WW:1600053.1600117,
 author = {Baytiyeh, Hoda and Pfaffman, Jay},
 title = {Why Be a Wikipedian},
 booktitle = {Proceedings of the 9th International Conference on Computer Supported Collaborative Learning - Volume 1},
 series = {CSCL'09},
 year = {2009},
 isbn = {978-1-4092-8598-4},
 location = {Rhodes, Greece},
 pages = {434--443},
 numpages = {10},
 url = {http://dl.acm.org/citation.cfm?id=1600053.1600117},
 acmid = {1600117},
 publisher = {International Society of the Learning Sciences},
}

@article{Rutherford:2010:HCR:1795374.1806337,
 author = {Rutherford, LeAne H.},
 title = {Herding Chats: Reflections on a Synchronous Online Interaction},
 journal = {eLearn},
 issue_date = {May 2010},
 volume = {2010},
 number = {5},
 month = may,
 year = {2010},
 issn = {1535-394X},
 articleno = {5},
 url = {http://doi.acm.org/10.1145/1795374.1806337},
 doi = {10.1145/1795374.1806337},
 acmid = {1806337},
 publisher = {ACM},
 address = {New York, NY, USA},
}

