@inproceedings{McCane:2017:MLI:3013499.3013501,
 author = {McCane, Brendan and Ott, Claudia and Meek, Nick and Robins, Anthony},
 title = {Mastery Learning in Introductory Programming},
 booktitle = {Proceedings of the Nineteenth Australasian Computing Education Conference},
 series = {ACE '17},
 year = {2017},
 isbn = {978-1-4503-4823-2},
 location = {Geelong, VIC, Australia},
 pages = {1--10},
 numpages = {10},
 url = {http://doi.acm.org/10.1145/3013499.3013501},
 doi = {10.1145/3013499.3013501},
 acmid = {3013501},
 publisher = {ACM},
 address = {New York, NY, USA},
 keywords = {CS1, Introductory Programming, Mastery Learning, Python},
}

@inproceedings{Campbell:2019:SML:3287324.3287481,
 author = {Campbell, Jennifer and Petersen, Andrew and Smith, Jacqueline},
 title = {Self-paced Mastery Learning CS1},
 booktitle = {Proceedings of the 50th ACM Technical Symposium on Computer Science Education},
 series = {SIGCSE '19},
 year = {2019},
 isbn = {978-1-4503-5890-3},
 location = {Minneapolis, MN, USA},
 pages = {955--961},
 numpages = {7},
 url = {http://doi.acm.org/10.1145/3287324.3287481},
 doi = {10.1145/3287324.3287481},
 acmid = {3287481},
 publisher = {ACM},
 address = {New York, NY, USA},
 keywords = {cs1, mastery learning, novice programming, self-paced},
}

@inproceedings{dePontes:2019:AGI:3287324.3287367,
 author = {de Pontes, Rafael G. and Guerrero, Dalton D. S. and de Figueiredo, Jorge C. A.},
 title = {Analyzing Gamification Impact on a Mastery Learning Introductory Programming Course},
 booktitle = {Proceedings of the 50th ACM Technical Symposium on Computer Science Education},
 series = {SIGCSE '19},
 year = {2019},
 isbn = {978-1-4503-5890-3},
 location = {Minneapolis, MN, USA},
 pages = {400--406},
 numpages = {7},
 url = {http://doi.acm.org/10.1145/3287324.3287367},
 doi = {10.1145/3287324.3287367},
 acmid = {3287367},
 publisher = {ACM},
 address = {New York, NY, USA},
 keywords = {badge, education, gamification, leaderboard, mastery learning, programming},
}

@inproceedings{Garner:2019:MLC:3286960.3286965,
 author = {Garner, James and Denny, Paul and Luxton-Reilly, Andrew},
 title = {Mastery Learning in Computer Science Education},
 booktitle = {Proceedings of the Twenty-First Australasian Computing Education Conference},
 series = {ACE '19},
 year = {2019},
 isbn = {978-1-4503-6622-9},
 location = {Sydney, NSW, Australia},
 pages = {37--46},
 numpages = {10},
 url = {http://doi.acm.org/10.1145/3286960.3286965},
 doi = {10.1145/3286960.3286965},
 acmid = {3286965},
 publisher = {ACM},
 address = {New York, NY, USA},
 keywords = {Keller plan, PSI, mastery learning, pedagogy},
}

@article{Shaffer:2013:ISS:2537753.2537778,
 author = {Shaffer, Steven C. and Rosson, Mary Beth},
 title = {Increasing Student Success by Modifying Course Delivery Based on Student Submission Data},
 journal = {ACM Inroads},
 issue_date = {December 2013},
 volume = {4},
 number = {4},
 month = dec,
 year = {2013},
 issn = {2153-2184},
 pages = {81--86},
 numpages = {6},
 url = {http://doi.acm.org/10.1145/2537753.2537778},
 doi = {10.1145/2537753.2537778},
 acmid = {2537778},
 publisher = {ACM},
 address = {New York, NY, USA},
 keywords = {distance education, introductory programming, mastery learning, retention},
}

@inproceedings{Kulkarni:2015:PRP:2724660.2724670,
 author = {Kulkarni, Chinmay E. and Bernstein, Michael S. and Klemmer, Scott R.},
 title = {PeerStudio: Rapid Peer Feedback Emphasizes Revision and Improves Performance},
 booktitle = {Proceedings of the Second (2015) ACM Conference on Learning @ Scale},
 series = {L@S '15},
 year = {2015},
 isbn = {978-1-4503-3411-2},
 location = {Vancouver, BC, Canada},
 pages = {75--84},
 numpages = {10},
 url = {http://doi.acm.org/10.1145/2724660.2724670},
 doi = {10.1145/2724660.2724670},
 acmid = {2724670},
 publisher = {ACM},
 address = {New York, NY, USA},
 keywords = {deliberate practice, mastery learning, mooc, peer assessment, peer learning},
}

@article{LeJeune:2010:CGM:1858583.1858604,
 author = {LeJeune, Noel},
 title = {Contract Grading with Mastery Learning in CS 1},
 journal = {J. Comput. Sci. Coll.},
 issue_date = {December 2010},
 volume = {26},
 number = {2},
 month = dec,
 year = {2010},
 issn = {1937-4771},
 pages = {149--156},
 numpages = {8},
 url = {http://dl.acm.org/citation.cfm?id=1858583.1858604},
 acmid = {1858604},
 publisher = {Consortium for Computing Sciences in Colleges},
 address = {USA},
}

@inproceedings{Pelanek:2017:EAM:3079628.3079667,
 author = {Pel\'{a}nek, Radek and \v{R}ih\'{a}k, Ji\v{r}\'{\i}},
 title = {Experimental Analysis of Mastery Learning Criteria},
 booktitle = {Proceedings of the 25th Conference on User Modeling, Adaptation and Personalization},
 series = {UMAP '17},
 year = {2017},
 isbn = {978-1-4503-4635-1},
 location = {Bratislava, Slovakia},
 pages = {156--163},
 numpages = {8},
 url = {http://doi.acm.org/10.1145/3079628.3079667},
 doi = {10.1145/3079628.3079667},
 acmid = {3079667},
 publisher = {ACM},
 address = {New York, NY, USA},
 keywords = {bayesian knowledge tracing, exponential moving average, learner modeling, mastery learning},
}

@article{Urban-Lurain:1999:LIU:384266.299738,
 author = {Urban-Lurain, Mark and Weinshank, Donald J.},
 title = {\&Ldquo;I Do and I Understand\&Rdquo;: Mastery Model Learning for a Large Non-major Course},
 journal = {SIGCSE Bull.},
 issue_date = {March 1999},
 volume = {31},
 number = {1},
 month = mar,
 year = {1999},
 issn = {0097-8418},
 pages = {150--154},
 numpages = {5},
 url = {http://doi.acm.org/10.1145/384266.299738},
 doi = {10.1145/384266.299738},
 acmid = {299738},
 publisher = {ACM},
 address = {New York, NY, USA},
 keywords = {Web-based techniques, assessments, large enrollment, mastery learning, non-majors},
}

@inproceedings{Urban-Lurain:1999:LIU:299649.299738,
 author = {Urban-Lurain, Mark and Weinshank, Donald J.},
 title = {\&Ldquo;I Do and I Understand\&Rdquo;: Mastery Model Learning for a Large Non-major Course},
 booktitle = {The Proceedings of the Thirtieth SIGCSE Technical Symposium on Computer Science Education},
 series = {SIGCSE '99},
 year = {1999},
 isbn = {1-58113-085-6},
 location = {New Orleans, Louisiana, USA},
 pages = {150--154},
 numpages = {5},
 url = {http://doi.acm.org/10.1145/299649.299738},
 doi = {10.1145/299649.299738},
 acmid = {299738},
 publisher = {ACM},
 address = {New York, NY, USA},
 keywords = {Web-based techniques, assessments, large enrollment, mastery learning, non-majors},
}

@inproceedings{Ott:2018:FYM:3279720.3279752,
 author = {Ott, Claudia and McCane, Brendan and Meek, Nick},
 title = {Five Years of Mastery Learning: What Did We Learn?},
 booktitle = {Proceedings of the 18th Koli Calling International Conference on Computing Education Research},
 series = {Koli Calling '18},
 year = {2018},
 isbn = {978-1-4503-6535-2},
 location = {Koli, Finland},
 pages = {33:1--33:2},
 articleno = {33},
 numpages = {2},
 url = {http://doi.acm.org/10.1145/3279720.3279752},
 doi = {10.1145/3279720.3279752},
 acmid = {3279752},
 publisher = {ACM},
 address = {New York, NY, USA},
 keywords = {CS1, Introductory programming, Mastery Learning, Self-Regulated Learning, Student Engagement},
}

@inproceedings{Inventado:2019:PML:3287324.3293780,
 author = {Inventado, Paul Salvador},
 title = {Promoting Mastery Learning in an Introductory Programming Course},
 booktitle = {Proceedings of the 50th ACM Technical Symposium on Computer Science Education},
 series = {SIGCSE '19},
 year = {2019},
 isbn = {978-1-4503-5890-3},
 location = {Minneapolis, MN, USA},
 pages = {1285--1285},
 numpages = {1},
 url = {http://doi.acm.org/10.1145/3287324.3293780},
 doi = {10.1145/3287324.3293780},
 acmid = {3293780},
 publisher = {ACM},
 address = {New York, NY, USA},
 keywords = {introductory programming, mastery learning, programming problem repository, unit testing},
}

@inproceedings{Cutts:2019:ERT:3304221.3319785,
 author = {Cutts, Quintin and Barr, Matthew and Bikanga Ada, Mireilla and Donaldson, Peter and Draper, Steve and Parkinson, Jack and Singer, Jeremy and Sundin, Lovisa},
 title = {Experience Report: Thinkathon -- Countering an \&\#34;I Got It Working\&\#34; Mentality with Pencil-and-Paper Exercises},
 booktitle = {Proceedings of the 2019 ACM Conference on Innovation and Technology in Computer Science Education},
 series = {ITiCSE '19},
 year = {2019},
 isbn = {978-1-4503-6301-3},
 location = {Aberdeen, Scotland Uk},
 pages = {203--209},
 numpages = {7},
 url = {http://doi.acm.org/10.1145/3304221.3319785},
 doi = {10.1145/3304221.3319785},
 acmid = {3319785},
 publisher = {ACM},
 address = {New York, NY, USA},
 keywords = {goal-directed problem solving, introductory programming, mastery learning, program comprehension},
}

@inproceedings{Kelly:2016:OAP:2876034.2893393,
 author = {Kelly, Kim M. and Heffernan, Neil T.},
 title = {Optimizing the Amount of Practice in an On-Line Platform},
 booktitle = {Proceedings of the Third (2016) ACM Conference on Learning @ Scale},
 series = {L@S '16},
 year = {2016},
 isbn = {978-1-4503-3726-7},
 location = {Edinburgh, Scotland, UK},
 pages = {145--148},
 numpages = {4},
 url = {http://doi.acm.org/10.1145/2876034.2893393},
 doi = {10.1145/2876034.2893393},
 acmid = {2893393},
 publisher = {ACM},
 address = {New York, NY, USA},
 keywords = {mastery learning, moocs, on-line learning platform, personalized instruction},
}

@inproceedings{Ritter:2016:MLW:2876034.2876039,
 author = {Ritter, Steve and Yudelson, Michael and Fancsali, Stephen E. and Berman, Susan R.},
 title = {How Mastery Learning Works at Scale},
 booktitle = {Proceedings of the Third (2016) ACM Conference on Learning @ Scale},
 series = {L@S '16},
 year = {2016},
 isbn = {978-1-4503-3726-7},
 location = {Edinburgh, Scotland, UK},
 pages = {71--79},
 numpages = {9},
 url = {http://doi.acm.org/10.1145/2876034.2876039},
 doi = {10.1145/2876034.2876039},
 acmid = {2876039},
 publisher = {ACM},
 address = {New York, NY, USA},
 keywords = {adaptive educational systems, big data, educational outcomes, intelligent tutors, longitudinal data, mastery learning},
}

@inproceedings{Jazayeri:2015:CML:2819009.2819059,
 author = {Jazayeri, Mehdi},
 title = {Combining Mastery Learning with Project-based Learning in a First Programming Course: An Experience Report},
 booktitle = {Proceedings of the 37th International Conference on Software Engineering - Volume 2},
 series = {ICSE '15},
 year = {2015},
 location = {Florence, Italy},
 pages = {315--318},
 numpages = {4},
 url = {http://dl.acm.org/citation.cfm?id=2819009.2819059},
 acmid = {2819059},
 publisher = {IEEE Press},
 address = {Piscataway, NJ, USA},
 keywords = {CS1/CS2, first programming course, introductory programming, mastery learning, project-based learning, software engineering education},
}

@article{Jackova:2008:LMI:1597849.1384394,
 author = {Jackov\'{a}, Jana},
 title = {Learning for Mastery in an Introductory Programming Course},
 journal = {SIGCSE Bull.},
 issue_date = {September 2008},
 volume = {40},
 number = {3},
 month = jun,
 year = {2008},
 issn = {0097-8418},
 pages = {352--352},
 numpages = {1},
 url = {http://doi.acm.org/10.1145/1597849.1384394},
 doi = {10.1145/1597849.1384394},
 acmid = {1384394},
 publisher = {ACM},
 address = {New York, NY, USA},
 keywords = {effectiveness, introductory course of programming, mastery learning, methods, pedagogical approaches, psi, research},
}

@inproceedings{Jackova:2008:LMI:1384271.1384394,
 author = {Jackov\'{a}, Jana},
 title = {Learning for Mastery in an Introductory Programming Course},
 booktitle = {Proceedings of the 13th Annual Conference on Innovation and Technology in Computer Science Education},
 series = {ITiCSE '08},
 year = {2008},
 isbn = {978-1-60558-078-4},
 location = {Madrid, Spain},
 pages = {352--352},
 numpages = {1},
 url = {http://doi.acm.org/10.1145/1384271.1384394},
 doi = {10.1145/1384271.1384394},
 acmid = {1384394},
 publisher = {ACM},
 address = {New York, NY, USA},
 keywords = {effectiveness, introductory course of programming, mastery learning, methods, pedagogical approaches, psi, research},
}

@article{Engle:2013:ECR:2458539.2458564,
 author = {Engle, Sophie and Rollins, Sami},
 title = {Expert Code Review and Mastery Learning in a Software Development Course},
 journal = {J. Comput. Sci. Coll.},
 issue_date = {April 2013},
 volume = {28},
 number = {4},
 month = apr,
 year = {2013},
 issn = {1937-4771},
 pages = {139--147},
 numpages = {9},
 url = {http://dl.acm.org/citation.cfm?id=2458539.2458564},
 acmid = {2458564},
 publisher = {Consortium for Computing Sciences in Colleges},
 address = {USA},
}

@inproceedings{Rombot:2018:IDA:3178158.3178174,
 author = {Rombot, Olifia and Sunaryati, Titin and Ariani, Dewi},
 title = {Increasing Democratic Attitude of Students Through Role Play Method in Civics Learning},
 booktitle = {Proceedings of the 6th International Conference on Information and Education Technology},
 series = {ICIET '18},
 year = {2018},
 isbn = {978-1-4503-5359-5},
 location = {Osaka, Japan},
 pages = {97--101},
 numpages = {5},
 url = {http://doi.acm.org/10.1145/3178158.3178174},
 doi = {10.1145/3178158.3178174},
 acmid = {3178174},
 publisher = {ACM},
 address = {New York, NY, USA},
 keywords = {civic learning, democratic attitude, role play},
}

@inproceedings{Lee:2013:IAI:2493394.2493410,
 author = {Lee, Michael J. and Ko, Andrew J. and Kwan, Irwin},
 title = {In-game Assessments Increase Novice Programmers' Engagement and Level Completion Speed},
 booktitle = {Proceedings of the Ninth Annual International ACM Conference on International Computing Education Research},
 series = {ICER '13},
 year = {2013},
 isbn = {978-1-4503-2243-0},
 location = {San Diego, San California, USA},
 pages = {153--160},
 numpages = {8},
 url = {http://doi.acm.org/10.1145/2493394.2493410},
 doi = {10.1145/2493394.2493410},
 acmid = {2493410},
 publisher = {ACM},
 address = {New York, NY, USA},
 keywords = {assessment, debugging, educational game, engagement, programming, serious game, speed},
}

@inproceedings{Khandelwal:2007:TTT:1226969.1227009,
 author = {Khandelwal, Madhur and Mazalek, Ali},
 title = {Teaching Table: A Tangible Mentor for Pre-k Math Education},
 booktitle = {Proceedings of the 1st International Conference on Tangible and Embedded Interaction},
 series = {TEI '07},
 year = {2007},
 isbn = {978-1-59593-619-6},
 location = {Baton Rouge, Louisiana},
 pages = {191--194},
 numpages = {4},
 url = {http://doi.acm.org/10.1145/1226969.1227009},
 doi = {10.1145/1226969.1227009},
 acmid = {1227009},
 publisher = {ACM},
 address = {New York, NY, USA},
 keywords = {education, learning toys, physical manipulatives, tabletop sensing, tangible computing},
}

