@inproceedings{Reges:2008:MB:1352135.1352147,
 author = {Reges, Stuart},
 title = {The Mystery of "B := (B = False)"},
 booktitle = {Proceedings of the 39th SIGCSE Technical Symposium on Computer Science Education},
 series = {SIGCSE '08},
 year = {2008},
 isbn = {978-1-59593-799-5},
 location = {Portland, OR, USA},
 pages = {21--25},
 numpages = {5},
 url = {http://doi.acm.org/10.1145/1352135.1352147},
 doi = {10.1145/1352135.1352147},
 acmid = {1352147},
 publisher = {ACM},
 address = {New York, NY, USA},
 keywords = {CS1, CS2, mental models},
}

@article{Reges:2008:MB:1352322.1352147,
 author = {Reges, Stuart},
 title = {The Mystery of "B := (B = False)"},
 journal = {SIGCSE Bull.},
 issue_date = {March 2008},
 volume = {40},
 number = {1},
 month = mar,
 year = {2008},
 issn = {0097-8418},
 pages = {21--25},
 numpages = {5},
 url = {http://doi.acm.org/10.1145/1352322.1352147},
 doi = {10.1145/1352322.1352147},
 acmid = {1352147},
 publisher = {ACM},
 address = {New York, NY, USA},
 keywords = {CS1, CS2, mental models},
}

@inproceedings{Scholtz:2010:MMR:1822090.1822120,
 author = {Scholtz, Tamarisk Lurlyn and Sanders, Ian},
 title = {Mental Models of Recursion: Investigating Students' Understanding of Recursion},
 booktitle = {Proceedings of the Fifteenth Annual Conference on Innovation and Technology in Computer Science Education},
 series = {ITiCSE '10},
 year = {2010},
 isbn = {978-1-60558-820-9},
 location = {Bilkent, Ankara, Turkey},
 pages = {103--107},
 numpages = {5},
 url = {http://doi.acm.org/10.1145/1822090.1822120},
 doi = {10.1145/1822090.1822120},
 acmid = {1822120},
 publisher = {ACM},
 address = {New York, NY, USA},
 keywords = {mental models, recursion},
}

@article{Sanders:2007:SMM:1269900.1268883,
 author = {Sanders, Ian Douglas and Galpin, Vashti C.},
 title = {Students' Mental Models of Recursion at Wits},
 journal = {SIGCSE Bull.},
 issue_date = {September 2007},
 volume = {39},
 number = {3},
 month = jun,
 year = {2007},
 issn = {0097-8418},
 pages = {317--317},
 numpages = {1},
 url = {http://doi.acm.org/10.1145/1269900.1268883},
 doi = {10.1145/1269900.1268883},
 acmid = {1268883},
 publisher = {ACM},
 address = {New York, NY, USA},
 keywords = {mental models, recursion},
}

@inproceedings{Sanders:2007:SMM:1268784.1268883,
 author = {Sanders, Ian Douglas and Galpin, Vashti C.},
 title = {Students' Mental Models of Recursion at Wits},
 booktitle = {Proceedings of the 12th Annual SIGCSE Conference on Innovation and Technology in Computer Science Education},
 series = {ITiCSE '07},
 year = {2007},
 isbn = {978-1-59593-610-3},
 location = {Dundee, Scotland},
 pages = {317--317},
 numpages = {1},
 url = {http://doi.acm.org/10.1145/1268784.1268883},
 doi = {10.1145/1268784.1268883},
 acmid = {1268883},
 publisher = {ACM},
 address = {New York, NY, USA},
 keywords = {mental models, recursion},
}

@article{Sanders:2006:MMR:1140123.1140162,
 author = {Sanders, Ian and Galpin, Vashti and G\"{o}tschi, Tina},
 title = {Mental Models of Recursion Revisited},
 journal = {SIGCSE Bull.},
 issue_date = {September 2006},
 volume = {38},
 number = {3},
 month = jun,
 year = {2006},
 issn = {0097-8418},
 pages = {138--142},
 numpages = {5},
 url = {http://doi.acm.org/10.1145/1140123.1140162},
 doi = {10.1145/1140123.1140162},
 acmid = {1140162},
 publisher = {ACM},
 address = {New York, NY, USA},
 keywords = {mental models, recursion},
}

@inproceedings{Sanders:2006:MMR:1140124.1140162,
 author = {Sanders, Ian and Galpin, Vashti and G\"{o}tschi, Tina},
 title = {Mental Models of Recursion Revisited},
 booktitle = {Proceedings of the 11th Annual SIGCSE Conference on Innovation and Technology in Computer Science Education},
 series = {ITICSE '06},
 year = {2006},
 isbn = {1-59593-055-8},
 location = {Bologna, Italy},
 pages = {138--142},
 numpages = {5},
 url = {http://doi.acm.org/10.1145/1140124.1140162},
 doi = {10.1145/1140124.1140162},
 acmid = {1140162},
 publisher = {ACM},
 address = {New York, NY, USA},
 keywords = {mental models, recursion},
}

@article{Ma:2007:IVM:1227504.1227481,
 author = {Ma, Linxiao and Ferguson, John and Roper, Marc and Wood, Murray},
 title = {Investigating the Viability of Mental Models Held by Novice Programmers},
 journal = {SIGCSE Bull.},
 issue_date = {March 2007},
 volume = {39},
 number = {1},
 month = mar,
 year = {2007},
 issn = {0097-8418},
 pages = {499--503},
 numpages = {5},
 url = {http://doi.acm.org/10.1145/1227504.1227481},
 doi = {10.1145/1227504.1227481},
 acmid = {1227481},
 publisher = {ACM},
 address = {New York, NY, USA},
 keywords = {CS1, mental models, novice, programming},
}

@inproceedings{Ma:2007:IVM:1227310.1227481,
 author = {Ma, Linxiao and Ferguson, John and Roper, Marc and Wood, Murray},
 title = {Investigating the Viability of Mental Models Held by Novice Programmers},
 booktitle = {Proceedings of the 38th SIGCSE Technical Symposium on Computer Science Education},
 series = {SIGCSE '07},
 year = {2007},
 isbn = {1-59593-361-1},
 location = {Covington, Kentucky, USA},
 pages = {499--503},
 numpages = {5},
 url = {http://doi.acm.org/10.1145/1227310.1227481},
 doi = {10.1145/1227310.1227481},
 acmid = {1227481},
 publisher = {ACM},
 address = {New York, NY, USA},
 keywords = {CS1, mental models, novice, programming},
}

@inproceedings{Lewis:2014:EVS:2632320.2632355,
 author = {Lewis, Colleen M.},
 title = {Exploring Variation in Students' Correct Traces of Linear Recursion},
 booktitle = {Proceedings of the Tenth Annual Conference on International Computing Education Research},
 series = {ICER '14},
 year = {2014},
 isbn = {978-1-4503-2755-8},
 location = {Glasgow, Scotland, United Kingdom},
 pages = {67--74},
 numpages = {8},
 url = {http://doi.acm.org/10.1145/2632320.2632355},
 doi = {10.1145/2632320.2632355},
 acmid = {2632355},
 publisher = {ACM},
 address = {New York, NY, USA},
 keywords = {mental models, recursion, representations, transfer},
}

@article{Ma:2008:UCC:1352322.1352253,
 author = {Ma, Linxiao and Ferguson, John D. and Roper, Marc and Ross, Isla and Wood, Murray},
 title = {Using Cognitive Conflict and Visualisation to Improve Mental Models Held by Novice Programmers},
 journal = {SIGCSE Bull.},
 issue_date = {March 2008},
 volume = {40},
 number = {1},
 month = mar,
 year = {2008},
 issn = {0097-8418},
 pages = {342--346},
 numpages = {5},
 url = {http://doi.acm.org/10.1145/1352322.1352253},
 doi = {10.1145/1352322.1352253},
 acmid = {1352253},
 publisher = {ACM},
 address = {New York, NY, USA},
 keywords = {CS1, mental models, novice, programming},
}

@inproceedings{Ma:2008:UCC:1352135.1352253,
 author = {Ma, Linxiao and Ferguson, John D. and Roper, Marc and Ross, Isla and Wood, Murray},
 title = {Using Cognitive Conflict and Visualisation to Improve Mental Models Held by Novice Programmers},
 booktitle = {Proceedings of the 39th SIGCSE Technical Symposium on Computer Science Education},
 series = {SIGCSE '08},
 year = {2008},
 isbn = {978-1-59593-799-5},
 location = {Portland, OR, USA},
 pages = {342--346},
 numpages = {5},
 url = {http://doi.acm.org/10.1145/1352135.1352253},
 doi = {10.1145/1352135.1352253},
 acmid = {1352253},
 publisher = {ACM},
 address = {New York, NY, USA},
 keywords = {CS1, mental models, novice, programming},
}

@inproceedings{Mirolo:2010:LRM:1822090.1822136,
 author = {Mirolo, Claudio},
 title = {Learning (Through) Recursion: A Multidimensional Analysis of the Competences Achieved by CS1 Students},
 booktitle = {Proceedings of the Fifteenth Annual Conference on Innovation and Technology in Computer Science Education},
 series = {ITiCSE '10},
 year = {2010},
 isbn = {978-1-60558-820-9},
 location = {Bilkent, Ankara, Turkey},
 pages = {160--164},
 numpages = {5},
 url = {http://doi.acm.org/10.1145/1822090.1822136},
 doi = {10.1145/1822090.1822136},
 acmid = {1822136},
 publisher = {ACM},
 address = {New York, NY, USA},
 keywords = {mental models, programming learning, recursion},
}

@article{Ben-Ari:1999:TPP:384267.305831,
 author = {Ben-Ari, Mordechai and Kolikant, Yifat Ben-David},
 title = {Thinking Parallel: The Process of Learning Concurrency},
 journal = {SIGCSE Bull.},
 issue_date = {Sept. 1999},
 volume = {31},
 number = {3},
 month = jun,
 year = {1999},
 issn = {0097-8418},
 pages = {13--16},
 numpages = {4},
 url = {http://doi.acm.org/10.1145/384267.305831},
 doi = {10.1145/384267.305831},
 acmid = {305831},
 publisher = {ACM},
 address = {New York, NY, USA},
 keywords = {concurrency, distributed programming, mental models},
}

@inproceedings{Ben-Ari:1999:TPP:305786.305831,
 author = {Ben-Ari, Mordechai and Kolikant, Yifat Ben-David},
 title = {Thinking Parallel: The Process of Learning Concurrency},
 booktitle = {Proceedings of the 4th Annual SIGCSE/SIGCUE ITiCSE Conference on Innovation and Technology in Computer Science Education},
 series = {ITiCSE '99},
 year = {1999},
 isbn = {1-58113-087-2},
 location = {Cracow, Poland},
 pages = {13--16},
 numpages = {4},
 url = {http://doi.acm.org/10.1145/305786.305831},
 doi = {10.1145/305786.305831},
 acmid = {305831},
 publisher = {ACM},
 address = {New York, NY, USA},
 keywords = {concurrency, distributed programming, mental models},
}

@article{Mirolo:2009:MMR:1595496.1563039,
 author = {Mirolo, Claudio},
 title = {Mental Models of Recursive Computations vs. Recursive Analysis in the Problem Domain},
 journal = {SIGCSE Bull.},
 issue_date = {September 2009},
 volume = {41},
 number = {3},
 month = jul,
 year = {2009},
 issn = {0097-8418},
 pages = {397--397},
 numpages = {1},
 url = {http://doi.acm.org/10.1145/1595496.1563039},
 doi = {10.1145/1595496.1563039},
 acmid = {1563039},
 publisher = {ACM},
 address = {New York, NY, USA},
 keywords = {mental models, programming learning, recursion},
}

@inproceedings{Mirolo:2009:MMR:1562877.1563039,
 author = {Mirolo, Claudio},
 title = {Mental Models of Recursive Computations vs. Recursive Analysis in the Problem Domain},
 booktitle = {Proceedings of the 14th Annual ACM SIGCSE Conference on Innovation and Technology in Computer Science Education},
 series = {ITiCSE '09},
 year = {2009},
 isbn = {978-1-60558-381-5},
 location = {Paris, France},
 pages = {397--397},
 numpages = {1},
 url = {http://doi.acm.org/10.1145/1562877.1563039},
 doi = {10.1145/1562877.1563039},
 acmid = {1563039},
 publisher = {ACM},
 address = {New York, NY, USA},
 keywords = {mental models, programming learning, recursion},
}

@inproceedings{AlZoubi:2015:HMT:2808006.2808030,
 author = {AlZoubi, Omar and Fossati, Davide and Di Eugenio, Barbara and Green, Nick and Alizadeh, Mehrdad and Harsley, Rachel},
 title = {A Hybrid Model for Teaching Recursion},
 booktitle = {Proceedings of the 16th Annual Conference on Information Technology Education},
 series = {SIGITE '15},
 year = {2015},
 isbn = {978-1-4503-3835-6},
 location = {Chicago, Illinois, USA},
 pages = {65--70},
 numpages = {6},
 url = {http://doi.acm.org/10.1145/2808006.2808030},
 doi = {10.1145/2808006.2808030},
 acmid = {2808030},
 publisher = {ACM},
 address = {New York, NY, USA},
 keywords = {intelligent tutoring systems, mental models, recursion},
}

@inproceedings{Pieterse:2018:TAS:3289406.3289413,
 author = {Pieterse, Vreda and Taylor, Estelle},
 title = {On the Triviality of the Assignment Statement},
 booktitle = {Proceedings of the 7th Computer Science Education Research Conference},
 series = {CSERC '18},
 year = {2018},
 isbn = {978-1-4503-6624-3},
 location = {Saint Petersburg, Russian Federation},
 pages = {51--57},
 numpages = {7},
 url = {http://doi.acm.org/10.1145/3289406.3289413},
 doi = {10.1145/3289406.3289413},
 acmid = {3289413},
 publisher = {ACM},
 address = {New York, NY, USA},
 keywords = {Novice programmers, assignment statement, mental models},
}

@article{Gotschi:2003:MMR:792548.612004,
 author = {G\"{o}tschi, Tina and Sanders, Ian and Galpin, Vashti},
 title = {Mental Models of Recursion},
 journal = {SIGCSE Bull.},
 issue_date = {January 2003},
 volume = {35},
 number = {1},
 month = jan,
 year = {2003},
 issn = {0097-8418},
 pages = {346--350},
 numpages = {5},
 url = {http://doi.acm.org/10.1145/792548.612004},
 doi = {10.1145/792548.612004},
 acmid = {612004},
 publisher = {ACM},
 address = {New York, NY, USA},
 keywords = {constructivism, learning, mental models, pedagogy, programming, recursion},
}

@inproceedings{Gotschi:2003:MMR:611892.612004,
 author = {G\"{o}tschi, Tina and Sanders, Ian and Galpin, Vashti},
 title = {Mental Models of Recursion},
 booktitle = {Proceedings of the 34th SIGCSE Technical Symposium on Computer Science Education},
 series = {SIGCSE '03},
 year = {2003},
 isbn = {1-58113-648-X},
 location = {Reno, Navada, USA},
 pages = {346--350},
 numpages = {5},
 url = {http://doi.acm.org/10.1145/611892.612004},
 doi = {10.1145/611892.612004},
 acmid = {612004},
 publisher = {ACM},
 address = {New York, NY, USA},
 keywords = {constructivism, learning, mental models, pedagogy, programming, recursion},
}

@article{Ramalingam:2004:SMM:1026487.1008042,
 author = {Ramalingam, Vennila and LaBelle, Deborah and Wiedenbeck, Susan},
 title = {Self-efficacy and Mental Models in Learning to Program},
 journal = {SIGCSE Bull.},
 issue_date = {September 2004},
 volume = {36},
 number = {3},
 month = jun,
 year = {2004},
 issn = {0097-8418},
 pages = {171--175},
 numpages = {5},
 url = {http://doi.acm.org/10.1145/1026487.1008042},
 doi = {10.1145/1026487.1008042},
 acmid = {1008042},
 publisher = {ACM},
 address = {New York, NY, USA},
 keywords = {learning to program, mental models, self-efficacy},
}

@inproceedings{Ramalingam:2004:SMM:1007996.1008042,
 author = {Ramalingam, Vennila and LaBelle, Deborah and Wiedenbeck, Susan},
 title = {Self-efficacy and Mental Models in Learning to Program},
 booktitle = {Proceedings of the 9th Annual SIGCSE Conference on Innovation and Technology in Computer Science Education},
 series = {ITiCSE '04},
 year = {2004},
 isbn = {1-58113-836-9},
 location = {Leeds, United Kingdom},
 pages = {171--175},
 numpages = {5},
 url = {http://doi.acm.org/10.1145/1007996.1008042},
 doi = {10.1145/1007996.1008042},
 acmid = {1008042},
 publisher = {ACM},
 address = {New York, NY, USA},
 keywords = {learning to program, mental models, self-efficacy},
}

@article{Yehezkel:2005:CAM:1047124.1047390,
 author = {Yehezkel, Cecile and Ben-Ari, Mordechai and Dreyfus, Tommy},
 title = {Computer Architecture and Mental Models},
 journal = {SIGCSE Bull.},
 issue_date = {2005},
 volume = {37},
 number = {1},
 month = feb,
 year = {2005},
 issn = {0097-8418},
 pages = {101--105},
 numpages = {5},
 url = {http://doi.acm.org/10.1145/1047124.1047390},
 doi = {10.1145/1047124.1047390},
 acmid = {1047390},
 publisher = {ACM},
 address = {New York, NY, USA},
 keywords = {computer architecture education, mental models, visualization},
}

@inproceedings{Yehezkel:2005:CAM:1047344.1047390,
 author = {Yehezkel, Cecile and Ben-Ari, Mordechai and Dreyfus, Tommy},
 title = {Computer Architecture and Mental Models},
 booktitle = {Proceedings of the 36th SIGCSE Technical Symposium on Computer Science Education},
 series = {SIGCSE '05},
 year = {2005},
 isbn = {1-58113-997-7},
 location = {St. Louis, Missouri, USA},
 pages = {101--105},
 numpages = {5},
 url = {http://doi.acm.org/10.1145/1047344.1047390},
 doi = {10.1145/1047344.1047390},
 acmid = {1047390},
 publisher = {ACM},
 address = {New York, NY, USA},
 keywords = {computer architecture education, mental models, visualization},
}

@inproceedings{Radermacher:2012:ISL:2361276.2361294,
 author = {Radermacher, Alex and Walia, Gursimran and Rummelt, Richard},
 title = {Improving Student Learning Outcomes with Pair Programming},
 booktitle = {Proceedings of the Ninth Annual International Conference on International Computing Education Research},
 series = {ICER '12},
 year = {2012},
 isbn = {978-1-4503-1604-0},
 location = {Auckland, New Zealand},
 pages = {87--92},
 numpages = {6},
 url = {http://doi.acm.org/10.1145/2361276.2361294},
 doi = {10.1145/2361276.2361294},
 acmid = {2361294},
 publisher = {ACM},
 address = {New York, NY, USA},
 keywords = {compatibility, mental model consistency, pair programming},
}

@inproceedings{Radermacher:2012:ASP:2157136.2157236,
 author = {Radermacher, Alex and Walia, Gursimran and Rummelt, Richard},
 title = {Assigning Student Programming Pairs Based on Their Mental Model Consistency: An Initial Investigation},
 booktitle = {Proceedings of the 43rd ACM Technical Symposium on Computer Science Education},
 series = {SIGCSE '12},
 year = {2012},
 isbn = {978-1-4503-1098-7},
 location = {Raleigh, North Carolina, USA},
 pages = {325--330},
 numpages = {6},
 url = {http://doi.acm.org/10.1145/2157136.2157236},
 doi = {10.1145/2157136.2157236},
 acmid = {2157236},
 publisher = {ACM},
 address = {New York, NY, USA},
 keywords = {computer programming, empirical study, mental model, mental model consistency, pair programming},
}

@inproceedings{Stansbury:2015:SUD:2676723.2691937,
 author = {Stansbury, Emily},
 title = {Students' (Mis)Understanding of Dictionaries (Abstract Only)},
 booktitle = {Proceedings of the 46th ACM Technical Symposium on Computer Science Education},
 series = {SIGCSE '15},
 year = {2015},
 isbn = {978-1-4503-2966-8},
 location = {Kansas City, Missouri, USA},
 pages = {682--682},
 numpages = {1},
 url = {http://doi.acm.org/10.1145/2676723.2691937},
 doi = {10.1145/2676723.2691937},
 acmid = {2691937},
 publisher = {ACM},
 address = {New York, NY, USA},
 keywords = {dictionary, hash tables., list, mental models, misconceptions, python},
}

@inproceedings{Forisek:2012:MAT:2157136.2157147,
 author = {Fori\v{s}ek, Michal and Steinov\'{a}, Monika},
 title = {Metaphors and Analogies for Teaching Algorithms},
 booktitle = {Proceedings of the 43rd ACM Technical Symposium on Computer Science Education},
 series = {SIGCSE '12},
 year = {2012},
 isbn = {978-1-4503-1098-7},
 location = {Raleigh, North Carolina, USA},
 pages = {15--20},
 numpages = {6},
 url = {http://doi.acm.org/10.1145/2157136.2157147},
 doi = {10.1145/2157136.2157147},
 acmid = {2157147},
 publisher = {ACM},
 address = {New York, NY, USA},
 keywords = {abstraction, mental model, metaphor, physical analogy, teaching algorithms},
}

@inproceedings{Prasad:2018:DSC:3230977.3231011,
 author = {Prasad, Prajish},
 title = {Developing Students' Cognitive Processes Required for Software Design Verification},
 booktitle = {Proceedings of the 2018 ACM Conference on International Computing Education Research},
 series = {ICER '18},
 year = {2018},
 isbn = {978-1-4503-5628-2},
 location = {Espoo, Finland},
 pages = {284--285},
 numpages = {2},
 url = {http://doi.acm.org/10.1145/3230977.3231011},
 doi = {10.1145/3230977.3231011},
 acmid = {3231011},
 publisher = {ACM},
 address = {New York, NY, USA},
 keywords = {mental modeling, mental simulations, model-based learning, software design verification},
}

@inproceedings{Byckling:2006:RAM:1151588.1151602,
 author = {Byckling, Pauli and Sajaniemi, Jorma},
 title = {A Role-based Analysis Model for the Evaluation of Novices' Programming Knowledge Development},
 booktitle = {Proceedings of the Second International Workshop on Computing Education Research},
 series = {ICER '06},
 year = {2006},
 isbn = {1-59593-494-4},
 location = {Canterbury, United Kingdom},
 pages = {85--96},
 numpages = {12},
 url = {http://doi.acm.org/10.1145/1151588.1151602},
 doi = {10.1145/1151588.1151602},
 acmid = {1151602},
 publisher = {ACM},
 address = {New York, NY, USA},
 keywords = {mental models, programming education, programming knowledge, roles of variables},
}

@inproceedings{Margulieux:2012:SIM:2361276.2361291,
 author = {Margulieux, Lauren E. and Guzdial, Mark and Catrambone, Richard},
 title = {Subgoal-labeled Instructional Material Improves Performance and Transfer in Learning to Develop Mobile Applications},
 booktitle = {Proceedings of the Ninth Annual International Conference on International Computing Education Research},
 series = {ICER '12},
 year = {2012},
 isbn = {978-1-4503-1604-0},
 location = {Auckland, New Zealand},
 pages = {71--78},
 numpages = {8},
 url = {http://doi.acm.org/10.1145/2361276.2361291},
 doi = {10.1145/2361276.2361291},
 acmid = {2361291},
 publisher = {ACM},
 address = {New York, NY, USA},
 keywords = {cognitive load, educational videos, instructional text, mental models, subgoal learning},
}

@inproceedings{Hubwieser:2011:SKO:2016911.2016929,
 author = {Hubwieser, Peter and M\"{u}hling, Andreas},
 title = {What Students (Should) Know About Object Oriented Programming},
 booktitle = {Proceedings of the Seventh International Workshop on Computing Education Research},
 series = {ICER '11},
 year = {2011},
 isbn = {978-1-4503-0829-8},
 location = {Providence, Rhode Island, USA},
 pages = {77--84},
 numpages = {8},
 url = {http://doi.acm.org/10.1145/2016911.2016929},
 doi = {10.1145/2016911.2016929},
 acmid = {2016929},
 publisher = {ACM},
 address = {New York, NY, USA},
 keywords = {concept maps, learning process, mental model, object-orientation, objects first},
}

@inproceedings{Hubwieser:2011:ICS:1999747.1999890,
 author = {Hubwieser, Peter and M\"{u}hling, Andreas},
 title = {Investigating Cognitive Structures of Object Oriented Programming},
 booktitle = {Proceedings of the 16th Annual Joint Conference on Innovation and Technology in Computer Science Education},
 series = {ITiCSE '11},
 year = {2011},
 isbn = {978-1-4503-0697-3},
 location = {Darmstadt, Germany},
 pages = {377--377},
 numpages = {1},
 url = {http://doi.acm.org/10.1145/1999747.1999890},
 doi = {10.1145/1999747.1999890},
 acmid = {1999890},
 publisher = {ACM},
 address = {New York, NY, USA},
 keywords = {concept-maps, learning, mental model, object orientation, objects first},
}

@inproceedings{Kollmansberger:2010:HSB:1822090.1822127,
 author = {Kollmansberger, Steven},
 title = {Helping Students Build a Mental Model of Computation},
 booktitle = {Proceedings of the Fifteenth Annual Conference on Innovation and Technology in Computer Science Education},
 series = {ITiCSE '10},
 year = {2010},
 isbn = {978-1-60558-820-9},
 location = {Bilkent, Ankara, Turkey},
 pages = {128--131},
 numpages = {4},
 url = {http://doi.acm.org/10.1145/1822090.1822127},
 doi = {10.1145/1822090.1822127},
 acmid = {1822127},
 publisher = {ACM},
 address = {New York, NY, USA},
 keywords = {active learning, online tutoring, program tracing},
}

@inproceedings{Nevalainen:2006:ESE:1151588.1151591,
 author = {Nevalainen, Seppo and Sajaniemi, Jorma},
 title = {An Experiment on Short-term Effects of Animated Versus Static Visualization of Operations on Program Perception},
 booktitle = {Proceedings of the Second International Workshop on Computing Education Research},
 series = {ICER '06},
 year = {2006},
 isbn = {1-59593-494-4},
 location = {Canterbury, United Kingdom},
 pages = {7--16},
 numpages = {10},
 url = {http://doi.acm.org/10.1145/1151588.1151591},
 doi = {10.1145/1151588.1151591},
 acmid = {1151591},
 publisher = {ACM},
 address = {New York, NY, USA},
 keywords = {mental models, program visualization, programming education, programming knowledge, roles of variables},
}

@article{Sorva:2013:NMI:2483710.2483713,
 author = {Sorva, Juha},
 title = {Notional Machines and Introductory Programming Education},
 journal = {Trans. Comput. Educ.},
 issue_date = {June 2013},
 volume = {13},
 number = {2},
 month = jul,
 year = {2013},
 issn = {1946-6226},
 pages = {8:1--8:31},
 articleno = {8},
 numpages = {31},
 url = {http://doi.acm.org/10.1145/2483710.2483713},
 doi = {10.1145/2483710.2483713},
 acmid = {2483713},
 publisher = {ACM},
 address = {New York, NY, USA},
 keywords = {CS1, Notional machine, constructivism, introductory programming education, literature review, mental models, misconceptions, phenomenography, threshold concepts},
}

@article{Bruce-Lockhart:2006:IEE:1140123.1140267,
 author = {Bruce-Lockhart, Michael and Norvell, Theodore S.},
 title = {Interactive Embedded Examples: A Demonstration},
 journal = {SIGCSE Bull.},
 issue_date = {September 2006},
 volume = {38},
 number = {3},
 month = jun,
 year = {2006},
 issn = {0097-8418},
 pages = {357--357},
 numpages = {1},
 url = {http://doi.acm.org/10.1145/1140123.1140267},
 doi = {10.1145/1140123.1140267},
 acmid = {1140267},
 publisher = {ACM},
 address = {New York, NY, USA},
 keywords = {The Teaching Machine, algorithms, data structures, education, mental model, object-oriented programming, program animation, programming, visualization},
}

@inproceedings{Bruce-Lockhart:2006:IEE:1140124.1140267,
 author = {Bruce-Lockhart, Michael and Norvell, Theodore S.},
 title = {Interactive Embedded Examples: A Demonstration},
 booktitle = {Proceedings of the 11th Annual SIGCSE Conference on Innovation and Technology in Computer Science Education},
 series = {ITICSE '06},
 year = {2006},
 isbn = {1-59593-055-8},
 location = {Bologna, Italy},
 pages = {357--357},
 numpages = {1},
 url = {http://doi.acm.org/10.1145/1140124.1140267},
 doi = {10.1145/1140124.1140267},
 acmid = {1140267},
 publisher = {ACM},
 address = {New York, NY, USA},
 keywords = {The Teaching Machine, algorithms, data structures, education, mental model, object-oriented programming, program animation, programming, visualization},
}

@inproceedings{Monaghan:1995:UCC:222020.222195,
 author = {Monaghan, James M. and Clement, John},
 title = {Use of Collaborative Computer Simulation Activities to Facilitate Relative Motion Learning},
 booktitle = {The First International Conference on Computer Support for Collaborative Learning},
 series = {CSCL '95},
 year = {1995},
 isbn = {0-8058-2243-7},
 location = {Indiana Univ., Bloomington, Indiana, USA},
 pages = {242--246},
 numpages = {5},
 url = {https://doi.org/10.3115/222020.222195},
 doi = {10.3115/222020.222195},
 acmid = {222195},
 publisher = {L. Erlbaum Associates Inc.},
 address = {Hillsdale, NJ, USA},
 keywords = {collaborative learning, conceptual change, mental models, physics, problem solving, secondary science education, visualization},
}

@inproceedings{Brauner:2018:GIS:3196839.3196857,
 author = {Brauner, Philipp and Ziefle, Martina and Schroeder, Ulrik and Leonhardt, Thiemo and Bergner, Nadine and Ziegler, Birgit},
 title = {Gender Influences on School Students' Mental Models of Computer Science: A Quantitative Rich Picture Analysis with Sixth Graders},
 booktitle = {Proceedings of the 4th Conference on Gender \& IT},
 series = {GenderIT '18},
 year = {2018},
 isbn = {978-1-4503-5346-5},
 location = {Heilbronn, Germany},
 pages = {113--122},
 numpages = {10},
 url = {http://doi.acm.org/10.1145/3196839.3196857},
 doi = {10.1145/3196839.3196857},
 acmid = {3196857},
 publisher = {ACM},
 address = {New York, NY, USA},
 keywords = {STEM, computer science, gender, mental models, rich picture analysis, science and technology education, self-efficacy, stereotype},
}

@article{Cunningham:2015:RGA:2817322.2817328,
 author = {Cunningham, Laura and Kirkscey, Russell and Reynolds-Dyk, Ashlynn and Small, Nancy and Tran, Charity and Tucker, Virginia},
 title = {Rhetorical Grounding and an Agile Attitude: Complex Systems, Multi-genre Testing, and Service Learning in UX},
 journal = {J. Usability Studies},
 issue_date = {August 2015},
 volume = {10},
 number = {4},
 month = aug,
 year = {2015},
 issn = {1931-3357},
 pages = {182--194},
 numpages = {13},
 url = {http://dl.acm.org/citation.cfm?id=2817322.2817328},
 acmid = {2817328},
 publisher = {Usability Professionals' Association},
 address = {Bloomingdale, IL},
 keywords = {agile design, genre, mental model mismatch, rhetoric, rigor, service learning, theory, think aloud protocol, usability},
}

@inproceedings{Kwon:2007:EKA:1599600.1599765,
 author = {Kwon, Sukjin},
 title = {The Effects of Knowledge Awareness on Peer Interaction and Shared Mental Model in CSCL},
 booktitle = {Proceedings of the 8th Iternational Conference on Computer Supported Collaborative Learning},
 series = {CSCL'07},
 year = {2007},
 isbn = {978-0-6151-5436-7},
 location = {New Brunswick, New Jersey, USA},
 pages = {851--855},
 numpages = {5},
 url = {http://dl.acm.org/citation.cfm?id=1599600.1599765},
 acmid = {1599765},
 publisher = {International Society of the Learning Sciences},
}

@inproceedings{Dillon:2012:CMM:2184512.2184546,
 author = {Dillon, Edward and Anderson, Monica and Brown, Marcus},
 title = {Comparing Mental Models of Novice Programmers when Using Visual and Command Line Environments},
 booktitle = {Proceedings of the 50th Annual Southeast Regional Conference},
 series = {ACM-SE '12},
 year = {2012},
 isbn = {978-1-4503-1203-5},
 location = {Tuscaloosa, Alabama},
 pages = {142--147},
 numpages = {6},
 url = {http://doi.acm.org/10.1145/2184512.2184546},
 doi = {10.1145/2184512.2184546},
 acmid = {2184546},
 publisher = {ACM},
 address = {New York, NY, USA},
 keywords = {education, learning, novice programming},
}

@inproceedings{Elish:2002:ECS:508791.508984,
 author = {Elish, Mahmoud O. and Rine, David C. and Foreman, Joel E.},
 title = {Evaluating Collaborative Software in Supporting Organizational Learning with Bayesian Networks},
 booktitle = {Proceedings of the 2002 ACM Symposium on Applied Computing},
 series = {SAC '02},
 year = {2002},
 isbn = {1-58113-445-2},
 location = {Madrid, Spain},
 pages = {992--996},
 numpages = {5},
 url = {http://doi.acm.org/10.1145/508791.508984},
 doi = {10.1145/508791.508984},
 acmid = {508984},
 publisher = {ACM},
 address = {New York, NY, USA},
 keywords = {Bayesian networks, collaborative software, mental models, organizational learning, software tools evaluation},
}

@inproceedings{Wolking:2017:MMC:3137065.3137076,
 author = {Wolking, Maike and Schmid, Ute},
 title = {Mental Models, Career Aspirations, and the Acquirement of Basic Concepts of Computer Science in Elementary Education: Empirical Evaluation of the Computer Science Experimenter's Kit},
 booktitle = {Proceedings of the 12th Workshop on Primary and Secondary Computing Education},
 series = {WiPSCE '17},
 year = {2017},
 isbn = {978-1-4503-5428-8},
 location = {Nijmegen, Netherlands},
 pages = {119--120},
 numpages = {2},
 url = {http://doi.acm.org/10.1145/3137065.3137076},
 doi = {10.1145/3137065.3137076},
 acmid = {3137076},
 publisher = {ACM},
 address = {New York, NY, USA},
 keywords = {elementary computer science education, field study},
}

@inproceedings{Lewis:2013:MDA:2493394.2493415,
 author = {Lewis, Colleen M. and Khayrallah, Huda and Tsai, Amy},
 title = {Mining Data from the AP CS a Exam: Patterns, Non-patterns, and Replication Failure},
 booktitle = {Proceedings of the Ninth Annual International ACM Conference on International Computing Education Research},
 series = {ICER '13},
 year = {2013},
 isbn = {978-1-4503-2243-0},
 location = {San Diego, San California, USA},
 pages = {115--122},
 numpages = {8},
 url = {http://doi.acm.org/10.1145/2493394.2493415},
 doi = {10.1145/2493394.2493415},
 acmid = {2493415},
 publisher = {ACM},
 address = {New York, NY, USA},
 keywords = {advanced placement computer science, bloom's taxonomy, cs1, difficult topics, mental models of program execution, novice programmers, program state, question difficulty, recursion},
}

@article{Caspersen:2007:MMP:1269900.1268845,
 author = {Caspersen, Michael E. and Larsen, Kasper Dalgaard and Bennedsen, Jens},
 title = {Mental Models and Programming Aptitude},
 journal = {SIGCSE Bull.},
 issue_date = {September 2007},
 volume = {39},
 number = {3},
 month = jun,
 year = {2007},
 issn = {0097-8418},
 pages = {206--210},
 numpages = {5},
 url = {http://doi.acm.org/10.1145/1269900.1268845},
 doi = {10.1145/1269900.1268845},
 acmid = {1268845},
 publisher = {ACM},
 address = {New York, NY, USA},
 keywords = {CS1, introductory programming, object-oriented programming, objects-first, predictors of success},
}

@inproceedings{Caspersen:2007:MMP:1268784.1268845,
 author = {Caspersen, Michael E. and Larsen, Kasper Dalgaard and Bennedsen, Jens},
 title = {Mental Models and Programming Aptitude},
 booktitle = {Proceedings of the 12th Annual SIGCSE Conference on Innovation and Technology in Computer Science Education},
 series = {ITiCSE '07},
 year = {2007},
 isbn = {978-1-59593-610-3},
 location = {Dundee, Scotland},
 pages = {206--210},
 numpages = {5},
 url = {http://doi.acm.org/10.1145/1268784.1268845},
 doi = {10.1145/1268784.1268845},
 acmid = {1268845},
 publisher = {ACM},
 address = {New York, NY, USA},
 keywords = {CS1, introductory programming, object-oriented programming, objects-first, predictors of success},
}

@article{Calongne:2001:DWS:374685.374697,
 author = {Calongne, Cynthia M.},
 title = {Designing for Web Site Usability},
 journal = {J. Comput. Sci. Coll.},
 issue_date = {March 2001},
 volume = {16},
 number = {3},
 month = mar,
 year = {2001},
 issn = {1937-4771},
 pages = {39--45},
 numpages = {7},
 url = {http://dl.acm.org/citation.cfm?id=374685.374697},
 acmid = {374697},
 publisher = {Consortium for Computing Sciences in Colleges},
 address = {USA},
 keywords = {evaluation-centered design, mental models, usability design, usability evaluations, usability goals, user interface design, user profiles, user-centered design, web page design},
}

@inproceedings{Calongne:2001:DWS:374824.374697,
 author = {Calongne, Cynthia M.},
 title = {Designing for Web Site Usability},
 booktitle = {Proceedings of the Seventh Annual Consortium for Computing in Small Colleges Central Plains Conference on The Journal of Computing in Small Colleges},
 year = {2001},
 location = {Branson, Missouri, USA},
 pages = {39--45},
 numpages = {7},
 url = {http://dl.acm.org/citation.cfm?id=374824.374697},
 acmid = {374697},
 publisher = {Consortium for Computing Sciences in Colleges},
 address = {USA},
 keywords = {evaluation-centered design, mental models, usability design, usability evaluations, usability goals, user interface design, user profiles, user-centered design, web page design},
}

@inproceedings{Calongne:2001:DWS:374678.374697,
 author = {Calongne, Cynthia M.},
 title = {Designing for Web Site Usability},
 booktitle = {Proceedings of the Twelfth Annual CCSC South Central Conference on The Journal of Computing in Small Colleges},
 year = {2001},
 location = {Amarillo College, Amarillo, Texas, USA},
 pages = {39--45},
 numpages = {7},
 url = {http://dl.acm.org/citation.cfm?id=374678.374697},
 acmid = {374697},
 publisher = {Consortium for Computing Sciences in Colleges},
 address = {USA},
 keywords = {evaluation-centered design, mental models, usability design, usability evaluations, usability goals, user interface design, user profiles, user-centered design, web page design},
}

@article{Shultz:2000:HSB:357697.357740,
 author = {Shultz, Jerry},
 title = {Helping Students to Build Mental Models of Program Execution via the \&Ldquo;Boxes\&Rdquo; Software},
 journal = {J. Comput. Sci. Coll.},
 issue_date = {Oct 2000},
 volume = {16},
 number = {1},
 month = oct,
 year = {2000},
 issn = {1937-4771},
 pages = {248--},
 url = {http://dl.acm.org/citation.cfm?id=357697.357740},
 acmid = {357740},
 publisher = {Consortium for Computing Sciences in Colleges},
 address = {USA},
}

@inproceedings{Shultz:2000:HSB:365076.357740,
 author = {Shultz, Jerry},
 title = {Helping Students to Build Mental Models of Program Execution via the \&Ldquo;Boxes\&Rdquo; Software},
 booktitle = {Proceedings of the Seventh Annual Consortium on Computing in Small Colleges Midwestern Conference},
 year = {2000},
 location = {Valparaiso, Indiana, USA},
 pages = {248--},
 url = {http://dl.acm.org/citation.cfm?id=365076.357740},
 acmid = {357740},
 publisher = {Consortium for Computing Sciences in Colleges},
 address = {USA},
}

@inproceedings{Shultz:2000:HSB:357742.357740,
 author = {Shultz, Jerry},
 title = {Helping Students to Build Mental Models of Program Execution via the \&Ldquo;Boxes\&Rdquo; Software},
 booktitle = {Proceedings of the Eighth Annual Consortium on Computing in Small Colleges Rocky Mountain Conference},
 year = {2000},
 location = {Orem, Utah, USA},
 pages = {248--},
 url = {http://dl.acm.org/citation.cfm?id=357742.357740},
 acmid = {357740},
 publisher = {Consortium for Computing Sciences in Colleges},
 address = {USA},
}

@inproceedings{Shultz:2000:HSB:369272.357740,
 author = {Shultz, Jerry},
 title = {Helping Students to Build Mental Models of Program Execution via the \&Ldquo;Boxes\&Rdquo; Software},
 booktitle = {Proceedings of the Seventh Annual CCSC Midwestern Conference on Small Colleges},
 year = {2000},
 location = {Valparaiso Univ., Valparaiso, Indiana, USA},
 pages = {248--},
 url = {http://dl.acm.org/citation.cfm?id=369272.357740},
 acmid = {357740},
 publisher = {Consortium for Computing Sciences in Colleges},
 address = {USA},
}

@article{George:2000:ERD:331795.331875,
 author = {George, Carlisle E.},
 title = {EROSI\&Mdash;Visualising Recursion and Discovering New Errors},
 journal = {SIGCSE Bull.},
 issue_date = {Mar. 2000},
 volume = {32},
 number = {1},
 month = mar,
 year = {2000},
 issn = {0097-8418},
 pages = {305--309},
 numpages = {5},
 url = {http://doi.acm.org/10.1145/331795.331875},
 doi = {10.1145/331795.331875},
 acmid = {331875},
 publisher = {ACM},
 address = {New York, NY, USA},
}

@inproceedings{George:2000:ERD:330908.331875,
 author = {George, Carlisle E.},
 title = {EROSI\&Mdash;Visualising Recursion and Discovering New Errors},
 booktitle = {Proceedings of the Thirty-first SIGCSE Technical Symposium on Computer Science Education},
 series = {SIGCSE '00},
 year = {2000},
 isbn = {1-58113-213-1},
 location = {Austin, Texas, USA},
 pages = {305--309},
 numpages = {5},
 url = {http://doi.acm.org/10.1145/330908.331875},
 doi = {10.1145/330908.331875},
 acmid = {331875},
 publisher = {ACM},
 address = {New York, NY, USA},
}

@article{Chen:1991:SMT:122652.122660,
 author = {Chen, Z.},
 title = {From Student Model to Teacher Model: Enriching Our View of the Impact of Computers on Society},
 journal = {SIGCAS Comput. Soc.},
 issue_date = {Oct. 1991},
 volume = {21},
 number = {2-4},
 month = nov,
 year = {1991},
 issn = {0095-2737},
 pages = {46--48},
 numpages = {3},
 url = {http://doi.acm.org/10.1145/122652.122660},
 doi = {10.1145/122652.122660},
 acmid = {122660},
 publisher = {ACM},
 address = {New York, NY, USA},
}

@article{Ferguson:2003:OCM:767598.767649,
 author = {Ferguson, Ernest},
 title = {Object-oriented Concept Mapping Using UML Class Diagrams},
 journal = {J. Comput. Sci. Coll.},
 issue_date = {April 2003},
 volume = {18},
 number = {4},
 month = apr,
 year = {2003},
 issn = {1937-4771},
 pages = {344--354},
 numpages = {11},
 url = {http://dl.acm.org/citation.cfm?id=767598.767649},
 acmid = {767649},
 publisher = {Consortium for Computing Sciences in Colleges},
 address = {USA},
 keywords = {UML, concept maps, conceptual change, constructivism},
}

@inproceedings{Song:2009:WMS:1520340.1520723,
 author = {Song, Minyoung and Quintana, Chris},
 title = {WIIS: Multimodal Simulation for Exploring the World Beyond Visual Sense},
 booktitle = {CHI '09 Extended Abstracts on Human Factors in Computing Systems},
 series = {CHI EA '09},
 year = {2009},
 isbn = {978-1-60558-247-4},
 location = {Boston, MA, USA},
 pages = {4699--4704},
 numpages = {6},
 url = {http://doi.acm.org/10.1145/1520340.1520723},
 doi = {10.1145/1520340.1520723},
 acmid = {1520723},
 publisher = {ACM},
 address = {New York, NY, USA},
 keywords = {learning technologies, multimodal representations, simulations},
}

@inproceedings{Thevathayan:2015:SDN:2729094.2742609,
 author = {Thevathayan, Charles and Hamilton, Margaret},
 title = {Supporting Diverse Novice Programming Cohorts Through Flexible and Incremental Visual Constructivist Pathways},
 booktitle = {Proceedings of the 2015 ACM Conference on Innovation and Technology in Computer Science Education},
 series = {ITiCSE '15},
 year = {2015},
 isbn = {978-1-4503-3440-2},
 location = {Vilnius, Lithuania},
 pages = {296--301},
 numpages = {6},
 url = {http://doi.acm.org/10.1145/2729094.2742609},
 doi = {10.1145/2729094.2742609},
 acmid = {2742609},
 publisher = {ACM},
 address = {New York, NY, USA},
 keywords = {constructivism, diversity in the classroom, learning programming, motivation, visualisation},
}

@article{Bower:2008:ICS:1597849.1384323,
 author = {Bower, Matt},
 title = {The "Instructed-teacher": A Computer Science Online Learning Pedagogical Pattern},
 journal = {SIGCSE Bull.},
 issue_date = {September 2008},
 volume = {40},
 number = {3},
 month = jun,
 year = {2008},
 issn = {0097-8418},
 pages = {189--193},
 numpages = {5},
 url = {http://doi.acm.org/10.1145/1597849.1384323},
 doi = {10.1145/1597849.1384323},
 acmid = {1384323},
 publisher = {ACM},
 address = {New York, NY, USA},
 keywords = {online learning, pedagogical patterns, virtual classroom, web-conferencing},
}

@inproceedings{Bower:2008:ICS:1384271.1384323,
 author = {Bower, Matt},
 title = {The "Instructed-teacher": A Computer Science Online Learning Pedagogical Pattern},
 booktitle = {Proceedings of the 13th Annual Conference on Innovation and Technology in Computer Science Education},
 series = {ITiCSE '08},
 year = {2008},
 isbn = {978-1-60558-078-4},
 location = {Madrid, Spain},
 pages = {189--193},
 numpages = {5},
 url = {http://doi.acm.org/10.1145/1384271.1384323},
 doi = {10.1145/1384271.1384323},
 acmid = {1384323},
 publisher = {ACM},
 address = {New York, NY, USA},
 keywords = {online learning, pedagogical patterns, virtual classroom, web-conferencing},
}

@inproceedings{Dasgupta:2010:MPI:1900008.1900142,
 author = {Dasgupta, Chandan},
 title = {That is Not My Program: Investigating the Relation Between Program Comprehension and Program Authorship},
 booktitle = {Proceedings of the 48th Annual Southeast Regional Conference},
 series = {ACM SE '10},
 year = {2010},
 isbn = {978-1-4503-0064-3},
 location = {Oxford, Mississippi},
 pages = {103:1--103:4},
 articleno = {103},
 numpages = {4},
 url = {http://doi.acm.org/10.1145/1900008.1900142},
 doi = {10.1145/1900008.1900142},
 acmid = {1900142},
 publisher = {ACM},
 address = {New York, NY, USA},
 keywords = {program authorship, program comprehension},
}

@inproceedings{Kolikant:2000:AS:343048.343061,
 author = {Kolikant, Yifat Ben-David and Ben-Ari, Mordechai and Pollack, Sarah},
 title = {The Anthropology Semaphores},
 booktitle = {Proceedings of the 5th Annual SIGCSE/SIGCUE ITiCSEconference on Innovation and Technology in Computer Science Education},
 series = {ITiCSE '00},
 year = {2000},
 isbn = {1-58113-207-7},
 location = {Helsinki, Finland},
 pages = {21--24},
 numpages = {4},
 url = {http://doi.acm.org/10.1145/343048.343061},
 doi = {10.1145/343048.343061},
 acmid = {343061},
 publisher = {ACM},
 address = {New York, NY, USA},
}

@article{Kolikant:2000:AS:353519.343061,
 author = {Kolikant, Yifat Ben-David and Ben-Ari, Mordechai and Pollack, Sarah},
 title = {The Anthropology Semaphores},
 journal = {SIGCSE Bull.},
 issue_date = {Sept. 2000},
 volume = {32},
 number = {3},
 month = jul,
 year = {2000},
 issn = {0097-8418},
 pages = {21--24},
 numpages = {4},
 url = {http://doi.acm.org/10.1145/353519.343061},
 doi = {10.1145/353519.343061},
 acmid = {343061},
 publisher = {ACM},
 address = {New York, NY, USA},
}

@inproceedings{White:2001:MCE:374678.374739,
 author = {White, Garry},
 title = {Misconceptions in CIS Education},
 booktitle = {Proceedings of the Twelfth Annual CCSC South Central Conference on The Journal of Computing in Small Colleges},
 year = {2001},
 location = {Amarillo College, Amarillo, Texas, USA},
 pages = {149--152},
 numpages = {4},
 url = {http://dl.acm.org/citation.cfm?id=374678.374739},
 acmid = {374739},
 publisher = {Consortium for Computing Sciences in Colleges},
 address = {USA},
}

@article{White:2001:MCE:374685.374739,
 author = {White, Garry},
 title = {Misconceptions in CIS Education},
 journal = {J. Comput. Sci. Coll.},
 issue_date = {March 2001},
 volume = {16},
 number = {3},
 month = mar,
 year = {2001},
 issn = {1937-4771},
 pages = {149--152},
 numpages = {4},
 url = {http://dl.acm.org/citation.cfm?id=374685.374739},
 acmid = {374739},
 publisher = {Consortium for Computing Sciences in Colleges},
 address = {USA},
}

@inproceedings{White:2001:MCE:374824.374739,
 author = {White, Garry},
 title = {Misconceptions in CIS Education},
 booktitle = {Proceedings of the Seventh Annual Consortium for Computing in Small Colleges Central Plains Conference on The Journal of Computing in Small Colleges},
 year = {2001},
 location = {Branson, Missouri, USA},
 pages = {149--152},
 numpages = {4},
 url = {http://dl.acm.org/citation.cfm?id=374824.374739},
 acmid = {374739},
 publisher = {Consortium for Computing Sciences in Colleges},
 address = {USA},
}

@article{Bayman:1983:DBP:358172.358408,
 author = {Bayman, Piraye and Mayer, Richard E.},
 title = {A Diagnosis of Beginning Programmers' Misconceptions of BASIC Programming Statements},
 journal = {Commun. ACM},
 issue_date = {Sept. 1983},
 volume = {26},
 number = {9},
 month = sep,
 year = {1983},
 issn = {0001-0782},
 pages = {677--679},
 numpages = {3},
 url = {http://doi.acm.org/10.1145/358172.358408},
 doi = {10.1145/358172.358408},
 acmid = {358408},
 publisher = {ACM},
 address = {New York, NY, USA},
 keywords = {BASIC, languages, man-machine interface, novices, programming},
}

@inproceedings{Garcia:2012:DCM:2157136.2157164,
 author = {Garcia, Daniel D. and Ginat, David},
 title = {DeMystifying Computing with Magic},
 booktitle = {Proceedings of the 43rd ACM Technical Symposium on Computer Science Education},
 series = {SIGCSE '12},
 year = {2012},
 isbn = {978-1-4503-1098-7},
 location = {Raleigh, North Carolina, USA},
 pages = {83--84},
 numpages = {2},
 url = {http://doi.acm.org/10.1145/2157136.2157164},
 doi = {10.1145/2157136.2157164},
 acmid = {2157164},
 publisher = {ACM},
 address = {New York, NY, USA},
 keywords = {card tricks, computational thinking, magic, unplugged activities},
}

@article{Armoni:2008:TST:1352322.1352141,
 author = {Armoni, Michal and Lewenstein, Noa and Ben-Ari, Mordechai},
 title = {Teaching Students to Think Nondeterministically},
 journal = {SIGCSE Bull.},
 issue_date = {March 2008},
 volume = {40},
 number = {1},
 month = mar,
 year = {2008},
 issn = {0097-8418},
 pages = {4--8},
 numpages = {5},
 url = {http://doi.acm.org/10.1145/1352322.1352141},
 doi = {10.1145/1352322.1352141},
 acmid = {1352141},
 publisher = {ACM},
 address = {New York, NY, USA},
 keywords = {nondeterminism, nondeterministic automata},
}

@inproceedings{Armoni:2008:TST:1352135.1352141,
 author = {Armoni, Michal and Lewenstein, Noa and Ben-Ari, Mordechai},
 title = {Teaching Students to Think Nondeterministically},
 booktitle = {Proceedings of the 39th SIGCSE Technical Symposium on Computer Science Education},
 series = {SIGCSE '08},
 year = {2008},
 isbn = {978-1-59593-799-5},
 location = {Portland, OR, USA},
 pages = {4--8},
 numpages = {5},
 url = {http://doi.acm.org/10.1145/1352135.1352141},
 doi = {10.1145/1352135.1352141},
 acmid = {1352141},
 publisher = {ACM},
 address = {New York, NY, USA},
 keywords = {nondeterminism, nondeterministic automata},
}

@inproceedings{Nowack:2014:MTP:2674683.2674686,
 author = {Nowack, Palle and Caspersen, Michael E.},
 title = {Model-based Thinking and Practice: A Top-down Approach to Computational Thinking},
 booktitle = {Proceedings of the 14th Koli Calling International Conference on Computing Education Research},
 series = {Koli Calling '14},
 year = {2014},
 isbn = {978-1-4503-3065-7},
 location = {Koli, Finland},
 pages = {147--151},
 numpages = {5},
 url = {http://doi.acm.org/10.1145/2674683.2674686},
 doi = {10.1145/2674683.2674686},
 acmid = {2674686},
 publisher = {ACM},
 address = {New York, NY, USA},
 keywords = {modeling, models, practice, teaching, thinking},
}

@inproceedings{Rigby:2008:MCU:1414558.1414563,
 author = {Rigby, Steven and Dark, Melissa J. and Ekstrom, J. and Rogers, Marcus},
 title = {Measuring Conceptual Understanding: A Case Study},
 booktitle = {Proceedings of the 9th ACM SIGITE Conference on Information Technology Education},
 series = {SIGITE '08},
 year = {2008},
 isbn = {978-1-60558-329-7},
 location = {Cincinnati, OH, USA},
 pages = {11--16},
 numpages = {6},
 url = {http://doi.acm.org/10.1145/1414558.1414563},
 doi = {10.1145/1414558.1414563},
 acmid = {1414563},
 publisher = {ACM},
 address = {New York, NY, USA},
 keywords = {ias education},
}

@inproceedings{Sajaniemi:2006:MAO:1148493.1148530,
 author = {Sajaniemi, Jorma and Byckling, Pauli and Gerdt, Petri},
 title = {Metaphor-based Animation of OO Programs},
 booktitle = {Proceedings of the 2006 ACM Symposium on Software Visualization},
 series = {SoftVis '06},
 year = {2006},
 isbn = {1-59593-464-2},
 location = {Brighton, United Kingdom},
 pages = {173--174},
 numpages = {2},
 url = {http://doi.acm.org/10.1145/1148493.1148530},
 doi = {10.1145/1148493.1148530},
 acmid = {1148530},
 publisher = {ACM},
 address = {New York, NY, USA},
 keywords = {metaphor, object-oriented programming, program animation},
}

@inproceedings{Sorva:2008:SBD:1595356.1595360,
 author = {Sorva, Juha},
 title = {The Same but Different Students' Understandings of Primitive and Object Variables},
 booktitle = {Proceedings of the 8th International Conference on Computing Education Research},
 series = {Koli '08},
 year = {2008},
 isbn = {978-1-60558-385-3},
 location = {Koli, Finland},
 pages = {5--15},
 numpages = {11},
 url = {http://doi.acm.org/10.1145/1595356.1595360},
 doi = {10.1145/1595356.1595360},
 acmid = {1595360},
 publisher = {ACM},
 address = {New York, NY, USA},
 keywords = {CS1, misconceptions, phenomenography, references, students' understandings, variables},
}

@article{Fernandez:1998:UVI:290320.283593,
 author = {Fern\'{a}ndez, Alejandro and Rossi, Gustavo},
 title = {Using Visualisation to Improve Object-oriented Thinking (Poster)},
 journal = {SIGCSE Bull.},
 issue_date = {Sept. 1998},
 volume = {30},
 number = {3},
 month = aug,
 year = {1998},
 issn = {0097-8418},
 pages = {280--},
 url = {http://doi.acm.org/10.1145/290320.283593},
 doi = {10.1145/290320.283593},
 acmid = {283593},
 publisher = {ACM},
 address = {New York, NY, USA},
 keywords = {LearningWorks, learning, objects, visualisation},
}

@inproceedings{Fernandez:1998:UVI:282991.283593,
 author = {Fern\'{a}ndez, Alejandro and Rossi, Gustavo},
 title = {Using Visualisation to Improve Object-oriented Thinking (Poster)},
 booktitle = {Proceedings of the 6th Annual Conference on the Teaching of Computing and the 3rd Annual Conference on Integrating Technology into Computer Science Education: Changing the Delivery of Computer Science Education},
 series = {ITiCSE '98},
 year = {1998},
 isbn = {1-58113-000-7},
 location = {Dublin City Univ., Ireland},
 pages = {280--},
 url = {http://doi.acm.org/10.1145/282991.283593},
 doi = {10.1145/282991.283593},
 acmid = {283593},
 publisher = {ACM},
 address = {New York, NY, USA},
 keywords = {LearningWorks, learning, objects, visualisation},
}

@inproceedings{Garcia:2013:DCM:2445196.2445262,
 author = {Garcia, Daniel D. and Ginat, David},
 title = {Demystifying Computing with Magic, Continued},
 booktitle = {Proceeding of the 44th ACM Technical Symposium on Computer Science Education},
 series = {SIGCSE '13},
 year = {2013},
 isbn = {978-1-4503-1868-6},
 location = {Denver, Colorado, USA},
 pages = {207--208},
 numpages = {2},
 url = {http://doi.acm.org/10.1145/2445196.2445262},
 doi = {10.1145/2445196.2445262},
 acmid = {2445262},
 publisher = {ACM},
 address = {New York, NY, USA},
 keywords = {card tricks, computational thinking, magic, unplugged activities},
}

@inproceedings{Barland:2008:MTF:1593105.1593172,
 author = {Barland, Ian},
 title = {Some Methods for Teaching Functions First Using Java},
 booktitle = {Proceedings of the 46th Annual Southeast Regional Conference on XX},
 series = {ACM-SE 46},
 year = {2008},
 isbn = {978-1-60558-105-7},
 location = {Auburn, Alabama},
 pages = {256--259},
 numpages = {4},
 url = {http://doi.acm.org/10.1145/1593105.1593172},
 doi = {10.1145/1593105.1593172},
 acmid = {1593172},
 publisher = {ACM},
 address = {New York, NY, USA},
 keywords = {CS1, Java, functions first, fundamentals first, high school algebra, objects early, objects late, syllabus},
}

@inproceedings{Fuad:2016:UIE:2899415.2899467,
 author = {Fuad, Mohammad Muztaba and Deb, Debzani and Etim, James and Gloster, Clay},
 title = {Using Interactive Exercise in Mobile Devices to Support Evidence-based Teaching and Learning},
 booktitle = {Proceedings of the 2016 ACM Conference on Innovation and Technology in Computer Science Education},
 series = {ITiCSE '16},
 year = {2016},
 isbn = {978-1-4503-4231-5},
 location = {Arequipa, Peru},
 pages = {17--22},
 numpages = {6},
 url = {http://doi.acm.org/10.1145/2899415.2899467},
 doi = {10.1145/2899415.2899467},
 acmid = {2899467},
 publisher = {ACM},
 address = {New York, NY, USA},
 keywords = {educational technology system, improving classroom teaching, interactive learning environments, mobile technology., stem learning},
}

@inproceedings{Alexandron:2014:SPR:2591062.2591167,
 author = {Alexandron, Giora and Armoni, Michal and Gordon, Michal and Harel, David},
 title = {Scenario-based Programming: Reducing the Cognitive Load, Fostering Abstract Thinking},
 booktitle = {Companion Proceedings of the 36th International Conference on Software Engineering},
 series = {ICSE Companion 2014},
 year = {2014},
 isbn = {978-1-4503-2768-8},
 location = {Hyderabad, India},
 pages = {311--320},
 numpages = {10},
 url = {http://doi.acm.org/10.1145/2591062.2591167},
 doi = {10.1145/2591062.2591167},
 acmid = {2591167},
 publisher = {ACM},
 address = {New York, NY, USA},
 keywords = {Abstraction, Scenario-Based Programming},
}

@inproceedings{Rodriguez:2016:CAL:3012430.3012598,
 author = {Rodr\'{\i}guez, Claudia Orozco and Morgado, Erla M. Morales},
 title = {Creation and Assessment of Learning Objects for the Definition and Geometric Representation of Operations and Applications of Vectors},
 booktitle = {Proceedings of the Fourth International Conference on Technological Ecosystems for Enhancing Multiculturality},
 series = {TEEM '16},
 year = {2016},
 isbn = {978-1-4503-4747-1},
 location = {Salamanca, Spain},
 pages = {721--728},
 numpages = {8},
 url = {http://doi.acm.org/10.1145/3012430.3012598},
 doi = {10.1145/3012430.3012598},
 acmid = {3012598},
 publisher = {ACM},
 address = {New York, NY, USA},
 keywords = {evaluation, geometrical representations, learning objects, quality},
}

@inproceedings{Spalter:2006:GTT:1179295.1179337,
 author = {Spalter, Anne Morgan and Tenneson, Dana K.},
 title = {The Graphics Teaching Tool},
 booktitle = {ACM SIGGRAPH 2006 Educators Program},
 series = {SIGGRAPH '06},
 year = {2006},
 isbn = {1-59593-364-6},
 location = {Boston, Massachusetts},
 articleno = {41},
 url = {http://doi.acm.org/10.1145/1179295.1179337},
 doi = {10.1145/1179295.1179337},
 acmid = {1179337},
 publisher = {ACM},
 address = {New York, NY, USA},
 keywords = {IT literacy, Java, computer graphics, data representation, education, educational software, free software, visual literacy},
}

@inproceedings{Izu:2017:ARP:3059009.3059036,
 author = {Izu, Cruz and Pope, Cheryl and Weerasinghe, Amali},
 title = {On the Ability to Reason About Program Behaviour: A Think-Aloud Study},
 booktitle = {Proceedings of the 2017 ACM Conference on Innovation and Technology in Computer Science Education},
 series = {ITiCSE '17},
 year = {2017},
 isbn = {978-1-4503-4704-4},
 location = {Bologna, Italy},
 pages = {305--310},
 numpages = {6},
 url = {http://doi.acm.org/10.1145/3059009.3059036},
 doi = {10.1145/3059009.3059036},
 acmid = {3059036},
 publisher = {ACM},
 address = {New York, NY, USA},
 keywords = {programming, reasoning, reversibility, state, think-aloud},
}

@inproceedings{Song:2012:RTS:2207676.2208605,
 author = {Song, Minyoung and Quintana, Chris},
 title = {Representing "Too Small to See" As "Too Small to See" with Temporal Representation},
 booktitle = {Proceedings of the SIGCHI Conference on Human Factors in Computing Systems},
 series = {CHI '12},
 year = {2012},
 isbn = {978-1-4503-1015-4},
 location = {Austin, Texas, USA},
 pages = {1441--1450},
 numpages = {10},
 url = {http://doi.acm.org/10.1145/2207676.2208605},
 doi = {10.1145/2207676.2208605},
 acmid = {2208605},
 publisher = {ACM},
 address = {New York, NY, USA},
 keywords = {educational technology, learning technology, multimedia, multimodal representation, temporal representation},
}

@inproceedings{Koning:2019:VCS:3287324.3293708,
 author = {Koning, Elizabeth and Adams, Joel C. and Hazlett, Christiaan D.},
 title = {Visualizing Classic Synchronization Problems},
 booktitle = {Proceedings of the 50th ACM Technical Symposium on Computer Science Education},
 series = {SIGCSE '19},
 year = {2019},
 isbn = {978-1-4503-5890-3},
 location = {Minneapolis, MN, USA},
 pages = {1293--1293},
 numpages = {1},
 url = {http://doi.acm.org/10.1145/3287324.3293708},
 doi = {10.1145/3287324.3293708},
 acmid = {3293708},
 publisher = {ACM},
 address = {New York, NY, USA},
 keywords = {dining philosophers, graphics, parallel, producers consumers, readers writers, synchronization, threads, visualization},
}

@article{Long:1999:CVF:384266.299734,
 author = {Long, Timothy and Weide, Bruce and Bucci, Paolo and Sitaraman, Murali},
 title = {Client View First: An Exodus from Implementation-biased Teaching},
 journal = {SIGCSE Bull.},
 issue_date = {March 1999},
 volume = {31},
 number = {1},
 month = mar,
 year = {1999},
 issn = {0097-8418},
 pages = {136--140},
 numpages = {5},
 url = {http://doi.acm.org/10.1145/384266.299734},
 doi = {10.1145/384266.299734},
 acmid = {299734},
 publisher = {ACM},
 address = {New York, NY, USA},
 keywords = {programming languages, recursion},
}

@inproceedings{Long:1999:CVF:299649.299734,
 author = {Long, Timothy and Weide, Bruce and Bucci, Paolo and Sitaraman, Murali},
 title = {Client View First: An Exodus from Implementation-biased Teaching},
 booktitle = {The Proceedings of the Thirtieth SIGCSE Technical Symposium on Computer Science Education},
 series = {SIGCSE '99},
 year = {1999},
 isbn = {1-58113-085-6},
 location = {New Orleans, Louisiana, USA},
 pages = {136--140},
 numpages = {5},
 url = {http://doi.acm.org/10.1145/299649.299734},
 doi = {10.1145/299649.299734},
 acmid = {299734},
 publisher = {ACM},
 address = {New York, NY, USA},
 keywords = {programming languages, recursion},
}

@inproceedings{Hertz:2013:TTE:2445196.2445364,
 author = {Hertz, Matthew and Jump, Maria},
 title = {Trace-based Teaching in Early Programming Courses},
 booktitle = {Proceeding of the 44th ACM Technical Symposium on Computer Science Education},
 series = {SIGCSE '13},
 year = {2013},
 isbn = {978-1-4503-1868-6},
 location = {Denver, Colorado, USA},
 pages = {561--566},
 numpages = {6},
 url = {http://doi.acm.org/10.1145/2445196.2445364},
 doi = {10.1145/2445196.2445364},
 acmid = {2445364},
 publisher = {ACM},
 address = {New York, NY, USA},
 keywords = {CS1, CS2, pedagogy, tracing},
}

@inproceedings{Ladewski:2007:TMT:1599600.1599675,
 author = {Ladewski, Barbara G. and Palincsar, Annemarie S. and Krajcik, Joseph S.},
 title = {From Theory of Mind to a Theory of Distributed Shared Sense-making},
 booktitle = {Proceedings of the 8th Iternational Conference on Computer Supported Collaborative Learning},
 series = {CSCL'07},
 year = {2007},
 isbn = {978-0-6151-5436-7},
 location = {New Brunswick, New Jersey, USA},
 pages = {395--397},
 numpages = {3},
 url = {http://dl.acm.org/citation.cfm?id=1599600.1599675},
 acmid = {1599675},
 publisher = {International Society of the Learning Sciences},
}

@inproceedings{Chatlani:2016:CSD:2839509.2850561,
 author = {Chatlani, Neeraj and Myers, Daniel S.},
 title = {A Curiosity-Driven System for Developing Coding Literacy (Abstract Only)},
 booktitle = {Proceedings of the 47th ACM Technical Symposium on Computing Science Education},
 series = {SIGCSE '16},
 year = {2016},
 isbn = {978-1-4503-3685-7},
 location = {Memphis, Tennessee, USA},
 pages = {695--695},
 numpages = {1},
 url = {http://doi.acm.org/10.1145/2839509.2850561},
 doi = {10.1145/2839509.2850561},
 acmid = {2850561},
 publisher = {ACM},
 address = {New York, NY, USA},
 keywords = {adaptive learning systems, coding literacy, computer science education, intrinsic curiosity},
}

@inproceedings{Smith:2019:AVE:3304221.3319741,
 author = {Smith, Rebecca and Tang, Terry and Warren, Joe and Rixner, Scott},
 title = {Auto-Generating Visual Exercises for Learning Program Semantics},
 booktitle = {Proceedings of the 2019 ACM Conference on Innovation and Technology in Computer Science Education},
 series = {ITiCSE '19},
 year = {2019},
 isbn = {978-1-4503-6301-3},
 location = {Aberdeen, Scotland Uk},
 pages = {360--366},
 numpages = {7},
 url = {http://doi.acm.org/10.1145/3304221.3319741},
 doi = {10.1145/3304221.3319741},
 acmid = {3319741},
 publisher = {ACM},
 address = {New York, NY, USA},
 keywords = {education, program mutation, program semantics},
}

@inproceedings{Hitron:2019:CUM:3290605.3300645,
 author = {Hitron, Tom and Orlev, Yoav and Wald, Iddo and Shamir, Ariel and Erel, Hadas and Zuckerman, Oren},
 title = {Can Children Understand Machine Learning Concepts?: The Effect of Uncovering Black Boxes},
 booktitle = {Proceedings of the 2019 CHI Conference on Human Factors in Computing Systems},
 series = {CHI '19},
 year = {2019},
 isbn = {978-1-4503-5970-2},
 location = {Glasgow, Scotland Uk},
 pages = {415:1--415:11},
 articleno = {415},
 numpages = {11},
 url = {http://doi.acm.org/10.1145/3290605.3300645},
 doi = {10.1145/3290605.3300645},
 acmid = {3300645},
 publisher = {ACM},
 address = {New York, NY, USA},
 keywords = {children, construction kits, design principles, learning system, machine learning},
}

@inproceedings{Park:2016:RHC:2899415.2899435,
 author = {Park, Thomas H. and Kim, Meen Chul and Chhabra, Sukrit and Lee, Brian and Forte, Andrea},
 title = {Reading Hierarchies in Code: Assessment of a Basic Computational Skill},
 booktitle = {Proceedings of the 2016 ACM Conference on Innovation and Technology in Computer Science Education},
 series = {ITiCSE '16},
 year = {2016},
 isbn = {978-1-4503-4231-5},
 location = {Arequipa, Peru},
 pages = {302--307},
 numpages = {6},
 url = {http://doi.acm.org/10.1145/2899415.2899435},
 doi = {10.1145/2899415.2899435},
 acmid = {2899435},
 publisher = {ACM},
 address = {New York, NY, USA},
 keywords = {assessment, computational thinking, program comprehension, web development},
}

@inproceedings{Garcia:2016:DCM:2839509.2844679,
 author = {Garcia, Daniel D. and Ginat, David},
 title = {Demystifying Computing with Magic, Part III},
 booktitle = {Proceedings of the 47th ACM Technical Symposium on Computing Science Education},
 series = {SIGCSE '16},
 year = {2016},
 isbn = {978-1-4503-3685-7},
 location = {Memphis, Tennessee, USA},
 pages = {158--159},
 numpages = {2},
 url = {http://doi.acm.org/10.1145/2839509.2844679},
 doi = {10.1145/2839509.2844679},
 acmid = {2844679},
 publisher = {ACM},
 address = {New York, NY, USA},
 keywords = {card tricks, computational thinking, magic, unplugged activities},
}

@inproceedings{Mahoney:2018:SNM:3159450.3162199,
 author = {Mahoney, Mark},
 title = {Storyteller: A New Medium for Guiding Students Through Code Examples (Abstract Only)},
 booktitle = {Proceedings of the 49th ACM Technical Symposium on Computer Science Education},
 series = {SIGCSE '18},
 year = {2018},
 isbn = {978-1-4503-5103-4},
 location = {Baltimore, Maryland, USA},
 pages = {1112--1112},
 numpages = {1},
 url = {http://doi.acm.org/10.1145/3159450.3162199},
 doi = {10.1145/3159450.3162199},
 acmid = {3162199},
 publisher = {ACM},
 address = {New York, NY, USA},
 keywords = {metacognitive modelling, reflection, worked examples},
}

@inproceedings{Gordon:2019:FAI:3294016.3294025,
 author = {Gordon, Neil and Brayshaw, Mike and Grey, Simon},
 title = {A Flexible Approach to Introductory Programming: Engaging and Motivating Students},
 booktitle = {Proceedings of the 3rd Conference on Computing Education Practice},
 series = {CEP '19},
 year = {2019},
 isbn = {978-1-4503-6631-1},
 location = {Durham, United Kingdom},
 pages = {15:1--15:4},
 articleno = {15},
 numpages = {4},
 url = {http://doi.acm.org/10.1145/3294016.3294025},
 doi = {10.1145/3294016.3294025},
 acmid = {3294025},
 publisher = {ACM},
 address = {New York, NY, USA},
 keywords = {Flexible Pedagogy, Gamification, Introductory Programming, Student Engagement},
}

@article{Lischner:2001:ESL:366413.364571,
 author = {Lischner, Ray},
 title = {Explorations: Structured Labs for First-time Programmers},
 journal = {SIGCSE Bull.},
 issue_date = {March 2001},
 volume = {33},
 number = {1},
 month = feb,
 year = {2001},
 issn = {0097-8418},
 pages = {154--158},
 numpages = {5},
 url = {http://doi.acm.org/10.1145/366413.364571},
 doi = {10.1145/366413.364571},
 acmid = {364571},
 publisher = {ACM},
 address = {New York, NY, USA},
}

@inproceedings{Lischner:2001:ESL:364447.364571,
 author = {Lischner, Ray},
 title = {Explorations: Structured Labs for First-time Programmers},
 booktitle = {Proceedings of the Thirty-second SIGCSE Technical Symposium on Computer Science Education},
 series = {SIGCSE '01},
 year = {2001},
 isbn = {1-58113-329-4},
 location = {Charlotte, North Carolina, USA},
 pages = {154--158},
 numpages = {5},
 url = {http://doi.acm.org/10.1145/364447.364571},
 doi = {10.1145/364447.364571},
 acmid = {364571},
 publisher = {ACM},
 address = {New York, NY, USA},
}

@article{DiCosmo:2006:EE:1140123.1140125,
 author = {Di Cosmo, Roberto},
 title = {Educating the e-Citizen},
 journal = {SIGCSE Bull.},
 issue_date = {September 2006},
 volume = {38},
 number = {3},
 month = jun,
 year = {2006},
 issn = {0097-8418},
 pages = {1--1},
 numpages = {1},
 url = {http://doi.acm.org/10.1145/1140123.1140125},
 doi = {10.1145/1140123.1140125},
 acmid = {1140125},
 publisher = {ACM},
 address = {New York, NY, USA},
}

@inproceedings{DiCosmo:2006:EE:1140124.1140125,
 author = {Di Cosmo, Roberto},
 title = {Educating the e-Citizen},
 booktitle = {Proceedings of the 11th Annual SIGCSE Conference on Innovation and Technology in Computer Science Education},
 series = {ITICSE '06},
 year = {2006},
 isbn = {1-59593-055-8},
 location = {Bologna, Italy},
 pages = {1--1},
 numpages = {1},
 url = {http://doi.acm.org/10.1145/1140124.1140125},
 doi = {10.1145/1140124.1140125},
 acmid = {1140125},
 publisher = {ACM},
 address = {New York, NY, USA},
}

@article{Lu:2009:TCT:1539024.1508959,
 author = {Lu, James J. and Fletcher, George H.L.},
 title = {Thinking About Computational Thinking},
 journal = {SIGCSE Bull.},
 issue_date = {March 2009},
 volume = {41},
 number = {1},
 month = mar,
 year = {2009},
 issn = {0097-8418},
 pages = {260--264},
 numpages = {5},
 url = {http://doi.acm.org/10.1145/1539024.1508959},
 doi = {10.1145/1539024.1508959},
 acmid = {1508959},
 publisher = {ACM},
 address = {New York, NY, USA},
 keywords = {computational thinking, k-12 education, language},
}

@inproceedings{Lu:2009:TCT:1508865.1508959,
 author = {Lu, James J. and Fletcher, George H.L.},
 title = {Thinking About Computational Thinking},
 booktitle = {Proceedings of the 40th ACM Technical Symposium on Computer Science Education},
 series = {SIGCSE '09},
 year = {2009},
 isbn = {978-1-60558-183-5},
 location = {Chattanooga, TN, USA},
 pages = {260--264},
 numpages = {5},
 url = {http://doi.acm.org/10.1145/1508865.1508959},
 doi = {10.1145/1508865.1508959},
 acmid = {1508959},
 publisher = {ACM},
 address = {New York, NY, USA},
 keywords = {computational thinking, k-12 education, language},
}

@article{Orr:2009:AA:1619221.1619256,
 author = {Orr, Genevieve and Bryant, Robert and Weiss, Richard},
 title = {Algorithmic Art},
 journal = {J. Comput. Sci. Coll.},
 issue_date = {October 2009},
 volume = {25},
 number = {1},
 month = oct,
 year = {2009},
 issn = {1937-4771},
 pages = {172--172},
 numpages = {1},
 url = {http://dl.acm.org/citation.cfm?id=1619221.1619256},
 acmid = {1619256},
 publisher = {Consortium for Computing Sciences in Colleges},
 address = {USA},
}

@article{Qian:2017:SMO:3155324.3077618,
 author = {Qian, Yizhou and Lehman, James},
 title = {Students\&\#x2019; Misconceptions and Other Difficulties in Introductory Programming: A Literature Review},
 journal = {ACM Trans. Comput. Educ.},
 issue_date = {December 2017},
 volume = {18},
 number = {1},
 month = oct,
 year = {2017},
 issn = {1946-6226},
 pages = {1:1--1:24},
 articleno = {1},
 numpages = {24},
 url = {http://doi.acm.org/10.1145/3077618},
 doi = {10.1145/3077618},
 acmid = {3077618},
 publisher = {ACM},
 address = {New York, NY, USA},
 keywords = {Misconceptions, conceptual change, constructivism, difficulties, introductory programming},
}

@inproceedings{Hoppner:2019:MIC:3304221.3325529,
 author = {H\"{o}ppner, Frank},
 title = {Measuring Instruction Comprehension by Mining Memory Traces for Early Formative Feedback in Java Courses},
 booktitle = {Proceedings of the 2019 ACM Conference on Innovation and Technology in Computer Science Education},
 series = {ITiCSE '19},
 year = {2019},
 isbn = {978-1-4503-6301-3},
 location = {Aberdeen, Scotland Uk},
 pages = {105--111},
 numpages = {7},
 url = {http://doi.acm.org/10.1145/3304221.3325529},
 doi = {10.1145/3304221.3325529},
 acmid = {3325529},
 publisher = {ACM},
 address = {New York, NY, USA},
 keywords = {code pattern, data mining, formative feedback, instruction comprehension, introductory programming, memory trace},
}

@inproceedings{Sorva:2007:SUS:2449323.2449337,
 author = {Sorva, Juha},
 title = {Students' Understandings of Storing Objects},
 booktitle = {Proceedings of the Seventh Baltic Sea Conference on Computing Education Research - Volume 88},
 series = {Koli Calling '07},
 year = {2007},
 isbn = {978-1-920682-69-9},
 location = {Koli National Park, Finland},
 pages = {127--135},
 numpages = {9},
 url = {http://dl.acm.org/citation.cfm?id=2449323.2449337},
 acmid = {2449337},
 publisher = {Australian Computer Society, Inc.},
 address = {Darlinghurst, Australia, Australia},
 keywords = {CS1, constructivism, misconceptions, objects, phenomenography, students' understandings},
}

@inproceedings{Adams:2019:VCS:3287324.3287467,
 author = {Adams, Joel C. and Koning, Elizabeth R. and Hazlett, Christiaan D.},
 title = {Visualizing Classic Synchronization Problems: Dining Philosophers, Producers-Consumers, and Readers-Writers},
 booktitle = {Proceedings of the 50th ACM Technical Symposium on Computer Science Education},
 series = {SIGCSE '19},
 year = {2019},
 isbn = {978-1-4503-5890-3},
 location = {Minneapolis, MN, USA},
 pages = {934--940},
 numpages = {7},
 url = {http://doi.acm.org/10.1145/3287324.3287467},
 doi = {10.1145/3287324.3287467},
 acmid = {3287467},
 publisher = {ACM},
 address = {New York, NY, USA},
 keywords = {consumers, dining philosophers, graphics, parallel, producers, readers, synchronization, threads, visualization, writers},
}

@inproceedings{Kelter:2018:SFM:3279720.3279727,
 author = {Kelter, Riko and Kramer, Matthias and Brinda, Torsten},
 title = {Statistical Frequency-Analysis of Misconceptions In Object-Oriented-Programming: Regularized PCR Models for Frequency Analysis Across OOP Concepts and Related Factors},
 booktitle = {Proceedings of the 18th Koli Calling International Conference on Computing Education Research},
 series = {Koli Calling '18},
 year = {2018},
 isbn = {978-1-4503-6535-2},
 location = {Koli, Finland},
 pages = {6:1--6:10},
 articleno = {6},
 numpages = {10},
 url = {http://doi.acm.org/10.1145/3279720.3279727},
 doi = {10.1145/3279720.3279727},
 acmid = {3279727},
 publisher = {ACM},
 address = {New York, NY, USA},
 keywords = {frequency-analysis of misconceptions in programming, misconceptions in object-oriented-programming, object-oriented-programming, regression models for OOP misconceptions},
}

@inproceedings{Razavi:2006:GTI:1180875.1180946,
 author = {Razavi, Maryam N. and Iverson, Lee},
 title = {A Grounded Theory of Information Sharing Behavior in a Personal Learning Space},
 booktitle = {Proceedings of the 2006 20th Anniversary Conference on Computer Supported Cooperative Work},
 series = {CSCW '06},
 year = {2006},
 isbn = {1-59593-249-6},
 location = {Banff, Alberta, Canada},
 pages = {459--468},
 numpages = {10},
 url = {http://doi.acm.org/10.1145/1180875.1180946},
 doi = {10.1145/1180875.1180946},
 acmid = {1180946},
 publisher = {ACM},
 address = {New York, NY, USA},
 keywords = {ePortfolio, grounded theory, information privacy, information sharing, user modeling, weblog},
}

@inproceedings{Adams:2018:LRP:3159450.3159611,
 author = {Adams, Joel C. and Brown, Richard A. and Kawash, Jalal and Matthews, Suzanne J. and Shoop, Elizabeth},
 title = {Leveraging the Raspberry Pi for CS Education},
 booktitle = {Proceedings of the 49th ACM Technical Symposium on Computer Science Education},
 series = {SIGCSE '18},
 year = {2018},
 isbn = {978-1-4503-5103-4},
 location = {Baltimore, Maryland, USA},
 pages = {814--815},
 numpages = {2},
 url = {http://doi.acm.org/10.1145/3159450.3159611},
 doi = {10.1145/3159450.3159611},
 acmid = {3159611},
 publisher = {ACM},
 address = {New York, NY, USA},
 keywords = {cs, manipulative, parallel, pedagogy, raspberry pi, teaching},
}

@inproceedings{Lessa:2012:EDS:2157136.2157378,
 author = {Lessa, Demian and Jayaraman, Bharat},
 title = {Explaining the Dynamic Structure and Behavior of Java Programs Using a Visual Debugger (Abstract Only)},
 booktitle = {Proceedings of the 43rd ACM Technical Symposium on Computer Science Education},
 series = {SIGCSE '12},
 year = {2012},
 isbn = {978-1-4503-1098-7},
 location = {Raleigh, North Carolina, USA},
 pages = {668--668},
 numpages = {1},
 url = {http://doi.acm.org/10.1145/2157136.2157378},
 doi = {10.1145/2157136.2157378},
 acmid = {2157378},
 publisher = {ACM},
 address = {New York, NY, USA},
 keywords = {program comprehension, storyboard, visual debugging},
}

@inproceedings{Soltanpoor:2018:ARN:3197091.3197097,
 author = {Soltanpoor, Reza and Thevathayan, Charles and D\&\#39;Souza, Daryl},
 title = {Adaptive Remediation for Novice Programmers Through Personalized Prescriptive Quizzes},
 booktitle = {Proceedings of the 23rd Annual ACM Conference on Innovation and Technology in Computer Science Education},
 series = {ITiCSE 2018},
 year = {2018},
 isbn = {978-1-4503-5707-4},
 location = {Larnaca, Cyprus},
 pages = {51--56},
 numpages = {6},
 url = {http://doi.acm.org/10.1145/3197091.3197097},
 doi = {10.1145/3197091.3197097},
 acmid = {3197097},
 publisher = {ACM},
 address = {New York, NY, USA},
 keywords = {Active Learning, Formative Assessment, Learning Analytics, Personalized Learning, Prescriptive Analytics},
}

@inproceedings{Jeong:1997:CSK:1599773.1599788,
 author = {Jeong, Heisawn and Chi, Michelene T. H.},
 title = {Construction of Shared Knowledge During Collaborative Learning},
 booktitle = {Proceedings of the 2Nd International Conference on Computer Support for Collaborative Learning},
 series = {CSCL '97},
 year = {1997},
 location = {Toronto, Ontario, Canada},
 pages = {130--134},
 numpages = {5},
 url = {http://dl.acm.org/citation.cfm?id=1599773.1599788},
 acmid = {1599788},
 publisher = {International Society of the Learning Sciences},
}

@inproceedings{Singer:1988:CCU:62266.62288,
 author = {Singer, Janice and Behrend, Stephanie D. and Roschelle, Jeremy},
 title = {Children's Collaborative Use of a Computer Microworld},
 booktitle = {Proceedings of the 1988 ACM Conference on Computer-supported Cooperative Work},
 series = {CSCW '88},
 year = {1988},
 isbn = {0-89791-282-9},
 location = {Portland, Oregon, USA},
 pages = {271--281},
 numpages = {11},
 url = {http://doi.acm.org/10.1145/62266.62288},
 doi = {10.1145/62266.62288},
 acmid = {62288},
 publisher = {ACM},
 address = {New York, NY, USA},
}

@inproceedings{August:2014:VWE:2538862.2544264,
 author = {August, Stephanie E. and Ryoo, Jungwoo},
 title = {Can 3D Virtual World Environments and Game-based Learning Effectively Teach Computer Science Concepts? (Abstract Only)},
 booktitle = {Proceedings of the 45th ACM Technical Symposium on Computer Science Education},
 series = {SIGCSE '14},
 year = {2014},
 isbn = {978-1-4503-2605-6},
 location = {Atlanta, Georgia, USA},
 pages = {737--738},
 numpages = {2},
 url = {http://doi.acm.org/10.1145/2538862.2544264},
 doi = {10.1145/2538862.2544264},
 acmid = {2544264},
 publisher = {ACM},
 address = {New York, NY, USA},
 keywords = {3d virtual world environments, digital learning aids, digital story telling, game-based learning, opensim, second life},
}

@inproceedings{Levine:2019:AAF:3290607.3312804,
 author = {Levine, Daniel and Cheng, Alan and Olaleye, David and Leonardo, Kevin and Shifrin, Matthew and Ishii, Hiroshi},
 title = {AUFLIP - An Auditory Feedback System Towards Implicit Learning of Advanced Motor Skills},
 booktitle = {Extended Abstracts of the 2019 CHI Conference on Human Factors in Computing Systems},
 series = {CHI EA '19},
 year = {2019},
 isbn = {978-1-4503-5971-9},
 location = {Glasgow, Scotland Uk},
 pages = {LBW0188:1--LBW0188:6},
 articleno = {LBW0188},
 numpages = {6},
 url = {http://doi.acm.org/10.1145/3290607.3312804},
 doi = {10.1145/3290607.3312804},
 acmid = {3312804},
 publisher = {ACM},
 address = {New York, NY, USA},
 keywords = {augmented motor learning, implicit vs. explicit learning, simplified modeling of athletic movement},
}

@proceedings{Verplank:2002:778712,
 title = {DIS '02: Proceedings of the 4th Conference on Designing Interactive Systems: Processes, Practices, Methods, and Techniques},
 year = {2002},
 isbn = {1-58113-515-7},
 location = {London, England},
 note = {ACM Order No.: 608022},
 publisher = {ACM},
 address = {New York, NY, USA},
}

@article{Ramakrishnan:2004:SBF:1026487.1008093,
 author = {Ramakrishnan, S. and Cambrell, A.},
 title = {Service Based Framework for Knowledge Portals},
 journal = {SIGCSE Bull.},
 issue_date = {September 2004},
 volume = {36},
 number = {3},
 month = jun,
 year = {2004},
 issn = {0097-8418},
 pages = {260--260},
 numpages = {1},
 url = {http://doi.acm.org/10.1145/1026487.1008093},
 doi = {10.1145/1026487.1008093},
 acmid = {1008093},
 publisher = {ACM},
 address = {New York, NY, USA},
}

@inproceedings{Ramakrishnan:2004:SBF:1007996.1008093,
 author = {Ramakrishnan, S. and Cambrell, A.},
 title = {Service Based Framework for Knowledge Portals},
 booktitle = {Proceedings of the 9th Annual SIGCSE Conference on Innovation and Technology in Computer Science Education},
 series = {ITiCSE '04},
 year = {2004},
 isbn = {1-58113-836-9},
 location = {Leeds, United Kingdom},
 pages = {260--260},
 numpages = {1},
 url = {http://doi.acm.org/10.1145/1007996.1008093},
 doi = {10.1145/1007996.1008093},
 acmid = {1008093},
 publisher = {ACM},
 address = {New York, NY, USA},
}

