@inproceedings{Limueco:2019:FCE:3306500.3306507,
 author = {Limueco, Jaypee M. and Prudente, Maricar S.},
 title = {Flipped Classroom Enhances Student's Metacognitive Awareness},
 booktitle = {Proceedings of the 10th International Conference on E-Education, E-Business, E-Management and E-Learning},
 series = {IC4E '19},
 year = {2019},
 isbn = {978-1-4503-6602-1},
 location = {Tokyo, Japan},
 pages = {70--74},
 numpages = {5},
 url = {http://doi.acm.org/10.1145/3306500.3306507},
 doi = {10.1145/3306500.3306507},
 acmid = {3306507},
 publisher = {ACM},
 address = {New York, NY, USA},
 keywords = {blended learning, flipped classroom, metacognition, metacognitive awareness},
}

@inproceedings{Denny:2010:SAP:1822090.1822124,
 author = {Denny, Paul and Luxton-Reilly, Andrew and Hamer, John and Dahlstrom, Dana B. and Purchase, Helen C.},
 title = {Self-predicted and Actual Performance in an Introductory Programming Course},
 booktitle = {Proceedings of the Fifteenth Annual Conference on Innovation and Technology in Computer Science Education},
 series = {ITiCSE '10},
 year = {2010},
 isbn = {978-1-60558-820-9},
 location = {Bilkent, Ankara, Turkey},
 pages = {118--122},
 numpages = {5},
 url = {http://doi.acm.org/10.1145/1822090.1822124},
 doi = {10.1145/1822090.1822124},
 acmid = {1822124},
 publisher = {ACM},
 address = {New York, NY, USA},
 keywords = {confidence, gender, learning, metacognition},
}

@inproceedings{Mani:2013:IML:2445196.2445218,
 author = {Mani, Murali and Mazumder, Quamrul},
 title = {Incorporating Metacognition into Learning},
 booktitle = {Proceeding of the 44th ACM Technical Symposium on Computer Science Education},
 series = {SIGCSE '13},
 year = {2013},
 isbn = {978-1-4503-1868-6},
 location = {Denver, Colorado, USA},
 pages = {53--58},
 numpages = {6},
 url = {http://doi.acm.org/10.1145/2445196.2445218},
 doi = {10.1145/2445196.2445218},
 acmid = {2445218},
 publisher = {ACM},
 address = {New York, NY, USA},
 keywords = {active learning, metacognition, regression},
}

@inproceedings{Kirkpatrick:2015:URA:2729094.2742594,
 author = {Kirkpatrick, Michael S. and Prins, Samantha},
 title = {Using the Readiness Assurance Process and Metacognition in an Operating Systems Course},
 booktitle = {Proceedings of the 2015 ACM Conference on Innovation and Technology in Computer Science Education},
 series = {ITiCSE '15},
 year = {2015},
 isbn = {978-1-4503-3440-2},
 location = {Vilnius, Lithuania},
 pages = {183--188},
 numpages = {6},
 url = {http://doi.acm.org/10.1145/2729094.2742594},
 doi = {10.1145/2729094.2742594},
 acmid = {2742594},
 publisher = {ACM},
 address = {New York, NY, USA},
 keywords = {active learning, education, metacognition, pedagogy},
}

@inproceedings{Iding:2008:TMA:1458527.1458546,
 author = {Iding, Marie and Auernheimer, Brent and Crosby, Martha E.},
 title = {Towards a Metacognitive Approach to Credibility},
 booktitle = {Proceedings of the 2Nd ACM Workshop on Information Credibility on the Web},
 series = {WICOW '08},
 year = {2008},
 isbn = {978-1-60558-259-7},
 location = {Napa Valley, California, USA},
 pages = {75--80},
 numpages = {6},
 url = {http://doi.acm.org/10.1145/1458527.1458546},
 doi = {10.1145/1458527.1458546},
 acmid = {1458546},
 publisher = {ACM},
 address = {New York, NY, USA},
 keywords = {credibility, learning, metacognition},
}

@inproceedings{VanDeGrift:2011:ERG:1953163.1953307,
 author = {VanDeGrift, Tammy and Caruso, Tamara and Hill, Natalie and Simon, Beth},
 title = {Experience Report: Getting Novice Programmers to THINK About Improving Their Software Development Process},
 booktitle = {Proceedings of the 42Nd ACM Technical Symposium on Computer Science Education},
 series = {SIGCSE '11},
 year = {2011},
 isbn = {978-1-4503-0500-6},
 location = {Dallas, TX, USA},
 pages = {493--498},
 numpages = {6},
 url = {http://doi.acm.org/10.1145/1953163.1953307},
 doi = {10.1145/1953163.1953307},
 acmid = {1953307},
 publisher = {ACM},
 address = {New York, NY, USA},
 keywords = {metacognition, novice, programming, software quality},
}

@inproceedings{Mahoney:2018:SNM:3159450.3162199,
 author = {Mahoney, Mark},
 title = {Storyteller: A New Medium for Guiding Students Through Code Examples (Abstract Only)},
 booktitle = {Proceedings of the 49th ACM Technical Symposium on Computer Science Education},
 series = {SIGCSE '18},
 year = {2018},
 isbn = {978-1-4503-5103-4},
 location = {Baltimore, Maryland, USA},
 pages = {1112--1112},
 numpages = {1},
 url = {http://doi.acm.org/10.1145/3159450.3162199},
 doi = {10.1145/3159450.3162199},
 acmid = {3162199},
 publisher = {ACM},
 address = {New York, NY, USA},
 keywords = {metacognitive modelling, reflection, worked examples},
}

@inproceedings{Nawrot:2014:BEM:2567948.2580054,
 author = {Nawrot, Ilona and Doucet, Antoine},
 title = {Building Engagement for MOOC Students: Introducing Support for Time Management on Online Learning Platforms},
 booktitle = {Proceedings of the 23rd International Conference on World Wide Web},
 series = {WWW '14 Companion},
 year = {2014},
 isbn = {978-1-4503-2745-9},
 location = {Seoul, Korea},
 pages = {1077--1082},
 numpages = {6},
 url = {http://doi.acm.org/10.1145/2567948.2580054},
 doi = {10.1145/2567948.2580054},
 acmid = {2580054},
 publisher = {ACM},
 address = {New York, NY, USA},
 keywords = {MOOCs, metacognitive skills, time management},
}

@inproceedings{Yan:2019:PFC:3287324.3287483,
 author = {Yan, Lisa and Hu, Annie and Piech, Chris},
 title = {Pensieve: Feedback on Coding Process for Novices},
 booktitle = {Proceedings of the 50th ACM Technical Symposium on Computer Science Education},
 series = {SIGCSE '19},
 year = {2019},
 isbn = {978-1-4503-5890-3},
 location = {Minneapolis, MN, USA},
 pages = {253--259},
 numpages = {7},
 url = {http://doi.acm.org/10.1145/3287324.3287483},
 doi = {10.1145/3287324.3287483},
 acmid = {3287483},
 publisher = {ACM},
 address = {New York, NY, USA},
 keywords = {assessment, formative feedback, metacognition, pedagogy, programming courses},
}

@inproceedings{Loksa:2017:ETM:3105726.3105740,
 author = {Loksa, Dastyni},
 title = {Explicitly Teaching Metacognitive and Self-Regulation Skills in Computing},
 booktitle = {Proceedings of the 2017 ACM Conference on International Computing Education Research},
 series = {ICER '17},
 year = {2017},
 isbn = {978-1-4503-4968-0},
 location = {Tacoma, Washington, USA},
 pages = {289--290},
 numpages = {2},
 url = {http://doi.acm.org/10.1145/3105726.3105740},
 doi = {10.1145/3105726.3105740},
 acmid = {3105740},
 publisher = {ACM},
 address = {New York, NY, USA},
 keywords = {equity, metacognition, problem solving, programming, self-regulation},
}

@inproceedings{Craig:2016:IEE:2839509.2844561,
 author = {Craig, Michelle and Horton, Diane and Zingaro, Daniel and Heap, Danny},
 title = {Introducing and Evaluating Exam Wrappers in CS2},
 booktitle = {Proceedings of the 47th ACM Technical Symposium on Computing Science Education},
 series = {SIGCSE '16},
 year = {2016},
 isbn = {978-1-4503-3685-7},
 location = {Memphis, Tennessee, USA},
 pages = {285--290},
 numpages = {6},
 url = {http://doi.acm.org/10.1145/2839509.2844561},
 doi = {10.1145/2839509.2844561},
 acmid = {2844561},
 publisher = {ACM},
 address = {New York, NY, USA},
 keywords = {cs2, exam wrappers, experiment, metacognition, study strategies},
}

@inproceedings{Prather:2019:FTF:3287324.3287374,
 author = {Prather, James and Pettit, Raymond and Becker, Brett A. and Denny, Paul and Loksa, Dastyni and Peters, Alani and Albrecht, Zachary and Masci, Krista},
 title = {First Things First: Providing Metacognitive Scaffolding for Interpreting Problem Prompts},
 booktitle = {Proceedings of the 50th ACM Technical Symposium on Computer Science Education},
 series = {SIGCSE '19},
 year = {2019},
 isbn = {978-1-4503-5890-3},
 location = {Minneapolis, MN, USA},
 pages = {531--537},
 numpages = {7},
 url = {http://doi.acm.org/10.1145/3287324.3287374},
 doi = {10.1145/3287324.3287374},
 acmid = {3287374},
 publisher = {ACM},
 address = {New York, NY, USA},
 keywords = {automated assessment tools, cs1, metacognitive awareness},
}

@inproceedings{Gasevic:2014:AEV:2567574.2567590,
 author = {Ga\v{s}evi\'{c}, Dragan and Mirriahi, Negin and Dawson, Shane},
 title = {Analytics of the Effects of Video Use and Instruction to Support Reflective Learning},
 booktitle = {Proceedings of the Fourth International Conference on Learning Analytics And Knowledge},
 series = {LAK '14},
 year = {2014},
 isbn = {978-1-4503-2664-3},
 location = {Indianapolis, Indiana, USA},
 pages = {123--132},
 numpages = {10},
 url = {http://doi.acm.org/10.1145/2567574.2567590},
 doi = {10.1145/2567574.2567590},
 acmid = {2567590},
 publisher = {ACM},
 address = {New York, NY, USA},
 keywords = {learning analytics, metacognition, self-reflections, text analysis},
}

@inproceedings{Loksa:2016:PPS:2858036.2858252,
 author = {Loksa, Dastyni and Ko, Andrew J. and Jernigan, Will and Oleson, Alannah and Mendez, Christopher J. and Burnett, Margaret M.},
 title = {Programming, Problem Solving, and Self-Awareness: Effects of Explicit Guidance},
 booktitle = {Proceedings of the 2016 CHI Conference on Human Factors in Computing Systems},
 series = {CHI '16},
 year = {2016},
 isbn = {978-1-4503-3362-7},
 location = {San Jose, California, USA},
 pages = {1449--1461},
 numpages = {13},
 url = {http://doi.acm.org/10.1145/2858036.2858252},
 doi = {10.1145/2858036.2858252},
 acmid = {2858252},
 publisher = {ACM},
 address = {New York, NY, USA},
 keywords = {computer science education, metacognition, problem-solving, programming},
}

@inproceedings{Hauswirth:2017:MCL:3141880.3141904,
 author = {Hauswirth, Matthias and Adamoli, Andrea},
 title = {Metacognitive Calibration when Learning to Program},
 booktitle = {Proceedings of the 17th Koli Calling International Conference on Computing Education Research},
 series = {Koli Calling '17},
 year = {2017},
 isbn = {978-1-4503-5301-4},
 location = {Koli, Finland},
 pages = {50--59},
 numpages = {10},
 url = {http://doi.acm.org/10.1145/3141880.3141904},
 doi = {10.1145/3141880.3141904},
 acmid = {3141904},
 publisher = {ACM},
 address = {New York, NY, USA},
 keywords = {help-seeking, judgement of learning, learning to program, metacognition, metacognitive calibration, self-assessment},
}

@inproceedings{Chiu:2014:SDA:2567574.2567580,
 author = {Chiu, Ming Ming and Fujita, Nobuko},
 title = {Statistical Discourse Analysis of Online Discussions: Informal Cognition, Social Metacognition and Knowledge Creation},
 booktitle = {Proceedings of the Fourth International Conference on Learning Analytics And Knowledge},
 series = {LAK '14},
 year = {2014},
 isbn = {978-1-4503-2664-3},
 location = {Indianapolis, Indiana, USA},
 pages = {217--225},
 numpages = {9},
 url = {http://doi.acm.org/10.1145/2567574.2567580},
 doi = {10.1145/2567574.2567580},
 acmid = {2567580},
 publisher = {ACM},
 address = {New York, NY, USA},
 keywords = {informal cognition, knowledge creation, social metacognition, statistical discourse analysis},
}

@article{Murphy:2005:CSS:1151954.1067488,
 author = {Murphy, Laurie and Tenenberg, Josh},
 title = {Do Computer Science Students Know What They Know?: A Calibration Study of Data Structure Knowledge},
 journal = {SIGCSE Bull.},
 issue_date = {September 2005},
 volume = {37},
 number = {3},
 month = jun,
 year = {2005},
 issn = {0097-8418},
 pages = {148--152},
 numpages = {5},
 url = {http://doi.acm.org/10.1145/1151954.1067488},
 doi = {10.1145/1151954.1067488},
 acmid = {1067488},
 publisher = {ACM},
 address = {New York, NY, USA},
 keywords = {calibration of knowledge, data structures, metacognition, self-assessment},
}

@inproceedings{Murphy:2005:CSS:1067445.1067488,
 author = {Murphy, Laurie and Tenenberg, Josh},
 title = {Do Computer Science Students Know What They Know?: A Calibration Study of Data Structure Knowledge},
 booktitle = {Proceedings of the 10th Annual SIGCSE Conference on Innovation and Technology in Computer Science Education},
 series = {ITiCSE '05},
 year = {2005},
 isbn = {1-59593-024-8},
 location = {Caparica, Portugal},
 pages = {148--152},
 numpages = {5},
 url = {http://doi.acm.org/10.1145/1067445.1067488},
 doi = {10.1145/1067445.1067488},
 acmid = {1067488},
 publisher = {ACM},
 address = {New York, NY, USA},
 keywords = {calibration of knowledge, data structures, metacognition, self-assessment},
}

@inproceedings{Hilton:2019:TPC:3300115.3309508,
 author = {Hilton, Andrew D. and Lipp, Genevieve M. and Rodger, Susan H.},
 title = {Translation from Problem to Code in Seven Steps},
 booktitle = {Proceedings of the ACM Conference on Global Computing Education},
 series = {CompEd '19},
 year = {2019},
 isbn = {978-1-4503-6259-7},
 location = {Chengdu,Sichuan, China},
 pages = {78--84},
 numpages = {7},
 url = {http://doi.acm.org/10.1145/3300115.3309508},
 doi = {10.1145/3300115.3309508},
 acmid = {3309508},
 publisher = {ACM},
 address = {New York, NY, USA},
 keywords = {CS1, computational thinking, from problem to code, introductory programming, metacognition},
}

@inproceedings{MacNeil:2017:TSD:3105726.3105745,
 author = {MacNeil, Stephen},
 title = {Tools to Support Data-driven Reflective Learning},
 booktitle = {Proceedings of the 2017 ACM Conference on International Computing Education Research},
 series = {ICER '17},
 year = {2017},
 isbn = {978-1-4503-4968-0},
 location = {Tacoma, Washington, USA},
 pages = {299--300},
 numpages = {2},
 url = {http://doi.acm.org/10.1145/3105726.3105745},
 doi = {10.1145/3105726.3105745},
 acmid = {3105745},
 publisher = {ACM},
 address = {New York, NY, USA},
 keywords = {cs education, data-driven reflection, metacognition, reflection, reflective learning},
}

@inproceedings{Xu:2019:CAE:3335484.3335504,
 author = {Xu, Minyu and Shen, Jun},
 title = {Cognitive Ability Evaluation Model for Network Teaching},
 booktitle = {Proceedings of the 2019 4th International Conference on Big Data and Computing},
 series = {ICBDC 2019},
 year = {2019},
 isbn = {978-1-4503-6278-8},
 location = {Guangzhou, China},
 pages = {328--332},
 numpages = {5},
 url = {http://doi.acm.org/10.1145/3335484.3335504},
 doi = {10.1145/3335484.3335504},
 acmid = {3335504},
 publisher = {ACM},
 address = {New York, NY, USA},
 keywords = {Tacit knowledge, metacognitive ability, network teaching, pattern knowledge},
}

@inproceedings{Foster:2013:CMD:2470654.2470669,
 author = {Foster, Stephen R. and Esper, Sarah and Griswold, William G.},
 title = {From Competition to Metacognition: Designing Diverse, Sustainable Educational Games},
 booktitle = {Proceedings of the SIGCHI Conference on Human Factors in Computing Systems},
 series = {CHI '13},
 year = {2013},
 isbn = {978-1-4503-1899-0},
 location = {Paris, France},
 pages = {99--108},
 numpages = {10},
 url = {http://doi.acm.org/10.1145/2470654.2470669},
 doi = {10.1145/2470654.2470669},
 acmid = {2470669},
 publisher = {ACM},
 address = {New York, NY, USA},
 keywords = {education, games},
}

@inproceedings{Frederiksen:1997:CFM:1599773.1599780,
 author = {Frederiksen, John R. and White, Barbara Y.},
 title = {Cognitive Facilitation: A Method for Promoting Reflective Collaboration},
 booktitle = {Proceedings of the 2Nd International Conference on Computer Support for Collaborative Learning},
 series = {CSCL '97},
 year = {1997},
 location = {Toronto, Ontario, Canada},
 pages = {55--64},
 numpages = {10},
 url = {http://dl.acm.org/citation.cfm?id=1599773.1599780},
 acmid = {1599780},
 publisher = {International Society of the Learning Sciences},
 keywords = {collaborative learning, inquiry, metacognition, science teaching},
}

@inproceedings{Aghababyan:2017:EAM:3027385.3027388,
 author = {Aghababyan, Ani and Lewkow, Nicholas and Baker, Ryan},
 title = {Exploring the Asymmetry of Metacognition},
 booktitle = {Proceedings of the Seventh International Learning Analytics \&\#38; Knowledge Conference},
 series = {LAK '17},
 year = {2017},
 isbn = {978-1-4503-4870-6},
 location = {Vancouver, British Columbia, Canada},
 pages = {115--119},
 numpages = {5},
 url = {http://doi.acm.org/10.1145/3027385.3027388},
 doi = {10.1145/3027385.3027388},
 acmid = {3027388},
 publisher = {ACM},
 address = {New York, NY, USA},
 keywords = {achievement, big data, confidence, discipline difference, learnign analytics, metacognition, performance},
}

@inproceedings{Parham:2010:EEE:1734263.1734406,
 author = {Parham, Jennifer and Gugerty, Leo and Stevenson, D. E.},
 title = {Empirical Evidence for the Existence and Uses of Metacognition in Computer Science Problem Solving},
 booktitle = {Proceedings of the 41st ACM Technical Symposium on Computer Science Education},
 series = {SIGCSE '10},
 year = {2010},
 isbn = {978-1-4503-0006-3},
 location = {Milwaukee, Wisconsin, USA},
 pages = {416--420},
 numpages = {5},
 url = {http://doi.acm.org/10.1145/1734263.1734406},
 doi = {10.1145/1734263.1734406},
 acmid = {1734406},
 publisher = {ACM},
 address = {New York, NY, USA},
 keywords = {cognitive processing, computer science education, metacognition, problem solving, schemata},
}

@inproceedings{Lishinski:2016:LPG:2960310.2960329,
 author = {Lishinski, Alex and Yadav, Aman and Good, Jon and Enbody, Richard},
 title = {Learning to Program: Gender Differences and Interactive Effects of Students' Motivation, Goals, and Self-Efficacy on Performance},
 booktitle = {Proceedings of the 2016 ACM Conference on International Computing Education Research},
 series = {ICER '16},
 year = {2016},
 isbn = {978-1-4503-4449-4},
 location = {Melbourne, VIC, Australia},
 pages = {211--220},
 numpages = {10},
 url = {http://doi.acm.org/10.1145/2960310.2960329},
 doi = {10.1145/2960310.2960329},
 acmid = {2960329},
 publisher = {ACM},
 address = {New York, NY, USA},
 keywords = {cs1, goal orientation, metacognitive strategies, predictors, self-efficacy},
}

@inproceedings{Molenaar:2015:ESS:2723576.2723586,
 author = {Molenaar, Inge and Chiu, Ming Ming},
 title = {Effects of Sequences of Socially Regulated Learning on Group Performance},
 booktitle = {Proceedings of the Fifth International Conference on Learning Analytics And Knowledge},
 series = {LAK '15},
 year = {2015},
 isbn = {978-1-4503-3417-4},
 location = {Poughkeepsie, New York},
 pages = {236--240},
 numpages = {5},
 url = {http://doi.acm.org/10.1145/2723576.2723586},
 doi = {10.1145/2723576.2723586},
 acmid = {2723586},
 publisher = {ACM},
 address = {New York, NY, USA},
 keywords = {collaborative learning, discourse analysis, elementary education, metacognition, scaffolding, temporal analysis},
}

@inproceedings{Prather:2018:MDF:3230977.3230981,
 author = {Prather, James and Pettit, Raymond and McMurry, Kayla and Peters, Alani and Homer, John and Cohen, Maxine},
 title = {Metacognitive Difficulties Faced by Novice Programmers in Automated Assessment Tools},
 booktitle = {Proceedings of the 2018 ACM Conference on International Computing Education Research},
 series = {ICER '18},
 year = {2018},
 isbn = {978-1-4503-5628-2},
 location = {Espoo, Finland},
 pages = {41--50},
 numpages = {10},
 url = {http://doi.acm.org/10.1145/3230977.3230981},
 doi = {10.1145/3230977.3230981},
 acmid = {3230981},
 publisher = {ACM},
 address = {New York, NY, USA},
 keywords = {automated assessment tools, cs1, education, hci, human factors, metacognitive awareness},
}

@inproceedings{Hilton:2018:TTP:3197091.3205807,
 author = {Hilton, Andrew D. and Lipp, Genevieve M. and Rodger, Susan H.},
 title = {A Technique for Translation from Problem to Code},
 booktitle = {Proceedings of the 23rd Annual ACM Conference on Innovation and Technology in Computer Science Education},
 series = {ITiCSE 2018},
 year = {2018},
 isbn = {978-1-4503-5707-4},
 location = {Larnaca, Cyprus},
 pages = {375--375},
 numpages = {1},
 url = {http://doi.acm.org/10.1145/3197091.3205807},
 doi = {10.1145/3197091.3205807},
 acmid = {3205807},
 publisher = {ACM},
 address = {New York, NY, USA},
 keywords = {CS1, computational thinking, from problem to code, introductory programming, metacognition},
}

@inproceedings{McNely:2012:LAC:2330601.2330654,
 author = {McNely, Brian J. and Gestwicki, Paul and Hill, J. Holden and Parli-Horne, Philip and Johnson, Erika},
 title = {Learning Analytics for Collaborative Writing: A Prototype and Case Study},
 booktitle = {Proceedings of the 2Nd International Conference on Learning Analytics and Knowledge},
 series = {LAK '12},
 year = {2012},
 isbn = {978-1-4503-1111-3},
 location = {Vancouver, British Columbia, Canada},
 pages = {222--225},
 numpages = {4},
 url = {http://doi.acm.org/10.1145/2330601.2330654},
 doi = {10.1145/2330601.2330654},
 acmid = {2330654},
 publisher = {ACM},
 address = {New York, NY, USA},
 keywords = {collaboration, distributed work, knowledge work, learning analytics, metacognition, programming, writing},
}

@inproceedings{MacCann-Alfaro:2018:MCA:3284179.3284352,
 author = {MacCann-Alfaro, Nancy and Morales-Morgado, Erla Mariela and Garc\'{\i}a-Valcarcel, Ana},
 title = {Metacognitive and Collaborative Arguing Through Computers by University Students},
 booktitle = {Proceedings of the Sixth International Conference on Technological Ecosystems for Enhancing Multiculturality},
 series = {TEEM'18},
 year = {2018},
 isbn = {978-1-4503-6518-5},
 location = {Salamanca, Spain},
 pages = {1040--1045},
 numpages = {6},
 url = {http://doi.acm.org/10.1145/3284179.3284352},
 doi = {10.1145/3284179.3284352},
 acmid = {3284352},
 publisher = {ACM},
 address = {New York, NY, USA},
 keywords = {Argumentation-Based Computer Supported Collaborative Learning (ABCSCL), Computer-based learning environment, Higher Education, argumentation, computer-supported argumentation, metacognition},
}

@inproceedings{Herman:2008:MSR:1599812.1599853,
 author = {Herman, Phillip and Gomez, Louis M. and Gomez, Kimberley and Williams, Adam and Perkins, Kristen},
 title = {Metacognitive Support for Reading in Science Classrooms},
 booktitle = {Proceedings of the 8th International Conference on International Conference for the Learning Sciences - Volume 1},
 series = {ICLS'08},
 year = {2008},
 location = {Utrecht, The Netherlands},
 pages = {342--349},
 numpages = {8},
 url = {http://dl.acm.org/citation.cfm?id=1599812.1599853},
 acmid = {1599853},
 publisher = {International Society of the Learning Sciences},
}

@inproceedings{Ginat:2001:MAU:377435.377490,
 author = {Ginat, David},
 title = {Metacognitive Awareness Utilized for Learning Control Elements in Algorithmic Problem Solving},
 booktitle = {Proceedings of the 6th Annual Conference on Innovation and Technology in Computer Science Education},
 series = {ITiCSE '01},
 year = {2001},
 isbn = {1-58113-330-8},
 location = {Canterbury, United Kingdom},
 pages = {81--84},
 numpages = {4},
 url = {http://doi.acm.org/10.1145/377435.377490},
 doi = {10.1145/377435.377490},
 acmid = {377490},
 publisher = {ACM},
 address = {New York, NY, USA},
}

@article{Ginat:2001:MAU:507758.377490,
 author = {Ginat, David},
 title = {Metacognitive Awareness Utilized for Learning Control Elements in Algorithmic Problem Solving},
 journal = {SIGCSE Bull.},
 issue_date = {Sept. 2001},
 volume = {33},
 number = {3},
 month = jun,
 year = {2001},
 issn = {0097-8418},
 pages = {81--84},
 numpages = {4},
 url = {http://doi.acm.org/10.1145/507758.377490},
 doi = {10.1145/507758.377490},
 acmid = {377490},
 publisher = {ACM},
 address = {New York, NY, USA},
}

@inproceedings{Antonietti:2008:MUM:1599936.1600014,
 author = {Antonietti, Alessandro and Colombo, Barbara and Schnotz, Wolfgang and Moreno, Roxana and Marley, Scott and Helak, John and Fiore, Stephen M. and Cuevas, Haydee M. and Scielzo, Sandro},
 title = {Metacognition in Understanding Multimedia Presentations},
 booktitle = {Proceedings of the 8th International Conference on International Conference for the Learning Sciences - Volume 3},
 series = {ICLS'08},
 year = {2008},
 location = {Utrecht, The Netherlands},
 pages = {166--173},
 numpages = {8},
 url = {http://dl.acm.org/citation.cfm?id=1599936.1600014},
 acmid = {1600014},
 publisher = {International Society of the Learning Sciences},
}

@inproceedings{Bull:2016:ILV:2883851.2883853,
 author = {Bull, Susan and Ginon, Blandine and Boscolo, Clelia and Johnson, Matthew},
 title = {Introduction of Learning Visualisations and Metacognitive Support in a Persuadable Open Learner Model},
 booktitle = {Proceedings of the Sixth International Conference on Learning Analytics \& Knowledge},
 series = {LAK '16},
 year = {2016},
 isbn = {978-1-4503-4190-5},
 location = {Edinburgh, United Kingdom},
 pages = {30--39},
 numpages = {10},
 url = {http://doi.acm.org/10.1145/2883851.2883853},
 doi = {10.1145/2883851.2883853},
 acmid = {2883853},
 publisher = {ACM},
 address = {New York, NY, USA},
 keywords = {learning analytics for learners, open learner models, persuading the learner model, visual learning analytics},
}

@inproceedings{Fekete:2003:UCD:858403.858425,
 author = {Fekete, Alan},
 title = {Using Counter-examples in the Data Structures Course},
 booktitle = {Proceedings of the Fifth Australasian Conference on Computing Education - Volume 20},
 series = {ACE '03},
 year = {2003},
 isbn = {0-909925-98-4},
 location = {Adelaide, Australia},
 pages = {179--186},
 numpages = {8},
 url = {http://dl.acm.org/citation.cfm?id=858403.858425},
 acmid = {858425},
 publisher = {Australian Computer Society, Inc.},
 address = {Darlinghurst, Australia, Australia},
 keywords = {closed laboratories, counter examples, data structures, metacognition, misconceptions},
}

@inproceedings{Joyner:2015:IIM:2678025.2701398,
 author = {Joyner, David A. and Goel, Ashok K.},
 title = {Improving Inquiry-Driven Modeling in Science Education Through Interaction with Intelligent Tutoring Agents},
 booktitle = {Proceedings of the 20th International Conference on Intelligent User Interfaces},
 series = {IUI '15},
 year = {2015},
 isbn = {978-1-4503-3306-1},
 location = {Atlanta, Georgia, USA},
 pages = {5--16},
 numpages = {12},
 url = {http://doi.acm.org/10.1145/2678025.2701398},
 doi = {10.1145/2678025.2701398},
 acmid = {2701398},
 publisher = {ACM},
 address = {New York, NY, USA},
 keywords = {constructionism, discovery-based learning, guided instruction, inquiry-based learning, metacognitive tutoring, scientific discovery, scientific inquiry},
}

@inproceedings{Hurme:2008:LSC:1599936.1599955,
 author = {Hurme, Tarja-Riitta and J\"{a}rvel\"{a}, Sanna and Merenluoto, Kaarina and Salonen, Pekka},
 title = {How Learners Share and Construct Metacognition in Social Interaction?},
 booktitle = {Proceedings of the 8th International Conference on International Conference for the Learning Sciences - Volume 3},
 series = {ICLS'08},
 year = {2008},
 location = {Utrecht, The Netherlands},
 pages = {41--42},
 numpages = {2},
 url = {http://dl.acm.org/citation.cfm?id=1599936.1599955},
 acmid = {1599955},
 publisher = {International Society of the Learning Sciences},
}

@article{Moores:2006:CRS:1161345.1161360,
 author = {Moores, Trevor T. and Chang, Jerry Cha-Jan and Smith, Deborah K.},
 title = {Clarifying the Role of Self-efficacy and Metacognition As Predictors of Performance: Construct Development and Test},
 journal = {SIGMIS Database},
 issue_date = {Spring-Summer 2006},
 volume = {37},
 number = {2-3},
 month = sep,
 year = {2006},
 issn = {0095-0033},
 pages = {125--132},
 numpages = {8},
 url = {http://doi.acm.org/10.1145/1161345.1161360},
 doi = {10.1145/1161345.1161360},
 acmid = {1161360},
 publisher = {ACM},
 address = {New York, NY, USA},
 keywords = {data flow diagrams (DFDs), declarative knowledge, entity-relationship diagrams (ERDs), metacognition, procedural knowledge, self-efficacy},
}

@inproceedings{Eldar:2008:MST:1599936.1599947,
 author = {Eldar, Osnat and Eylon, Bat-Sheva and Ronen, Miky},
 title = {A Metacognitive Strategy for Training Preservice Teachers: Collaborative Diagnosis of Conceptual Understanding in Science},
 booktitle = {Proceedings of the 8th International Conference on International Conference for the Learning Sciences - Volume 3},
 series = {ICLS'08},
 year = {2008},
 location = {Utrecht, The Netherlands},
 pages = {25--26},
 numpages = {2},
 url = {http://dl.acm.org/citation.cfm?id=1599936.1599947},
 acmid = {1599947},
 publisher = {International Society of the Learning Sciences},
}

@inproceedings{Nuckles:2008:SVL:1599871.1599887,
 author = {N\"{u}ckles, Matthias and H\"{u}bner, Sandra and Renkl, Alexander},
 title = {Short-term Versus Long-term Effects of Cognitive and Metacognitive Prompts in Writing-to-learn},
 booktitle = {Proceedings of the 8th International Conference on International Conference for the Learning Sciences - Volume 2},
 series = {ICLS'08},
 year = {2008},
 location = {Utrecht, The Netherlands},
 pages = {124--131},
 numpages = {8},
 url = {http://dl.acm.org/citation.cfm?id=1599871.1599887},
 acmid = {1599887},
 publisher = {International Society of the Learning Sciences},
}

@inproceedings{Chiu:2008:ESM:1599812.1599828,
 author = {Chiu, Ming Ming},
 title = {Effects of Social Metacognition on Micro-creativity: Statistical Discourse Analyses of Group Problem Solving},
 booktitle = {Proceedings of the 8th International Conference on International Conference for the Learning Sciences - Volume 1},
 series = {ICLS'08},
 year = {2008},
 location = {Utrecht, The Netherlands},
 pages = {144--152},
 numpages = {9},
 url = {http://dl.acm.org/citation.cfm?id=1599812.1599828},
 acmid = {1599828},
 publisher = {International Society of the Learning Sciences},
}

@inproceedings{Lau:2017:TSL:3027385.3027443,
 author = {Lau, Clarissa and Sinclair, Jeanne and Taub, Michelle and Azevedo, Roger and Jang, Eunice Eunhee},
 title = {Transitioning Self-regulated Learning Profiles in Hypermedia-learning Environments},
 booktitle = {Proceedings of the Seventh International Learning Analytics \&\#38; Knowledge Conference},
 series = {LAK '17},
 year = {2017},
 isbn = {978-1-4503-4870-6},
 location = {Vancouver, British Columbia, Canada},
 pages = {198--202},
 numpages = {5},
 url = {http://doi.acm.org/10.1145/3027385.3027443},
 doi = {10.1145/3027385.3027443},
 acmid = {3027443},
 publisher = {ACM},
 address = {New York, NY, USA},
 keywords = {information-processing theory, latent transition analysis, metacognition, metamemory, self-regulated learning},
}

@inproceedings{Eicher:2018:JWD:3278721.3278760,
 author = {Eicher, Bobbie and Polepeddi, Lalith and Goel, Ashok},
 title = {Jill Watson Doesn'T Care if You'Re Pregnant: Grounding AI Ethics in Empirical Studies},
 booktitle = {Proceedings of the 2018 AAAI/ACM Conference on AI, Ethics, and Society},
 series = {AIES '18},
 year = {2018},
 isbn = {978-1-4503-6012-8},
 location = {New Orleans, LA, USA},
 pages = {88--94},
 numpages = {7},
 url = {http://doi.acm.org/10.1145/3278721.3278760},
 doi = {10.1145/3278721.3278760},
 acmid = {3278760},
 publisher = {ACM},
 address = {New York, NY, USA},
 keywords = {education access, ethics of artificial intelligence, metacognition, online education, question-answering systems, theory of mind, turing test, virtual teaching assistant},
}

@inproceedings{Eicher:2018:GAT:3278721.3278797,
 author = {Eicher, Bobbie},
 title = {Giving AI a Theory of Mind},
 booktitle = {Proceedings of the 2018 AAAI/ACM Conference on AI, Ethics, and Society},
 series = {AIES '18},
 year = {2018},
 isbn = {978-1-4503-6012-8},
 location = {New Orleans, LA, USA},
 pages = {364--365},
 numpages = {2},
 url = {http://doi.acm.org/10.1145/3278721.3278797},
 doi = {10.1145/3278721.3278797},
 acmid = {3278797},
 publisher = {ACM},
 address = {New York, NY, USA},
 keywords = {education access, ethics of artificial intelligence, metacognition, online education, question-answering systems, theory of mind, turing test, virtual teaching assistant},
}

@article{Corder:2011:ISL:1835428.1835442,
 author = {Corder, Debbie and U., Alice},
 title = {Integrating Second Life to Enhance Global Intercultural Collaboration Projects},
 journal = {ACM Inroads},
 issue_date = {September 2010},
 volume = {1},
 number = {3},
 month = sep,
 year = {2011},
 issn = {2153-2184},
 pages = {43--50},
 numpages = {8},
 url = {http://doi.acm.org/10.1145/1835428.1835442},
 doi = {10.1145/1835428.1835442},
 acmid = {1835442},
 publisher = {ACM},
 address = {New York, NY, USA},
 keywords = {Second Life, avatar, blogs, critical reflection, global collaborative projects, intercultural competence, interdisciplinary, liminality, metacognitive skills, motivation, multi-user virtual environment (MUVE), self-assessment---authentic real world experience, socialisation, virtual collaboration, wikis},
}

@inproceedings{Hayashi:2013:PCA:2468356.2468472,
 author = {Hayashi, Yugo},
 title = {Pedagogical Conversational Agents for Supporting Collaborative Learning: Effects of Communication Channels},
 booktitle = {CHI '13 Extended Abstracts on Human Factors in Computing Systems},
 series = {CHI EA '13},
 year = {2013},
 isbn = {978-1-4503-1952-2},
 location = {Paris, France},
 pages = {655--660},
 numpages = {6},
 url = {http://doi.acm.org/10.1145/2468356.2468472},
 doi = {10.1145/2468356.2468472},
 acmid = {2468472},
 publisher = {ACM},
 address = {New York, NY, USA},
 keywords = {affective learning, collaboration, explanation activities, pedagogical agents},
}

@inproceedings{Bergin:2005:ERS:1089786.1089794,
 author = {Bergin, Susan and Reilly, Ronan and Traynor, Desmond},
 title = {Examining the Role of Self-regulated Learning on Introductory Programming Performance},
 booktitle = {Proceedings of the First International Workshop on Computing Education Research},
 series = {ICER '05},
 year = {2005},
 isbn = {1-59593-043-4},
 location = {Seattle, WA, USA},
 pages = {81--86},
 numpages = {6},
 url = {http://doi.acm.org/10.1145/1089786.1089794},
 doi = {10.1145/1089786.1089794},
 acmid = {1089794},
 publisher = {ACM},
 address = {New York, NY, USA},
 keywords = {CS1, predictors, programming, self-regulated learning},
}

@inproceedings{Wise:2013:LAO:2460296.2460308,
 author = {Wise, Alyssa Friend and Zhao, Yuting and Hausknecht, Simone Nicole},
 title = {Learning Analytics for Online Discussions: A Pedagogical Model for Intervention with Embedded and Extracted Analytics},
 booktitle = {Proceedings of the Third International Conference on Learning Analytics and Knowledge},
 series = {LAK '13},
 year = {2013},
 isbn = {978-1-4503-1785-6},
 location = {Leuven, Belgium},
 pages = {48--56},
 numpages = {9},
 url = {http://doi.acm.org/10.1145/2460296.2460308},
 doi = {10.1145/2460296.2460308},
 acmid = {2460308},
 publisher = {ACM},
 address = {New York, NY, USA},
 keywords = {asynchronous discussion groups, computer mediated communication, learning analytics, online learning, student participation},
}

@inproceedings{Armendariz:2014:OOC:2538862.2544318,
 author = {Armendariz, Daniel and MacHardy, Zachary and Garcia, Daniel D.},
 title = {OCTAL: Online Course Tool for Adaptive Learning (Abstract Only)},
 booktitle = {Proceedings of the 45th ACM Technical Symposium on Computer Science Education},
 series = {SIGCSE '14},
 year = {2014},
 isbn = {978-1-4503-2605-6},
 location = {Atlanta, Georgia, USA},
 pages = {715--715},
 numpages = {1},
 url = {http://doi.acm.org/10.1145/2538862.2544318},
 doi = {10.1145/2538862.2544318},
 acmid = {2544318},
 publisher = {ACM},
 address = {New York, NY, USA},
 keywords = {adaptive assessment, concept map, non-linear courses, student modeling},
}

@inproceedings{Reuter:2018:LTS:3209087.3209097,
 author = {Reuter, Rebecca and Jahn, Sabrina and Figas, Paula and Bartel, Alexander and Mottok, J\"{u}rgen and Hagel, Georg},
 title = {Learning Tasks for Software Engineering Education: An Exemplary Development of Learning Tasks for Software Engineering Based on Didactic Function and Knowledge Type},
 booktitle = {Proceedings of the 3rd European Conference of Software Engineering Education},
 series = {ECSEE'18},
 year = {2018},
 isbn = {978-1-4503-6383-9},
 location = {Seeon/ Bavaria, Germany},
 pages = {1--7},
 numpages = {7},
 url = {http://doi.acm.org/10.1145/3209087.3209097},
 doi = {10.1145/3209087.3209097},
 acmid = {3209097},
 publisher = {ACM},
 address = {New York, NY, USA},
 keywords = {Didactic Function, Knowledge Types, Learning Tasks, Software Engineering},
}

@inproceedings{Ellis:2019:CSP:3287324.3293844,
 author = {Ellis, Margaret},
 title = {Computer Science Problem Solving Course: Practical and Technical Thinking Skills for CS Majors},
 booktitle = {Proceedings of the 50th ACM Technical Symposium on Computer Science Education},
 series = {SIGCSE '19},
 year = {2019},
 isbn = {978-1-4503-5890-3},
 location = {Minneapolis, MN, USA},
 pages = {1267--1267},
 numpages = {1},
 url = {http://doi.acm.org/10.1145/3287324.3293844},
 doi = {10.1145/3287324.3293844},
 acmid = {3293844},
 publisher = {ACM},
 address = {New York, NY, USA},
 keywords = {diversity, extra-curricular, problem solving},
}

@inproceedings{Dang:2017:DDO:3051457.3051470,
 author = {Dang, Steven and Yudelson, Michael and Koedinger, Kenneth R.},
 title = {Detecting Diligence with Online Behaviors on Intelligent Tutoring Systems},
 booktitle = {Proceedings of the Fourth (2017) ACM Conference on Learning @ Scale},
 series = {L@S '17},
 year = {2017},
 isbn = {978-1-4503-4450-0},
 location = {Cambridge, Massachusetts, USA},
 pages = {51--59},
 numpages = {9},
 url = {http://doi.acm.org/10.1145/3051457.3051470},
 doi = {10.1145/3051457.3051470},
 acmid = {3051470},
 publisher = {ACM},
 address = {New York, NY, USA},
 keywords = {diligence, intelligent tutoring systems, learning analytics, measurement, motivation, noncognitive factors, online behaviors, self-control, self-regulated learning},
}

@inproceedings{Kann:2016:EPI:2839509.2844610,
 author = {Kann, Viggo and H\"{o}gfeldt, Anna-Karin},
 title = {Effects of a Program Integrating Course for Students of Computer Science and Engineering},
 booktitle = {Proceedings of the 47th ACM Technical Symposium on Computing Science Education},
 series = {SIGCSE '16},
 year = {2016},
 isbn = {978-1-4503-3685-7},
 location = {Memphis, Tennessee, USA},
 pages = {510--515},
 numpages = {6},
 url = {http://doi.acm.org/10.1145/2839509.2844610},
 doi = {10.1145/2839509.2844610},
 acmid = {2844610},
 publisher = {ACM},
 address = {New York, NY, USA},
 keywords = {program coherence, reflection, self-regulated learning},
}

@inproceedings{Cicchinelli:2018:FTS:3170358.3170381,
 author = {Cicchinelli, Anal\'{\i}a and Veas, Eduardo and Pardo, Abelardo and Pammer-Schindler, Viktoria and Fessl, Angela and Barreiros, Carla and Lindst\"{a}dt, Stefanie},
 title = {Finding Traces of Self-regulated Learning in Activity Streams},
 booktitle = {Proceedings of the 8th International Conference on Learning Analytics and Knowledge},
 series = {LAK '18},
 year = {2018},
 isbn = {978-1-4503-6400-3},
 location = {Sydney, New South Wales, Australia},
 pages = {191--200},
 numpages = {10},
 url = {http://doi.acm.org/10.1145/3170358.3170381},
 doi = {10.1145/3170358.3170381},
 acmid = {3170381},
 publisher = {ACM},
 address = {New York, NY, USA},
 keywords = {blended-learning, clickstream activity, learning analytics, learning strategies, self regulation},
}

@inproceedings{Singh:2019:EPS:3304221.3325547,
 author = {Singh, Shaveen},
 title = {Exploring the Potential of Social Annotations for Predictive and Descriptive Analytics},
 booktitle = {Proceedings of the 2019 ACM Conference on Innovation and Technology in Computer Science Education},
 series = {ITiCSE '19},
 year = {2019},
 isbn = {978-1-4503-6301-3},
 location = {Aberdeen, Scotland Uk},
 pages = {247--248},
 numpages = {2},
 url = {http://doi.acm.org/10.1145/3304221.3325547},
 doi = {10.1145/3304221.3325547},
 acmid = {3325547},
 publisher = {ACM},
 address = {New York, NY, USA},
 keywords = {annotations, e-learning, learning analytics, prediction, self-report},
}

@inproceedings{Omale:2007:IBG:1599600.1599704,
 author = {Omale, Nicholas and Hung, Wei-Chen and Luetkehans, Lara and Cooke-Plagwitz, Jessamine},
 title = {The Impact of 3-D Based Group Interactions in an On-line Problem-based Learning Environment},
 booktitle = {Proceedings of the 8th Iternational Conference on Computer Supported Collaborative Learning},
 series = {CSCL'07},
 year = {2007},
 isbn = {978-0-6151-5436-7},
 location = {New Brunswick, New Jersey, USA},
 pages = {561--563},
 numpages = {3},
 url = {http://dl.acm.org/citation.cfm?id=1599600.1599704},
 acmid = {1599704},
 publisher = {International Society of the Learning Sciences},
}

@inproceedings{Falkner:2014:ICS:2591708.2591715,
 author = {Falkner, Katrina and Vivian, Rebecca and Falkner, Nickolas J.G.},
 title = {Identifying Computer Science Self-regulated Learning Strategies},
 booktitle = {Proceedings of the 2014 Conference on Innovation \&\#38; Technology in Computer Science Education},
 series = {ITiCSE '14},
 year = {2014},
 isbn = {978-1-4503-2833-3},
 location = {Uppsala, Sweden},
 pages = {291--296},
 numpages = {6},
 url = {http://doi.acm.org/10.1145/2591708.2591715},
 doi = {10.1145/2591708.2591715},
 acmid = {2591715},
 publisher = {ACM},
 address = {New York, NY, USA},
 keywords = {computer science education, self-regulation strategies},
}

@inproceedings{Armendariz:2014:OOC:2556325.2567849,
 author = {Armendariz, Daniel and MacHardy, Zachary and Garcia, Daniel D.},
 title = {OCTAL: Online Course Tool for Adaptive Learning},
 booktitle = {Proceedings of the First ACM Conference on Learning @ Scale Conference},
 series = {L@S '14},
 year = {2014},
 isbn = {978-1-4503-2669-8},
 location = {Atlanta, Georgia, USA},
 pages = {141--142},
 numpages = {2},
 url = {http://doi.acm.org/10.1145/2556325.2567849},
 doi = {10.1145/2556325.2567849},
 acmid = {2567849},
 publisher = {ACM},
 address = {New York, NY, USA},
 keywords = {adaptive assessment, concept map, non-linear courses, student modeling},
}

@inproceedings{Moreno:2014:DEC:2538862.2538888,
 author = {Moreno, Andr{\'e}s and Sutinen, Erkki and Joy, Mike},
 title = {Defining and Evaluating Conflictive Animations for Programming Education: The Case of Jeliot ConAn},
 booktitle = {Proceedings of the 45th ACM Technical Symposium on Computer Science Education},
 series = {SIGCSE '14},
 year = {2014},
 isbn = {978-1-4503-2605-6},
 location = {Atlanta, Georgia, USA},
 pages = {629--634},
 numpages = {6},
 url = {http://doi.acm.org/10.1145/2538862.2538888},
 doi = {10.1145/2538862.2538888},
 acmid = {2538888},
 publisher = {ACM},
 address = {New York, NY, USA},
 keywords = {animation, conflictive animation, constructivism, cs1, programming},
}

@inproceedings{Hu:2019:BMF:3303772.3303839,
 author = {Hu, Xiao and Li, Fanjie and Kong, Runzhi},
 title = {Can Background Music Facilitate Learning?: Preliminary Results on Reading Comprehension},
 booktitle = {Proceedings of the 9th International Conference on Learning Analytics \& Knowledge},
 series = {LAK19},
 year = {2019},
 isbn = {978-1-4503-6256-6},
 location = {Tempe, AZ, USA},
 pages = {101--105},
 numpages = {5},
 url = {http://doi.acm.org/10.1145/3303772.3303839},
 doi = {10.1145/3303772.3303839},
 acmid = {3303839},
 publisher = {ACM},
 address = {New York, NY, USA},
 keywords = {Background music, affect, learning performance, meta cognition, physiological signals, reading comprehension},
}

@inproceedings{Stylianou-Georgiou:2007:ACP:1599600.1599727,
 author = {Stylianou-Georgiou, Agni and Papanastasiou, Elena and Puntambekar, Sadhana},
 title = {Analyzing Collaborative Processes and Learning from Hypertext Through Hierarchical Linear Modeling},
 booktitle = {Proceedings of the 8th Iternational Conference on Computer Supported Collaborative Learning},
 series = {CSCL'07},
 year = {2007},
 isbn = {978-0-6151-5436-7},
 location = {New Brunswick, New Jersey, USA},
 pages = {686--694},
 numpages = {9},
 url = {http://dl.acm.org/citation.cfm?id=1599600.1599727},
 acmid = {1599727},
 publisher = {International Society of the Learning Sciences},
}

@inproceedings{Ke:2007:UCM:1599600.1599667,
 author = {Ke, Fengfeng},
 title = {Using Computer-based Math Games As an Anchor for Cooperative Learning},
 booktitle = {Proceedings of the 8th Iternational Conference on Computer Supported Collaborative Learning},
 series = {CSCL'07},
 year = {2007},
 isbn = {978-0-6151-5436-7},
 location = {New Brunswick, New Jersey, USA},
 pages = {357--359},
 numpages = {3},
 url = {http://dl.acm.org/citation.cfm?id=1599600.1599667},
 acmid = {1599667},
 publisher = {International Society of the Learning Sciences},
}

@inproceedings{Golliot:2018:SUI:3194658.3194687,
 author = {Golliot, Julie and Timsit, Mich\`{e}le and Herrera, Cathy and Fontugne, Elodie and Abellard, Alexandre and Durampart, Michel},
 title = {Specification, Use and Impact of the Persuasive Serious Game S'TIM in a Rehabilitation Process for Patients with Dysexecutive Syndrome},
 booktitle = {Proceedings of the 2018 International Conference on Digital Health},
 series = {DH '18},
 year = {2018},
 isbn = {978-1-4503-6493-5},
 location = {Lyon, France},
 pages = {150--151},
 numpages = {2},
 url = {http://doi.acm.org/10.1145/3194658.3194687},
 doi = {10.1145/3194658.3194687},
 acmid = {3194687},
 publisher = {ACM},
 address = {New York, NY, USA},
 keywords = {cognitive impact, dysexecutive syndrome, organisational change, rehabilitation, serious-game, tactile table},
}

@inproceedings{Ramachandran:2018:TAT:3171221.3171250,
 author = {Ramachandran, Aditi and Huang, Chien-Ming and Gartland, Edward and Scassellati, Brian},
 title = {Thinking Aloud with a Tutoring Robot to Enhance Learning},
 booktitle = {Proceedings of the 2018 ACM/IEEE International Conference on Human-Robot Interaction},
 series = {HRI '18},
 year = {2018},
 isbn = {978-1-4503-4953-6},
 location = {Chicago, IL, USA},
 pages = {59--68},
 numpages = {10},
 url = {http://doi.acm.org/10.1145/3171221.3171250},
 doi = {10.1145/3171221.3171250},
 acmid = {3171250},
 publisher = {ACM},
 address = {New York, NY, USA},
 keywords = {child-robot interaction, education, tutoring},
}

@inproceedings{Pardo:2016:ERS:2883851.2883883,
 author = {Pardo, Abelardo and Han, Feifei and Ellis, Robert A.},
 title = {Exploring the Relation Between Self-regulation, Online Activities, and Academic Performance: A Case Study},
 booktitle = {Proceedings of the Sixth International Conference on Learning Analytics \& Knowledge},
 series = {LAK '16},
 year = {2016},
 isbn = {978-1-4503-4190-5},
 location = {Edinburgh, United Kingdom},
 pages = {422--429},
 numpages = {8},
 url = {http://doi.acm.org/10.1145/2883851.2883883},
 doi = {10.1145/2883851.2883883},
 acmid = {2883883},
 publisher = {ACM},
 address = {New York, NY, USA},
 keywords = {SEM, higher education, learning analytics, self-regulation},
}

@inproceedings{Pieschl:2008:ESC:1599871.1599898,
 author = {Pieschl, Stephanie and Bromme, Rainer and Porsch, Torsten and Stahl, Elmar},
 title = {Epistemological Sensitisation Causes Deeper Elaboration During Self-regulated Learning},
 booktitle = {Proceedings of the 8th International Conference on International Conference for the Learning Sciences - Volume 2},
 series = {ICLS'08},
 year = {2008},
 location = {Utrecht, The Netherlands},
 pages = {213--220},
 numpages = {8},
 url = {http://dl.acm.org/citation.cfm?id=1599871.1599898},
 acmid = {1599898},
 publisher = {International Society of the Learning Sciences},
}

@inproceedings{Gogoulou:2009:SAC:1600053.1600142,
 author = {Gogoulou, Agoritsa and Gouli, Evangelia and Tsakostas, Christos and Grigoriadou, Maria},
 title = {Self-regulation in ACT: A Case Study in Peer-assessment Activities},
 booktitle = {Proceedings of the 9th International Conference on Computer Supported Collaborative Learning - Volume 1},
 series = {CSCL'09},
 year = {2009},
 isbn = {978-1-4092-8598-4},
 location = {Rhodes, Greece},
 pages = {621--625},
 numpages = {5},
 url = {http://dl.acm.org/citation.cfm?id=1600053.1600142},
 acmid = {1600142},
 publisher = {International Society of the Learning Sciences},
}

@inproceedings{Segedy:2013:MAL:2460296.2460336,
 author = {Segedy, James R. and Loretz, Kirk M. and Biswas, Gautam},
 title = {Model-driven Assessment of Learners in Open-ended Learning Environments},
 booktitle = {Proceedings of the Third International Conference on Learning Analytics and Knowledge},
 series = {LAK '13},
 year = {2013},
 isbn = {978-1-4503-1785-6},
 location = {Leuven, Belgium},
 pages = {200--204},
 numpages = {5},
 url = {http://doi.acm.org/10.1145/2460296.2460336},
 doi = {10.1145/2460296.2460336},
 acmid = {2460336},
 publisher = {ACM},
 address = {New York, NY, USA},
 keywords = {adaptive scaffolding, model-driven assessment, open-ended learning environment, performance metrics},
}

@inproceedings{Butler:2017:PPI:3017680.3017765,
 author = {Butler, Zack and Bezakova, Ivona and Fluet, Kimberly},
 title = {Pencil Puzzles for Introductory Computer Science: An Experience- and Gender-Neutral Context},
 booktitle = {Proceedings of the 2017 ACM SIGCSE Technical Symposium on Computer Science Education},
 series = {SIGCSE '17},
 year = {2017},
 isbn = {978-1-4503-4698-6},
 location = {Seattle, Washington, USA},
 pages = {93--98},
 numpages = {6},
 url = {http://doi.acm.org/10.1145/3017680.3017765},
 doi = {10.1145/3017680.3017765},
 acmid = {3017765},
 publisher = {ACM},
 address = {New York, NY, USA},
 keywords = {computational thinking, introductory cs concepts, learning in context, pencil puzzles},
}

@inproceedings{Holstein:2018:CDC:3170358.3170377,
 author = {Holstein, Kenneth and Hong, Gena and Tegene, Mera and McLaren, Bruce M. and Aleven, Vincent},
 title = {The Classroom As a Dashboard: Co-designing Wearable Cognitive Augmentation for K-12 Teachers},
 booktitle = {Proceedings of the 8th International Conference on Learning Analytics and Knowledge},
 series = {LAK '18},
 year = {2018},
 isbn = {978-1-4503-6400-3},
 location = {Sydney, New South Wales, Australia},
 pages = {79--88},
 numpages = {10},
 url = {http://doi.acm.org/10.1145/3170358.3170377},
 doi = {10.1145/3170358.3170377},
 acmid = {3170377},
 publisher = {ACM},
 address = {New York, NY, USA},
 keywords = {K-12, awareness, co-design, mixed-reality, orchestration, personalized classrooms, prototyping, real-time analytics},
}

@article{Richard:2019:DPF:3308443.3243138,
 author = {Richard, Gabriela T. and Giri, Sagun},
 title = {Digital and Physical Fabrication As Multimodal Learning: Understanding Youth Computational Thinking When Making Integrated Systems Through Bidirectionally Responsive Design},
 journal = {ACM Trans. Comput. Educ.},
 issue_date = {June 2019},
 volume = {19},
 number = {3},
 month = jan,
 year = {2019},
 issn = {1946-6226},
 pages = {17:1--17:35},
 articleno = {17},
 numpages = {35},
 url = {http://doi.acm.org/10.1145/3243138},
 doi = {10.1145/3243138},
 acmid = {3243138},
 publisher = {ACM},
 address = {New York, NY, USA},
 keywords = {Education/learning, collaboration, content analysis, creativity support, design research methods, embodied interaction, fashion/clothing, games/play, interview, participatory design, schools/educational setting, sensors, tangible, teens, wearable computers},
}

@inproceedings{Opfermann:2008:SUM:1599936.1600031,
 author = {Opfermann, Maria and Van Der Meij, Jan and Ainsworth, Shaaron and Seufert, Tina and Vogel, Markus and Br\"{u}nken, Roland and Plass, Jan L. and Homer, Bruce and Wang, Yan and Kim, Minchi and Milne, Catherine and Jordan, Trace and Gerjets, Peter and Scheiter, Katharina and De Jong, Ton},
 title = {Supporting the Use of Multiple Representations in Multimedia Learning Environments},
 booktitle = {Proceedings of the 8th International Conference on International Conference for the Learning Sciences - Volume 3},
 series = {ICLS'08},
 year = {2008},
 location = {Utrecht, The Netherlands},
 pages = {298--305},
 numpages = {8},
 url = {http://dl.acm.org/citation.cfm?id=1599936.1600031},
 acmid = {1600031},
 publisher = {International Society of the Learning Sciences},
}

@inproceedings{Romero:2009:ECA:1600053.1600145,
 author = {Romero, Margarida and Tricot, Andr{\'e} and Marin{\'e}, Claudette},
 title = {Effects of a Context Awareness Tool on Students' Cognition of Their Team-mates Learning Time in a Distance Learning Project Activity},
 booktitle = {Proceedings of the 9th International Conference on Computer Supported Collaborative Learning - Volume 1},
 series = {CSCL'09},
 year = {2009},
 isbn = {978-1-4092-8598-4},
 location = {Rhodes, Greece},
 pages = {641--645},
 numpages = {5},
 url = {http://dl.acm.org/citation.cfm?id=1600053.1600145},
 acmid = {1600145},
 publisher = {International Society of the Learning Sciences},
}

@inproceedings{Schellens:2008:SEK:1599936.1600049,
 author = {Schellens, Tammy and Van Keer, Hilde and De Wever, Bram and Valcke, Martin},
 title = {Student Elaborations and Knowledge Construction in Asynchronous Discussion Groups in Secondary Education},
 booktitle = {Proceedings of the 8th International Conference on International Conference for the Learning Sciences - Volume 3},
 series = {ICLS'08},
 year = {2008},
 location = {Utrecht, The Netherlands},
 pages = {413--415},
 numpages = {3},
 url = {http://dl.acm.org/citation.cfm?id=1599936.1600049},
 acmid = {1600049},
 publisher = {International Society of the Learning Sciences},
}

@inproceedings{Baumer:2007:CME:1599600.1599760,
 author = {Baumer, Eric},
 title = {Computational Metaphor Extraction to Encourage Critical Reflection and Support Epistemological Pluralism},
 booktitle = {Proceedings of the 8th Iternational Conference on Computer Supported Collaborative Learning},
 series = {CSCL'07},
 year = {2007},
 isbn = {978-0-6151-5436-7},
 location = {New Brunswick, New Jersey, USA},
 pages = {836--838},
 numpages = {3},
 url = {http://dl.acm.org/citation.cfm?id=1599600.1599760},
 acmid = {1599760},
 publisher = {International Society of the Learning Sciences},
}

@article{Bhavnani:2008:SIL:1352782.1352784,
 author = {Bhavnani, Suresh K. and Peck, Frederick A. and Reif, Frederick},
 title = {Strategy-Based Instruction: Lessons Learned in Teaching the Effective and Efficient Use of Computer Applications},
 journal = {ACM Trans. Comput.-Hum. Interact.},
 issue_date = {May 2008},
 volume = {15},
 number = {1},
 month = may,
 year = {2008},
 issn = {1073-0516},
 pages = {2:1--2:43},
 articleno = {2},
 numpages = {43},
 url = {http://doi.acm.org/10.1145/1352782.1352784},
 doi = {10.1145/1352782.1352784},
 acmid = {1352784},
 publisher = {ACM},
 address = {New York, NY, USA},
 keywords = {Strategies, strategy-based instruction, teaching, training},
}

@inproceedings{Kildare:2006:OTL:1151869.1151883,
 author = {Kildare, Robert and Williams, R. N. and Hartnett, Jacky},
 title = {An Online Tool for Learning Collaboration and Learning While Collaborating},
 booktitle = {Proceedings of the 8th Australasian Conference on Computing Education - Volume 52},
 series = {ACE '06},
 year = {2006},
 isbn = {1-920682-34-1},
 location = {Hobart, Australia},
 pages = {101--108},
 numpages = {8},
 url = {http://dl.acm.org/citation.cfm?id=1151869.1151883},
 acmid = {1151883},
 publisher = {Australian Computer Society, Inc.},
 address = {Darlinghurst, Australia, Australia},
 keywords = {collaborative learning, complex systems, conflict, data mining, expert systems, knowledge creation, trust, virtual teams},
}

@inproceedings{Bratitsis:2009:SEI:1600053.1600139,
 author = {Bratitsis, Tharrenos and Dimitracopoulou, Angelique},
 title = {Studying the Effect of Interaction Analysis Indicators on Students' Selfregulation During Asynchronous Discussion Learning Activities},
 booktitle = {Proceedings of the 9th International Conference on Computer Supported Collaborative Learning - Volume 1},
 series = {CSCL'09},
 year = {2009},
 isbn = {978-1-4092-8598-4},
 location = {Rhodes, Greece},
 pages = {601--605},
 numpages = {5},
 url = {http://dl.acm.org/citation.cfm?id=1600053.1600139},
 acmid = {1600139},
 publisher = {International Society of the Learning Sciences},
}

