@inproceedings{Padmos:2018:AM:3285002.3285004,
 author = {Padmos, Arne},
 title = {Against Mindset},
 booktitle = {Proceedings of the New Security Paradigms Workshop},
 series = {NSPW '18},
 year = {2018},
 isbn = {978-1-4503-6597-0},
 location = {Windsor, United Kingdom},
 pages = {12--27},
 numpages = {16},
 url = {http://doi.acm.org/10.1145/3285002.3285004},
 doi = {10.1145/3285002.3285004},
 acmid = {3285004},
 publisher = {ACM},
 address = {New York, NY, USA},
 keywords = {Security mindset, alignment, attitudes, curriculum design},
}

@inproceedings{Kaijanaho:2018:FVG:3230977.3230982,
 author = {Kaijanaho, Antti-Juhani and Tirronen, Ville},
 title = {Fixed Versus Growth Mindset Does Not Seem to Matter Much: A Prospective Observational Study in Two Late Bachelor Level Computer Science Courses},
 booktitle = {Proceedings of the 2018 ACM Conference on International Computing Education Research},
 series = {ICER '18},
 year = {2018},
 isbn = {978-1-4503-5628-2},
 location = {Espoo, Finland},
 pages = {11--20},
 numpages = {10},
 url = {http://doi.acm.org/10.1145/3230977.3230982},
 doi = {10.1145/3230977.3230982},
 acmid = {3230982},
 publisher = {ACM},
 address = {New York, NY, USA},
 keywords = {entity theory, fixed mindset, growth mindset, implicit theories, incremental theory, mindsets, psychology},
}

@article{Isbell:2010:DCC:1709424.1709462,
 author = {Isbell, Charles L. and Stein, Lynn Andrea and Cutler, Robb and Forbes, Jeffrey and Fraser, Linda and Impagliazzo, John and Proulx, Viera and Russ, Steve and Thomas, Richard and Xu, Yan},
 title = {(Re)Defining Computing Curricula by (Re)Defining Computing},
 journal = {SIGCSE Bull.},
 issue_date = {December 2009},
 volume = {41},
 number = {4},
 month = jan,
 year = {2010},
 issn = {0097-8418},
 pages = {195--207},
 numpages = {13},
 url = {http://doi.acm.org/10.1145/1709424.1709462},
 doi = {10.1145/1709424.1709462},
 acmid = {1709462},
 publisher = {ACM},
 address = {New York, NY, USA},
 keywords = {computational thinking, computationalist mindset, computing},
}

@article{Hanks:2009:CSS:1539024.1508875,
 author = {Hanks, Brian and Murphy, Laurie and Simon, Beth and McCauley, Ren{\'e}e and Zander, Carol},
 title = {CS1 Students Speak: Advice for Students by Students},
 journal = {SIGCSE Bull.},
 issue_date = {March 2009},
 volume = {41},
 number = {1},
 month = mar,
 year = {2009},
 issn = {0097-8418},
 pages = {19--23},
 numpages = {5},
 url = {http://doi.acm.org/10.1145/1539024.1508875},
 doi = {10.1145/1539024.1508875},
 acmid = {1508875},
 publisher = {ACM},
 address = {New York, NY, USA},
 keywords = {advice, attitudes, mindsets, self-theories, success factors},
}

@inproceedings{Hanks:2009:CSS:1508865.1508875,
 author = {Hanks, Brian and Murphy, Laurie and Simon, Beth and McCauley, Ren{\'e}e and Zander, Carol},
 title = {CS1 Students Speak: Advice for Students by Students},
 booktitle = {Proceedings of the 40th ACM Technical Symposium on Computer Science Education},
 series = {SIGCSE '09},
 year = {2009},
 isbn = {978-1-60558-183-5},
 location = {Chattanooga, TN, USA},
 pages = {19--23},
 numpages = {5},
 url = {http://doi.acm.org/10.1145/1508865.1508875},
 doi = {10.1145/1508865.1508875},
 acmid = {1508875},
 publisher = {ACM},
 address = {New York, NY, USA},
 keywords = {advice, attitudes, mindsets, self-theories, success factors},
}

@inproceedings{Lodi:2019:SCA:3304221.3319750,
 author = {Lodi, Michael},
 title = {Does Studying CS Automatically Foster a Growth Mindset?},
 booktitle = {Proceedings of the 2019 ACM Conference on Innovation and Technology in Computer Science Education},
 series = {ITiCSE '19},
 year = {2019},
 isbn = {978-1-4503-6301-3},
 location = {Aberdeen, Scotland Uk},
 pages = {147--153},
 numpages = {7},
 url = {http://doi.acm.org/10.1145/3304221.3319750},
 doi = {10.1145/3304221.3319750},
 acmid = {3319750},
 publisher = {ACM},
 address = {New York, NY, USA},
 keywords = {computer science mindset, growth mindset, high school, transfer},
}

@inproceedings{DeLyser:2014:SES:2670757.2670788,
 author = {DeLyser, Leigh Ann},
 title = {Software Engineering Students in the City},
 booktitle = {Proceedings of the 9th Workshop in Primary and Secondary Computing Education},
 series = {WiPSCE '14},
 year = {2014},
 isbn = {978-1-4503-3250-7},
 location = {Berlin, Germany},
 pages = {37--42},
 numpages = {6},
 url = {http://doi.acm.org/10.1145/2670757.2670788},
 doi = {10.1145/2670757.2670788},
 acmid = {2670788},
 publisher = {ACM},
 address = {New York, NY, USA},
 keywords = {K12 computer science, attitudes, growth mindset, software engineering education},
}

@inproceedings{O'Rourke:2016:BPD:2876034.2876040,
 author = {O'Rourke, Eleanor and Peach, Erin and Dweck, Carol S. and Popovic, Zoran},
 title = {Brain Points: A Deeper Look at a Growth Mindset Incentive Structure for an Educational Game},
 booktitle = {Proceedings of the Third (2016) ACM Conference on Learning @ Scale},
 series = {L@S '16},
 year = {2016},
 isbn = {978-1-4503-3726-7},
 location = {Edinburgh, Scotland, UK},
 pages = {41--50},
 numpages = {10},
 url = {http://doi.acm.org/10.1145/2876034.2876040},
 doi = {10.1145/2876034.2876040},
 acmid = {2876040},
 publisher = {ACM},
 address = {New York, NY, USA},
 keywords = {educational games, growth mindset, incentive structures.},
}

@inproceedings{Edwards:2016:TPI:2999541.2999561,
 author = {Edwards, Stephen and Li, Zhiyi},
 title = {Towards Progress Indicators for Measuring Student Programming Effort During Solution Development},
 booktitle = {Proceedings of the 16th Koli Calling International Conference on Computing Education Research},
 series = {Koli Calling '16},
 year = {2016},
 isbn = {978-1-4503-4770-9},
 location = {Koli, Finland},
 pages = {31--40},
 numpages = {10},
 url = {http://doi.acm.org/10.1145/2999541.2999561},
 doi = {10.1145/2999541.2999561},
 acmid = {2999561},
 publisher = {ACM},
 address = {New York, NY, USA},
 keywords = {automated grading, effort, feedback, fixed mindset, growth mindset, indicators, metrics, persistence, progress},
}

@inproceedings{Lodi:2017:GMC:3105726.3105736,
 author = {Lodi, Michael},
 title = {Growth Mindset in Computational Thinking Teaching and Teacher Training},
 booktitle = {Proceedings of the 2017 ACM Conference on International Computing Education Research},
 series = {ICER '17},
 year = {2017},
 isbn = {978-1-4503-4968-0},
 location = {Tacoma, Washington, USA},
 pages = {281--282},
 numpages = {2},
 url = {http://doi.acm.org/10.1145/3105726.3105736},
 doi = {10.1145/3105726.3105736},
 acmid = {3105736},
 publisher = {ACM},
 address = {New York, NY, USA},
 keywords = {computational thinking, growth mindset, teacher training},
}

@inproceedings{Pournaghshband:2013:TSM:2445196.2445299,
 author = {Pournaghshband, Vahab},
 title = {Teaching the Security Mindset to CS1 Students},
 booktitle = {Proceeding of the 44th ACM Technical Symposium on Computer Science Education},
 series = {SIGCSE '13},
 year = {2013},
 isbn = {978-1-4503-1868-6},
 location = {Denver, Colorado, USA},
 pages = {347--352},
 numpages = {6},
 url = {http://doi.acm.org/10.1145/2445196.2445299},
 doi = {10.1145/2445196.2445299},
 acmid = {2445299},
 publisher = {ACM},
 address = {New York, NY, USA},
}

@inproceedings{Hooshangi:2015:SMM:2676723.2677268,
 author = {Hooshangi, Sara and Weiss, Richard and Cappos, Justin},
 title = {Can the Security Mindset Make Students Better Testers?},
 booktitle = {Proceedings of the 46th ACM Technical Symposium on Computer Science Education},
 series = {SIGCSE '15},
 year = {2015},
 isbn = {978-1-4503-2966-8},
 location = {Kansas City, Missouri, USA},
 pages = {404--409},
 numpages = {6},
 url = {http://doi.acm.org/10.1145/2676723.2677268},
 doi = {10.1145/2676723.2677268},
 acmid = {2677268},
 publisher = {ACM},
 address = {New York, NY, USA},
 keywords = {access control, python, security, testing},
}

@inproceedings{Li:2018:IFM:3159450.3162329,
 author = {Li, Zhiyi},
 title = {Improve Feedback Mechanism in Programming Assessment Systems with Progress Indicators and Reward to Foster Students' Growth Mindset: (Abstract Only)},
 booktitle = {Proceedings of the 49th ACM Technical Symposium on Computer Science Education},
 series = {SIGCSE '18},
 year = {2018},
 isbn = {978-1-4503-5103-4},
 location = {Baltimore, Maryland, USA},
 pages = {276--276},
 numpages = {1},
 url = {http://doi.acm.org/10.1145/3159450.3162329},
 doi = {10.1145/3159450.3162329},
 acmid = {3162329},
 publisher = {ACM},
 address = {New York, NY, USA},
 keywords = {automatic grading, effort, feedback, fixed mindset, growth mindset, indicator, r-pfa model, reward},
}

@inproceedings{Roy:2018:PGM:3206129.3239432,
 author = {Roy, Debopriyo},
 title = {Promoting Globalization with Multimedia-based Blended Learning Content in an English Language Classroom in Japan},
 booktitle = {Proceedings of the 2Nd International Conference on Education and Multimedia Technology},
 series = {ICEMT 2018},
 year = {2018},
 isbn = {978-1-4503-6525-3},
 location = {Okinawa, Japan},
 pages = {20--28},
 numpages = {9},
 url = {http://doi.acm.org/10.1145/3206129.3239432},
 doi = {10.1145/3206129.3239432},
 acmid = {3239432},
 publisher = {ACM},
 address = {New York, NY, USA},
 keywords = {Business Writing, Corporate Mindset, Entrepreneurship, Globalization, Internationalization, Silicon Valley, and Language},
}

@inproceedings{Cutts:2010:MMP:1734263.1734409,
 author = {Cutts, Quintin and Cutts, Emily and Draper, Stephen and O'Donnell, Patrick and Saffrey, Peter},
 title = {Manipulating Mindset to Positively Influence Introductory Programming Performance},
 booktitle = {Proceedings of the 41st ACM Technical Symposium on Computer Science Education},
 series = {SIGCSE '10},
 year = {2010},
 isbn = {978-1-4503-0006-3},
 location = {Milwaukee, Wisconsin, USA},
 pages = {431--435},
 numpages = {5},
 url = {http://doi.acm.org/10.1145/1734263.1734409},
 doi = {10.1145/1734263.1734409},
 acmid = {1734409},
 publisher = {ACM},
 address = {New York, NY, USA},
 keywords = {attitudinal, cs0, cs1, debugging, dweck, growth mindset, novice programmers, programming, self-theories},
}

@inproceedings{Stanchev:2018:BIE:3274005.3274007,
 author = {Stanchev, Peter},
 title = {Building the Innovative and Entrepreneurial University},
 booktitle = {Proceedings of the 19th International Conference on Computer Systems and Technologies},
 series = {CompSysTech'18},
 year = {2018},
 isbn = {978-1-4503-6425-6},
 location = {Ruse, Bulgaria},
 pages = {2--5},
 numpages = {4},
 url = {http://doi.acm.org/10.1145/3274005.3274007},
 doi = {10.1145/3274005.3274007},
 acmid = {3274007},
 publisher = {ACM},
 address = {New York, NY, USA},
 keywords = {DECA, Education, Entrepreneurial Mindset, Entrepreneurial Understanding, Entrepreneurship, KEEN, Kettering University, Project-Based Learning, Teaching Techniques, Team-Based Learning},
}

@inproceedings{Lovell:2014:PCM:2632320.2632331,
 author = {Lovell, Emily},
 title = {Promoting Constructive Mindsets for Overcoming Failure in Computer Science Education},
 booktitle = {Proceedings of the Tenth Annual Conference on International Computing Education Research},
 series = {ICER '14},
 year = {2014},
 isbn = {978-1-4503-2755-8},
 location = {Glasgow, Scotland, United Kingdom},
 pages = {159--160},
 numpages = {2},
 url = {http://doi.acm.org/10.1145/2632320.2632331},
 doi = {10.1145/2632320.2632331},
 acmid = {2632331},
 publisher = {ACM},
 address = {New York, NY, USA},
 keywords = {computer science education, cs0, cs1, failure, growth mindset, self-theories, tinkering},
}

@inproceedings{McCartney:2017:FPG:3017680.3017746,
 author = {McCartney, Robert and Boustedt, Jonas and Eckerdal, Anna and Sanders, Kate and Zander, Carol},
 title = {Folk Pedagogy and the Geek Gene: Geekiness Quotient},
 booktitle = {Proceedings of the 2017 ACM SIGCSE Technical Symposium on Computer Science Education},
 series = {SIGCSE '17},
 year = {2017},
 isbn = {978-1-4503-4698-6},
 location = {Seattle, Washington, USA},
 pages = {405--410},
 numpages = {6},
 url = {http://doi.acm.org/10.1145/3017680.3017746},
 doi = {10.1145/3017680.3017746},
 acmid = {3017746},
 publisher = {ACM},
 address = {New York, NY, USA},
 keywords = {fixed or growth mindset, folk pedagogy, geek gene, innate ability},
}

@inproceedings{Simon:2008:SIN:1404520.1404537,
 author = {Simon, Beth and Hanks, Brian and Murphy, Laurie and Fitzgerald, Sue and McCauley, Ren{\'e}e and Thomas, Lynda and Zander, Carol},
 title = {Saying Isn'T Necessarily Believing: Influencing Self-theories in Computing},
 booktitle = {Proceedings of the Fourth International Workshop on Computing Education Research},
 series = {ICER '08},
 year = {2008},
 isbn = {978-1-60558-216-0},
 location = {Sydney, Australia},
 pages = {173--184},
 numpages = {12},
 url = {http://doi.acm.org/10.1145/1404520.1404537},
 doi = {10.1145/1404520.1404537},
 acmid = {1404537},
 publisher = {ACM},
 address = {New York, NY, USA},
 keywords = {attitudinal, cs0, cs1, debugging, dweck, growth mindset, likert, novice programmers, programming, self-theories},
}

@inproceedings{Park:2017:GGM:2909824.3020213,
 author = {Park, Hae Won and Rosenberg-Kima, Rinat and Rosenberg, Maor and Gordon, Goren and Breazeal, Cynthia},
 title = {Growing Growth Mindset with a Social Robot Peer},
 booktitle = {Proceedings of the 2017 ACM/IEEE International Conference on Human-Robot Interaction},
 series = {HRI '17},
 year = {2017},
 isbn = {978-1-4503-4336-7},
 location = {Vienna, Austria},
 pages = {137--145},
 numpages = {9},
 url = {http://doi.acm.org/10.1145/2909824.3020213},
 doi = {10.1145/2909824.3020213},
 acmid = {3020213},
 publisher = {ACM},
 address = {New York, NY, USA},
 keywords = {child-robot interaction, cognitive architecture, early childhood education, grit, mindset, perseverance, social robots},
}

@inproceedings{Sabiescu:2013:CMA:2517899.2517927,
 author = {Sabiescu, Amalia and van Zyl, Izak and Pucciarelli, Marta and Cantoni, Lorenzo and Bytheway, Andy and Chigona, Wallace and Tardini, Stefano},
 title = {Changing Mindsets: The Attitude of Pre-service Teachers on Technology for Teaching},
 booktitle = {Proceedings of the Sixth International Conference on Information and Communications Technologies and Development: Notes - Volume 2},
 series = {ICTD '13},
 year = {2013},
 isbn = {978-1-4503-1907-2},
 location = {Cape Town, South Africa},
 pages = {136--139},
 numpages = {4},
 url = {http://doi.acm.org/10.1145/2517899.2517927},
 doi = {10.1145/2517899.2517927},
 acmid = {2517927},
 publisher = {ACM},
 address = {New York, NY, USA},
 keywords = {attitude toward technology, pre-service teacher education, technology imperative, technology in education},
}

@inproceedings{McGregor:2019:GCE:3304221.3325593,
 author = {McGregor, L{\'e}on},
 title = {Gamification and Collaboration to Evaluate and Improve the Security Mindset of Developers},
 booktitle = {Proceedings of the 2019 ACM Conference on Innovation and Technology in Computer Science Education},
 series = {ITiCSE '19},
 year = {2019},
 isbn = {978-1-4503-6301-3},
 location = {Aberdeen, Scotland Uk},
 pages = {342--343},
 numpages = {2},
 url = {http://doi.acm.org/10.1145/3304221.3325593},
 doi = {10.1145/3304221.3325593},
 acmid = {3325593},
 publisher = {ACM},
 address = {New York, NY, USA},
 keywords = {developer centred security, gamification, secure programming, serious games, usable security},
}

@inproceedings{Amaxilatis:2015:GMU:2801948.2801974,
 author = {Amaxilatis, Dimitrios and Chatzigiannakis, Ioannis and Mylonas, Georgios and Pocero, Lidia and Zarras, Dimitrios and Koskeris, Andreas},
 title = {Green Mindset: Using IoT to Promote Energy Efficiency and Sustainability in Greek Public Schools},
 booktitle = {Proceedings of the 19th Panhellenic Conference on Informatics},
 series = {PCI '15},
 year = {2015},
 isbn = {978-1-4503-3551-5},
 location = {Athens, Greece},
 pages = {297--302},
 numpages = {6},
 url = {http://doi.acm.org/10.1145/2801948.2801974},
 doi = {10.1145/2801948.2801974},
 acmid = {2801974},
 publisher = {ACM},
 address = {New York, NY, USA},
 keywords = {IoT, deployment, education, sensor network, sustainability},
}

@inproceedings{Benzie:2003:GAM:1082060.1082080,
 author = {Benzie, D. and Marshall, G. and Bedford, G.},
 title = {The Gifts of Athena: Mindsets, Metaphors and Methods for 21st Century Learning},
 booktitle = {Proceedings of the International Federation for Information Processing Working Group 3.5 Open Conference on Young Children and Learning Technologies - Volume 34},
 series = {CRPIT '03},
 year = {2003},
 isbn = {1-920682-16-3},
 location = {Sydney, Australia},
 pages = {121--121},
 numpages = {1},
 url = {http://dl.acm.org/citation.cfm?id=1082060.1082080},
 acmid = {1082080},
 publisher = {Australian Computer Society, Inc.},
 address = {Darlinghurst, Australia, Australia},
}

@inproceedings{Berehil:2017:GSM:3090354.3090449,
 author = {Berehil, M. and Arrhioui, K. and Mbarki, S.},
 title = {Gamified Stress Management Calendar for Higher Education Students},
 booktitle = {Proceedings of the 2Nd International Conference on Big Data, Cloud and Applications},
 series = {BDCA'17},
 year = {2017},
 isbn = {978-1-4503-4852-2},
 location = {Tetouan, Morocco},
 pages = {93:1--93:6},
 articleno = {93},
 numpages = {6},
 url = {http://doi.acm.org/10.1145/3090354.3090449},
 doi = {10.1145/3090354.3090449},
 acmid = {3090449},
 publisher = {ACM},
 address = {New York, NY, USA},
 keywords = {Gamified calendar, Good stress bad stress, Mindset theory, Problem-focused coping, Social support},
}

@inproceedings{Chu:2017:PMO:3141798.3141803,
 author = {Chu, Sharon Lynn and Quek, Francis and Bhangaonkar, Sourabh and Berman, Alexander},
 title = {Physical Making Online: A Study of Children's Maker Websites},
 booktitle = {Proceedings of the 7th Annual Conference on Creativity and Fabrication in Education},
 series = {FabLearn '17},
 year = {2017},
 isbn = {978-1-4503-6349-5},
 location = {Stanford, CA, USA},
 pages = {4:1--4:8},
 articleno = {4},
 numpages = {8},
 url = {http://doi.acm.org/10.1145/3141798.3141803},
 doi = {10.1145/3141798.3141803},
 acmid = {3141803},
 publisher = {ACM},
 address = {New York, NY, USA},
 keywords = {Children, Content analysis, Design, Maker, Making, Mindset, Online community, Self-identity, Websites},
}

@inproceedings{Kohno:2011:SFP:1953163.1953173,
 author = {Kohno, Tadayoshi and Johnson, Brian D.},
 title = {Science Fiction Prototyping and Security Education: Cultivating Contextual and Societal Thinking in Computer Security Education and Beyond},
 booktitle = {Proceedings of the 42Nd ACM Technical Symposium on Computer Science Education},
 series = {SIGCSE '11},
 year = {2011},
 isbn = {978-1-4503-0500-6},
 location = {Dallas, TX, USA},
 pages = {9--14},
 numpages = {6},
 url = {http://doi.acm.org/10.1145/1953163.1953173},
 doi = {10.1145/1953163.1953173},
 acmid = {1953173},
 publisher = {ACM},
 address = {New York, NY, USA},
 keywords = {computer science, computer security, prototyping, science fiction, science fiction prototyping, security mindset},
}

@inproceedings{Kizilcec:2015:AAG:2724660.2724680,
 author = {Kizilcec, Ren{\'e} F. and Halawa, Sherif},
 title = {Attrition and Achievement Gaps in Online Learning},
 booktitle = {Proceedings of the Second (2015) ACM Conference on Learning @ Scale},
 series = {L@S '15},
 year = {2015},
 isbn = {978-1-4503-3411-2},
 location = {Vancouver, BC, Canada},
 pages = {57--66},
 numpages = {10},
 url = {http://doi.acm.org/10.1145/2724660.2724680},
 doi = {10.1145/2724660.2724680},
 acmid = {2724680},
 publisher = {ACM},
 address = {New York, NY, USA},
 keywords = {dropout, goal striving, growth mindset, individual differences, massive open online course, mooc, online education, persistence, self-regulation, social belonging, volition},
}

@inproceedings{Tahaei:2019:IDK:3304221.3325592,
 author = {Tahaei, Mohammad},
 title = {"I Don'T Know Too Much About It": On the Security Mindsets of Future Software Creators},
 booktitle = {Proceedings of the 2019 ACM Conference on Innovation and Technology in Computer Science Education},
 series = {ITiCSE '19},
 year = {2019},
 isbn = {978-1-4503-6301-3},
 location = {Aberdeen, Scotland Uk},
 pages = {350--350},
 numpages = {1},
 url = {http://doi.acm.org/10.1145/3304221.3325592},
 doi = {10.1145/3304221.3325592},
 acmid = {3325592},
 publisher = {ACM},
 address = {New York, NY, USA},
 keywords = {computer science students, education, secure programming, security apis, software developers, software development, usable security and privacy},
}

@article{Guzdial:1995:CMS:199691.199772,
 author = {Guzdial, Mark},
 title = {Centralized Mindset: A Student Problem with Object-oriented Programming},
 journal = {SIGCSE Bull.},
 issue_date = {March 1995},
 volume = {27},
 number = {1},
 month = mar,
 year = {1995},
 issn = {0097-8418},
 pages = {182--185},
 numpages = {4},
 url = {http://doi.acm.org/10.1145/199691.199772},
 doi = {10.1145/199691.199772},
 acmid = {199772},
 publisher = {ACM},
 address = {New York, NY, USA},
}

@inproceedings{Guzdial:1995:CMS:199688.199772,
 author = {Guzdial, Mark},
 title = {Centralized Mindset: A Student Problem with Object-oriented Programming},
 booktitle = {Proceedings of the Twenty-sixth SIGCSE Technical Symposium on Computer Science Education},
 series = {SIGCSE '95},
 year = {1995},
 isbn = {0-89791-693-X},
 location = {Nashville, Tennessee, USA},
 pages = {182--185},
 numpages = {4},
 url = {http://doi.acm.org/10.1145/199688.199772},
 doi = {10.1145/199688.199772},
 acmid = {199772},
 publisher = {ACM},
 address = {New York, NY, USA},
}

@inproceedings{Hutt:2018:PPC:3170358.3170395,
 author = {Hutt, Stephen and Gardener, Margo and Kamentz, Donald and Duckworth, Angela L. and D'Mello, Sidney K.},
 title = {Prospectively Predicting 4-year College Graduation from Student Applications},
 booktitle = {Proceedings of the 8th International Conference on Learning Analytics and Knowledge},
 series = {LAK '18},
 year = {2018},
 isbn = {978-1-4503-6400-3},
 location = {Sydney, New South Wales, Australia},
 pages = {280--289},
 numpages = {10},
 url = {http://doi.acm.org/10.1145/3170358.3170395},
 doi = {10.1145/3170358.3170395},
 acmid = {3170395},
 publisher = {ACM},
 address = {New York, NY, USA},
 keywords = {college applications, college success, common app, national student clearinghouse, noncognitive factors},
}

@inproceedings{Murphy:2008:DFM:1384271.1384344,
 author = {Murphy, Laurie and Thomas, Lynda},
 title = {Dangers of a Fixed Mindset: Implications of Self-theories Research for Computer Science Education},
 booktitle = {Proceedings of the 13th Annual Conference on Innovation and Technology in Computer Science Education},
 series = {ITiCSE '08},
 year = {2008},
 isbn = {978-1-60558-078-4},
 location = {Madrid, Spain},
 pages = {271--275},
 numpages = {5},
 url = {http://doi.acm.org/10.1145/1384271.1384344},
 doi = {10.1145/1384271.1384344},
 acmid = {1384344},
 publisher = {ACM},
 address = {New York, NY, USA},
 keywords = {cs ed research, cs1, self-theories, theories of intelligence},
}

@article{Murphy:2008:DFM:1597849.1384344,
 author = {Murphy, Laurie and Thomas, Lynda},
 title = {Dangers of a Fixed Mindset: Implications of Self-theories Research for Computer Science Education},
 journal = {SIGCSE Bull.},
 issue_date = {September 2008},
 volume = {40},
 number = {3},
 month = jun,
 year = {2008},
 issn = {0097-8418},
 pages = {271--275},
 numpages = {5},
 url = {http://doi.acm.org/10.1145/1597849.1384344},
 doi = {10.1145/1597849.1384344},
 acmid = {1384344},
 publisher = {ACM},
 address = {New York, NY, USA},
 keywords = {cs ed research, cs1, self-theories, theories of intelligence},
}

@inproceedings{Scott:2013:PIP:2502081.2502209,
 author = {Scott, Michael James},
 title = {Projective Identity and Procedural Rhetoric in Educational Multimedia: Towards the Enrichment of Programming Self-concept and Growth Mindset with Fantasy Role-play},
 booktitle = {Proceedings of the 21st ACM International Conference on Multimedia},
 series = {MM '13},
 year = {2013},
 isbn = {978-1-4503-2404-5},
 location = {Barcelona, Spain},
 pages = {1031--1034},
 numpages = {4},
 url = {http://doi.acm.org/10.1145/2502081.2502209},
 doi = {10.1145/2502081.2502209},
 acmid = {2502209},
 publisher = {ACM},
 address = {New York, NY, USA},
 keywords = {education, fantasy, implicit beliefs, learning, mindset, multimedia, procedural rhetoric, programming, projective identity, role-play, self-concept, self-enhancement},
}

@inproceedings{Scott:2014:MEA:2632320.2632350,
 author = {Scott, Michael James and Ghinea, Gheorghita},
 title = {Measuring Enrichment: The Assembly and Validation of an Instrument to Assess Student Self-beliefs in CS1},
 booktitle = {Proceedings of the Tenth Annual Conference on International Computing Education Research},
 series = {ICER '14},
 year = {2014},
 isbn = {978-1-4503-2755-8},
 location = {Glasgow, Scotland, United Kingdom},
 pages = {123--130},
 numpages = {8},
 url = {http://doi.acm.org/10.1145/2632320.2632350},
 doi = {10.1145/2632320.2632350},
 acmid = {2632350},
 publisher = {ACM},
 address = {New York, NY, USA},
 keywords = {anxiety, cs1, interest, measurement, mindset, practice, programming, self-beliefs, self-concept, self-efficacy},
}

@inproceedings{Wang:2017:SPC:3105726.3106175,
 author = {Wang, Jennifer and Hejazi Moghadam, Sepehr and Tiffany-Morales, Juliet},
 title = {Social Perceptions in Computer Science and Implications for Diverse Students},
 booktitle = {Proceedings of the 2017 ACM Conference on International Computing Education Research},
 series = {ICER '17},
 year = {2017},
 isbn = {978-1-4503-4968-0},
 location = {Tacoma, Washington, USA},
 pages = {47--55},
 numpages = {9},
 url = {http://doi.acm.org/10.1145/3105726.3106175},
 doi = {10.1145/3105726.3106175},
 acmid = {3106175},
 publisher = {ACM},
 address = {New York, NY, USA},
 keywords = {ability, african american, black, confidence, encouragement, ethnicity, females, fit, gender, girls, high school, hispanic, identity, interest, k-12, latinx, media, middle school, mindset, parents, perceptions, pre-university, race, teachers, women},
}

@inproceedings{Apiola:2019:ISA:3304221.3319766,
 author = {Apiola, Mikko-Ville and Laakso, Mikko-Jussi},
 title = {The Impact of Self-Theories to Academic Achievement and Soft Skills in Undergraduate CS Studies: First Findings},
 booktitle = {Proceedings of the 2019 ACM Conference on Innovation and Technology in Computer Science Education},
 series = {ITiCSE '19},
 year = {2019},
 isbn = {978-1-4503-6301-3},
 location = {Aberdeen, Scotland Uk},
 pages = {16--22},
 numpages = {7},
 url = {http://doi.acm.org/10.1145/3304221.3319766},
 doi = {10.1145/3304221.3319766},
 acmid = {3319766},
 publisher = {ACM},
 address = {New York, NY, USA},
 keywords = {collaboration, computer science education, computing education, educational psychology, implicit theories, mindset, motivation, self-theories, social skills, soft skills, stem, technology education},
}

@inproceedings{Flanigan:2015:ECC:2787622.2787722,
 author = {Flanigan, Abraham E. and Peteranetz, Markeya S. and Shell, Duane F. and Soh, Leen-Kiat},
 title = {Exploring Changes in Computer Science Students' Implicit Theories of Intelligence Across the Semester},
 booktitle = {Proceedings of the Eleventh Annual International Conference on International Computing Education Research},
 series = {ICER '15},
 year = {2015},
 isbn = {978-1-4503-3630-7},
 location = {Omaha, Nebraska, USA},
 pages = {161--168},
 numpages = {8},
 url = {http://doi.acm.org/10.1145/2787622.2787722},
 doi = {10.1145/2787622.2787722},
 acmid = {2787722},
 publisher = {ACM},
 address = {New York, NY, USA},
 keywords = {cs1, implicit learning theories, profiling},
}

@inproceedings{Scott:2013:ITP:2462476.2462515,
 author = {Scott, Michael James and Ghinea, Gheorghita},
 title = {Implicit Theories of Programming Aptitude As a Barrier to Learning to Code: Are They Distinct from Intelligence?},
 booktitle = {Proceedings of the 18th ACM Conference on Innovation and Technology in Computer Science Education},
 series = {ITiCSE '13},
 year = {2013},
 isbn = {978-1-4503-2078-8},
 location = {Canterbury, England, UK},
 pages = {347--347},
 numpages = {1},
 url = {http://doi.acm.org/10.1145/2462476.2462515},
 doi = {10.1145/2462476.2462515},
 acmid = {2462515},
 publisher = {ACM},
 address = {New York, NY, USA},
 keywords = {aptitude, dweck, entity, implicit theories, incremental, intelligence, learning, programming, self-theories},
}

@inproceedings{Chu:2017:CFS:3141798.3141802,
 author = {Chu, Sharon Lynn and Quek, Francis and Deuermeyer, Elizabeth and Martin, Rachel},
 title = {From Classroom-Making to Functional-Making: A Study in the Development of Making Literacy},
 booktitle = {Proceedings of the 7th Annual Conference on Creativity and Fabrication in Education},
 series = {FabLearn '17},
 year = {2017},
 isbn = {978-1-4503-6349-5},
 location = {Stanford, CA, USA},
 pages = {3:1--3:8},
 articleno = {3},
 numpages = {8},
 url = {http://doi.acm.org/10.1145/3141798.3141802},
 doi = {10.1145/3141798.3141802},
 acmid = {3141802},
 publisher = {ACM},
 address = {New York, NY, USA},
 keywords = {Children, Electronics, Elementary school, Literacy, Maker, Making, Science},
}

@inproceedings{Seibel:2018:SMI:3159450.3162342,
 author = {Seibel, Sherry},
 title = {Social Motivators and Inhibitors for Women Entering Software Engineering Through Coding Bootcamps vs. Computer Science Bachelor's Degrees: (Abstract Only)},
 booktitle = {Proceedings of the 49th ACM Technical Symposium on Computer Science Education},
 series = {SIGCSE '18},
 year = {2018},
 isbn = {978-1-4503-5103-4},
 location = {Baltimore, Maryland, USA},
 pages = {274--274},
 numpages = {1},
 url = {http://doi.acm.org/10.1145/3159450.3162342},
 doi = {10.1145/3159450.3162342},
 acmid = {3162342},
 publisher = {ACM},
 address = {New York, NY, USA},
 keywords = {coding bootcamps, gender disparities, women in technology},
}

@inproceedings{Blasquez:2017:SEE:3059009.3059039,
 author = {Blasquez, Isabelle and Leblanc, Herv{\'e}},
 title = {Specification by Example for Educational Purposes},
 booktitle = {Proceedings of the 2017 ACM Conference on Innovation and Technology in Computer Science Education},
 series = {ITiCSE '17},
 year = {2017},
 isbn = {978-1-4503-4704-4},
 location = {Bologna, Italy},
 pages = {212--217},
 numpages = {6},
 url = {http://doi.acm.org/10.1145/3059009.3059039},
 doi = {10.1145/3059009.3059039},
 acmid = {3059039},
 publisher = {ACM},
 address = {New York, NY, USA},
 keywords = {agile software development, agile teaching, specification by example},
}

@inproceedings{Ellis:2019:CSP:3287324.3293844,
 author = {Ellis, Margaret},
 title = {Computer Science Problem Solving Course: Practical and Technical Thinking Skills for CS Majors},
 booktitle = {Proceedings of the 50th ACM Technical Symposium on Computer Science Education},
 series = {SIGCSE '19},
 year = {2019},
 isbn = {978-1-4503-5890-3},
 location = {Minneapolis, MN, USA},
 pages = {1267--1267},
 numpages = {1},
 url = {http://doi.acm.org/10.1145/3287324.3293844},
 doi = {10.1145/3287324.3293844},
 acmid = {3293844},
 publisher = {ACM},
 address = {New York, NY, USA},
 keywords = {diversity, extra-curricular, problem solving},
}

@inproceedings{Loksa:2016:PPS:2858036.2858252,
 author = {Loksa, Dastyni and Ko, Andrew J. and Jernigan, Will and Oleson, Alannah and Mendez, Christopher J. and Burnett, Margaret M.},
 title = {Programming, Problem Solving, and Self-Awareness: Effects of Explicit Guidance},
 booktitle = {Proceedings of the 2016 CHI Conference on Human Factors in Computing Systems},
 series = {CHI '16},
 year = {2016},
 isbn = {978-1-4503-3362-7},
 location = {San Jose, California, USA},
 pages = {1449--1461},
 numpages = {13},
 url = {http://doi.acm.org/10.1145/2858036.2858252},
 doi = {10.1145/2858036.2858252},
 acmid = {2858252},
 publisher = {ACM},
 address = {New York, NY, USA},
 keywords = {computer science education, metacognition, problem-solving, programming},
}

@inproceedings{Ball:2017:SME:3141798.3141801,
 author = {Ball, Douglas and Tofel-Grehl, Colby and Searle, Kristin A.},
 title = {Sustaining Making in the Era of Accountability: STEM Integration Using E-Textiles Materials in a High School Physics Class},
 booktitle = {Proceedings of the 7th Annual Conference on Creativity and Fabrication in Education},
 series = {FabLearn '17},
 year = {2017},
 isbn = {978-1-4503-6349-5},
 location = {Stanford, CA, USA},
 pages = {2:1--2:7},
 articleno = {2},
 numpages = {7},
 url = {http://doi.acm.org/10.1145/3141798.3141801},
 doi = {10.1145/3141798.3141801},
 acmid = {3141801},
 publisher = {ACM},
 address = {New York, NY, USA},
 keywords = {Arduino, Electronic textiles, introductory computing},
}

@inproceedings{Lin:2011:EPT:1953163.1953292,
 author = {Lin, Sirong and Tatar, Deborah},
 title = {Encouraging Parallel Thinking Through Explicit Coordination Modeling},
 booktitle = {Proceedings of the 42Nd ACM Technical Symposium on Computer Science Education},
 series = {SIGCSE '11},
 year = {2011},
 isbn = {978-1-4503-0500-6},
 location = {Dallas, TX, USA},
 pages = {441--446},
 numpages = {6},
 url = {http://doi.acm.org/10.1145/1953163.1953292},
 doi = {10.1145/1953163.1953292},
 acmid = {1953292},
 publisher = {ACM},
 address = {New York, NY, USA},
 keywords = {coordination modeling, distributed computing, parallel computing, parallel thinking, parallelism, pedagogy, tuplespace},
}

@inproceedings{Peyton:2019:BBB:3287324.3293817,
 author = {Peyton, Tamara},
 title = {Boxes, Bumps \&\#38; Breakfast: Object Lessons for Teaching Undergraduates the Importance of Human-Centered Research \&\#38; Analysis},
 booktitle = {Proceedings of the 50th ACM Technical Symposium on Computer Science Education},
 series = {SIGCSE '19},
 year = {2019},
 isbn = {978-1-4503-5890-3},
 location = {Minneapolis, MN, USA},
 pages = {1255--1255},
 numpages = {1},
 url = {http://doi.acm.org/10.1145/3287324.3293817},
 doi = {10.1145/3287324.3293817},
 acmid = {3293817},
 publisher = {ACM},
 address = {New York, NY, USA},
 keywords = {design, human-centered design, resources, teaching, techniques, undergraduate education},
}

@inproceedings{Vivian:2014:ELC:2674683.2674695,
 author = {Vivian, Rebecca and Falkner, Katrina and Szabo, Claudia},
 title = {Can Everybody Learn to Code?: Computer Science Community Perceptions About Learning the Fundamentals of Programming},
 booktitle = {Proceedings of the 14th Koli Calling International Conference on Computing Education Research},
 series = {Koli Calling '14},
 year = {2014},
 isbn = {978-1-4503-3065-7},
 location = {Koli, Finland},
 pages = {41--50},
 numpages = {10},
 url = {http://doi.acm.org/10.1145/2674683.2674695},
 doi = {10.1145/2674683.2674695},
 acmid = {2674695},
 publisher = {ACM},
 address = {New York, NY, USA},
 keywords = {computer science education and learning, introductory programming, perceptions, university students},
}

@inproceedings{Caetano:2018:ASD:3284179.3284264,
 author = {Caetano, N\'{\i}dia and Felgueiras, Manuel},
 title = {Advances on Sustainable Development in Higher Education},
 booktitle = {Proceedings of the Sixth International Conference on Technological Ecosystems for Enhancing Multiculturality},
 series = {TEEM'18},
 year = {2018},
 isbn = {978-1-4503-6518-5},
 location = {Salamanca, Spain},
 pages = {505--507},
 numpages = {3},
 url = {http://doi.acm.org/10.1145/3284179.3284264},
 doi = {10.1145/3284179.3284264},
 acmid = {3284264},
 publisher = {ACM},
 address = {New York, NY, USA},
 keywords = {Sustainable development, TEEM, higher education, interdisciplinarity, multidisciplinarity, transdisciplinarity},
}

@inproceedings{Ruvolo:2019:EOF:3287324.3287553,
 author = {Ruvolo, Paul and Mir, Darakhshan and Dodds, Zachary},
 title = {Embracing Our Future: CS Courses and Curriculum for Non-CS-majors},
 booktitle = {Proceedings of the 50th ACM Technical Symposium on Computer Science Education},
 series = {SIGCSE '19},
 year = {2019},
 isbn = {978-1-4503-5890-3},
 location = {Minneapolis, MN, USA},
 pages = {1234--1234},
 numpages = {1},
 url = {http://doi.acm.org/10.1145/3287324.3287553},
 doi = {10.1145/3287324.3287553},
 acmid = {3287553},
 publisher = {ACM},
 address = {New York, NY, USA},
 keywords = {computing for non-cs majors, cs for all},
}

@inproceedings{Allen:2018:PYS:3209635.3209649,
 author = {Allen, Meghan and Wolfman, Steven A.},
 title = {Playing to Your Strengths: Appreciative Inquiry As a Scholarly Tool for Your Computing Education Practice and Professional Development},
 booktitle = {Proceedings of the 23rd Western Canadian Conference on Computing Education},
 series = {WCCCE '18},
 year = {2018},
 isbn = {978-1-4503-5805-7},
 location = {Victoria, BC, Canada},
 pages = {17:1--17:1},
 articleno = {17},
 numpages = {1},
 url = {http://doi.acm.org/10.1145/3209635.3209649},
 doi = {10.1145/3209635.3209649},
 acmid = {3209649},
 publisher = {ACM},
 address = {New York, NY, USA},
 keywords = {appreciative inquiry, evaluation, professional development, qualitative methodology, scholarship of teaching and learning},
}

@inproceedings{Allen:2018:PYS:3159450.3162358,
 author = {Allen, Meghan and Wolfman, Steven A. and Valair, Anasazi},
 title = {Playing to Your Strengths: Appreciative Inquiry As a Scholarly Tool for Your Computing Education Practice and Professional Development (Abstract Only)},
 booktitle = {Proceedings of the 49th ACM Technical Symposium on Computer Science Education},
 series = {SIGCSE '18},
 year = {2018},
 isbn = {978-1-4503-5103-4},
 location = {Baltimore, Maryland, USA},
 pages = {1056--1056},
 numpages = {1},
 url = {http://doi.acm.org/10.1145/3159450.3162358},
 doi = {10.1145/3159450.3162358},
 acmid = {3162358},
 publisher = {ACM},
 address = {New York, NY, USA},
 keywords = {appreciative inquiry, evaluation, professional development, qualitative methodology, scholarship of teaching and learning},
}

@inproceedings{Seo:2018:MAV:3275495.3275505,
 author = {Seo, Jinsil Hwaryoung and Smith, Brian Michael and Bruner, Michael and Payne, Austin and Cook, Margaret and Pine, Michelle and Malone, Erica and Sueda, Shinjiro and Sueda, Shinjiro and Heymann, Ben},
 title = {Muscle Action VR: To Support Embodied Learning Foundations of Biomechanics in Musculoskeletal System},
 booktitle = {SIGGRAPH Asia 2018 Virtual \& Augmented Reality},
 series = {SA '18},
 year = {2018},
 isbn = {978-1-4503-6028-9},
 location = {Tokyo, Japan},
 pages = {12:1--12:2},
 articleno = {12},
 numpages = {2},
 url = {http://doi.acm.org/10.1145/3275495.3275505},
 doi = {10.1145/3275495.3275505},
 acmid = {3275505},
 publisher = {ACM},
 address = {New York, NY, USA},
 keywords = {anatomy education, biomechanics, embodied learning, muscle movement, virtual reality},
}

@inproceedings{Ball:2019:AML:3287324.3287430,
 author = {Ball, Robert and Duhadway, Linda and Feuz, Kyle and Jensen, Joshua and Rague, Brian and Weidman, Drew},
 title = {Applying Machine Learning to Improve Curriculum Design},
 booktitle = {Proceedings of the 50th ACM Technical Symposium on Computer Science Education},
 series = {SIGCSE '19},
 year = {2019},
 isbn = {978-1-4503-5890-3},
 location = {Minneapolis, MN, USA},
 pages = {787--793},
 numpages = {7},
 url = {http://doi.acm.org/10.1145/3287324.3287430},
 doi = {10.1145/3287324.3287430},
 acmid = {3287430},
 publisher = {ACM},
 address = {New York, NY, USA},
 keywords = {curriculum, machine learning, objective reasoning},
}

@article{Gries:2001:MTE:366413.364754,
 author = {Gries, David and Marion, Bill and Henderson, Peter and Schwartz, Diane},
 title = {How Mathematical Thinking Enchances Computer Science Problem Solving},
 journal = {SIGCSE Bull.},
 issue_date = {March 2001},
 volume = {33},
 number = {1},
 month = feb,
 year = {2001},
 issn = {0097-8418},
 pages = {390--391},
 numpages = {2},
 url = {http://doi.acm.org/10.1145/366413.364754},
 doi = {10.1145/366413.364754},
 acmid = {364754},
 publisher = {ACM},
 address = {New York, NY, USA},
}

@inproceedings{Gries:2001:MTE:364447.364754,
 author = {Gries, David and Marion, Bill and Henderson, Peter and Schwartz, Diane},
 title = {How Mathematical Thinking Enchances Computer Science Problem Solving},
 booktitle = {Proceedings of the Thirty-second SIGCSE Technical Symposium on Computer Science Education},
 series = {SIGCSE '01},
 year = {2001},
 isbn = {1-58113-329-4},
 location = {Charlotte, North Carolina, USA},
 pages = {390--391},
 numpages = {2},
 url = {http://doi.acm.org/10.1145/364447.364754},
 doi = {10.1145/364447.364754},
 acmid = {364754},
 publisher = {ACM},
 address = {New York, NY, USA},
}

@inproceedings{Edwards:2018:PAT:3159450.3162318,
 author = {Edwards, Stephen H. and Manniam Rajagopal, Mukund B.M. and Kandru, Nischel},
 title = {Pedagogical Agent As a Teaching Assistant for Programming Assignments: (Abstract Only)},
 booktitle = {Proceedings of the 49th ACM Technical Symposium on Computer Science Education},
 series = {SIGCSE '18},
 year = {2018},
 isbn = {978-1-4503-5103-4},
 location = {Baltimore, Maryland, USA},
 pages = {1079--1079},
 numpages = {1},
 url = {http://doi.acm.org/10.1145/3159450.3162318},
 doi = {10.1145/3159450.3162318},
 acmid = {3162318},
 publisher = {ACM},
 address = {New York, NY, USA},
 keywords = {automatic grading, emotions, feedback, intelligent, motivation, pedagogical agent, programming assignment, teaching assistant, web-cat},
}

@inproceedings{Peyton:2019:THD:3287324.3293731,
 author = {Peyton, Tamara and Prasad, Aarathi and Liu, Sa and Pena, Joslenne},
 title = {Teaching Human-Centered Design in CSE Programs},
 booktitle = {Proceedings of the 50th ACM Technical Symposium on Computer Science Education},
 series = {SIGCSE '19},
 year = {2019},
 isbn = {978-1-4503-5890-3},
 location = {Minneapolis, MN, USA},
 pages = {1246--1247},
 numpages = {2},
 url = {http://doi.acm.org/10.1145/3287324.3293731},
 doi = {10.1145/3287324.3293731},
 acmid = {3293731},
 publisher = {ACM},
 address = {New York, NY, USA},
 keywords = {design, human-centered design, resources, teaching, techniques, undergraduate education},
}

@inproceedings{MacDowell:2017:AMP:3141798.3141806,
 author = {MacDowell, Paula and Ralph, Rachel and Ng, David},
 title = {App Making for Pro-Social and Environmental Change at an Equity-Oriented Makeathon},
 booktitle = {Proceedings of the 7th Annual Conference on Creativity and Fabrication in Education},
 series = {FabLearn '17},
 year = {2017},
 isbn = {978-1-4503-6349-5},
 location = {Stanford, CA, USA},
 pages = {7:1--7:8},
 articleno = {7},
 numpages = {8},
 url = {http://doi.acm.org/10.1145/3141798.3141806},
 doi = {10.1145/3141798.3141806},
 acmid = {3141806},
 publisher = {ACM},
 address = {New York, NY, USA},
 keywords = {App making, change making, computing education, creative coding, equity, girls, greening making, maker pedagogy},
}

@inproceedings{Anderson:2010:AII:1734263.1734440,
 author = {Anderson, Richard J. and Anderson, Ruth E. and Borriello, Gaetano and Pal, Joyojeet},
 title = {An Approach to Integrating ICTD Projects into an Undergraduate Curriculum},
 booktitle = {Proceedings of the 41st ACM Technical Symposium on Computer Science Education},
 series = {SIGCSE '10},
 year = {2010},
 isbn = {978-1-4503-0006-3},
 location = {Milwaukee, Wisconsin, USA},
 pages = {529--533},
 numpages = {5},
 url = {http://doi.acm.org/10.1145/1734263.1734440},
 doi = {10.1145/1734263.1734440},
 acmid = {1734440},
 publisher = {ACM},
 address = {New York, NY, USA},
 keywords = {capstone courses, information and communication technologies for development, service learning, socially-relevant projects},
}

@inproceedings{Shell:2016:SIC:2839509.2844606,
 author = {Shell, Duane F. and Soh, Leen-Kiat and Flanigan, Abraham E. and Peteranetz, Markeya S.},
 title = {Students' Initial Course Motivation and Their Achievement and Retention in College CS1 Courses},
 booktitle = {Proceedings of the 47th ACM Technical Symposium on Computing Science Education},
 series = {SIGCSE '16},
 year = {2016},
 isbn = {978-1-4503-3685-7},
 location = {Memphis, Tennessee, USA},
 pages = {639--644},
 numpages = {6},
 url = {http://doi.acm.org/10.1145/2839509.2844606},
 doi = {10.1145/2839509.2844606},
 acmid = {2844606},
 publisher = {ACM},
 address = {New York, NY, USA},
 keywords = {cs1 achievement., goal orientation, retention, student motivation},
}

@inproceedings{Deitz:2016:VGD:2896958.2896964,
 author = {Deitz, Sean and Buy, Ugo},
 title = {From Video Games to Debugging Code},
 booktitle = {Proceedings of the 5th International Workshop on Games and Software Engineering},
 series = {GAS '16},
 year = {2016},
 isbn = {978-1-4503-4160-8},
 location = {Austin, Texas},
 pages = {37--41},
 numpages = {5},
 url = {http://doi.acm.org/10.1145/2896958.2896964},
 doi = {10.1145/2896958.2896964},
 acmid = {2896964},
 publisher = {ACM},
 address = {New York, NY, USA},
 keywords = {program debugging, program visualization, software education},
}

@inproceedings{Eckroth:2019:ABD:3299815.3314438,
 author = {Eckroth, Joshua and Chen, Kim and Gatewood, Heyley and Belna, Brandon},
 title = {Alpaca: Building Dynamic Cyber Ranges with Procedurally-Generated Vulnerability Lattices},
 booktitle = {Proceedings of the 2019 ACM Southeast Conference},
 series = {ACM SE '19},
 year = {2019},
 isbn = {978-1-4503-6251-1},
 location = {Kennesaw, GA, USA},
 pages = {78--85},
 numpages = {8},
 url = {http://doi.acm.org/10.1145/3299815.3314438},
 doi = {10.1145/3299815.3314438},
 acmid = {3314438},
 publisher = {ACM},
 address = {New York, NY, USA},
 keywords = {cyber range, cybersecurity, penetration testing},
}

@inproceedings{Chipman:2019:IIM:3287324.3287478,
 author = {Chipman, Hannah E. and Rodr\'{\i}guez, Fernando J. and Boyer, Kristy Elizabeth},
 title = {"I Impressed Myself With How Confident I Felt": Reflections on a Computer Science Assessment for K-8 Teachers},
 booktitle = {Proceedings of the 50th ACM Technical Symposium on Computer Science Education},
 series = {SIGCSE '19},
 year = {2019},
 isbn = {978-1-4503-5890-3},
 location = {Minneapolis, MN, USA},
 pages = {1081--1087},
 numpages = {7},
 url = {http://doi.acm.org/10.1145/3287324.3287478},
 doi = {10.1145/3287324.3287478},
 acmid = {3287478},
 publisher = {ACM},
 address = {New York, NY, USA},
 keywords = {assessment, k-8 teachers, professional development},
}

@inproceedings{Yu-Che:2018:SCS:3234804.3234810,
 author = {Yu-Che, Huang and Jing, Chen},
 title = {A Study for Cognitive Study of Different Colors in Virtual Space},
 booktitle = {Proceedings of the 2018 2Nd International Conference on Deep Learning Technologies},
 series = {ICDLT '18},
 year = {2018},
 isbn = {978-1-4503-6473-7},
 location = {Chongqing, China},
 pages = {92--96},
 numpages = {5},
 url = {http://doi.acm.org/10.1145/3234804.3234810},
 doi = {10.1145/3234804.3234810},
 acmid = {3234810},
 publisher = {ACM},
 address = {New York, NY, USA},
 keywords = {Cognition, Color area, Immersive, Virtual space, color},
}

@inproceedings{Vogel:2015:TDA:2797433.2797465,
 author = {Vogel, Bahtijar and Kilamo, Terhi and Kurti, Arianit},
 title = {Teaching Distributed Agile Development to Software Professionals: A Flexible Approach},
 booktitle = {Proceedings of the 2015 European Conference on Software Architecture Workshops},
 series = {ECSAW '15},
 year = {2015},
 isbn = {978-1-4503-3393-1},
 location = {Dubrovnik, Cavtat, Croatia},
 pages = {31:1--31:8},
 articleno = {31},
 numpages = {8},
 url = {http://doi.acm.org/10.1145/2797433.2797465},
 doi = {10.1145/2797433.2797465},
 acmid = {2797465},
 publisher = {ACM},
 address = {New York, NY, USA},
 keywords = {Situated learning, distributed agile, flexible approach, software professionals},
}

@inproceedings{Jiang:2018:CMM:3159450.3162270,
 author = {Jiang, Shan and Wong, Gary K.W.},
 title = {Are Children More Motivated with Plugged or Unplugged Approach to Computational Thinking?: (Abstract Only)},
 booktitle = {Proceedings of the 49th ACM Technical Symposium on Computer Science Education},
 series = {SIGCSE '18},
 year = {2018},
 isbn = {978-1-4503-5103-4},
 location = {Baltimore, Maryland, USA},
 pages = {1094--1094},
 numpages = {1},
 url = {http://doi.acm.org/10.1145/3159450.3162270},
 doi = {10.1145/3159450.3162270},
 acmid = {3162270},
 publisher = {ACM},
 address = {New York, NY, USA},
 keywords = {coding education, computational thinking, cs unplugged, intrinsic motivation},
}

@article{Neubauer:2001:SIO:374685.374832,
 author = {Neubauer, Bruce J.},
 title = {A Strategy for the Integration of Object-oriented Data Modeling into the Undergraduate Database Course},
 journal = {J. Comput. Sci. Coll.},
 issue_date = {March 2001},
 volume = {16},
 number = {3},
 month = mar,
 year = {2001},
 issn = {1937-4771},
 pages = {240--246},
 numpages = {7},
 url = {http://dl.acm.org/citation.cfm?id=374685.374832},
 acmid = {374832},
 publisher = {Consortium for Computing Sciences in Colleges},
 address = {USA},
}

@inproceedings{Neubauer:2001:SIO:374678.374832,
 author = {Neubauer, Bruce J.},
 title = {A Strategy for the Integration of Object-oriented Data Modeling into the Undergraduate Database Course},
 booktitle = {Proceedings of the Twelfth Annual CCSC South Central Conference on The Journal of Computing in Small Colleges},
 year = {2001},
 location = {Amarillo College, Amarillo, Texas, USA},
 pages = {240--246},
 numpages = {7},
 url = {http://dl.acm.org/citation.cfm?id=374678.374832},
 acmid = {374832},
 publisher = {Consortium for Computing Sciences in Colleges},
 address = {USA},
}

@inproceedings{Neubauer:2001:SIO:374824.374832,
 author = {Neubauer, Bruce J.},
 title = {A Strategy for the Integration of Object-oriented Data Modeling into the Undergraduate Database Course},
 booktitle = {Proceedings of the Seventh Annual Consortium for Computing in Small Colleges Central Plains Conference on The Journal of Computing in Small Colleges},
 year = {2001},
 location = {Branson, Missouri, USA},
 pages = {240--246},
 numpages = {7},
 url = {http://dl.acm.org/citation.cfm?id=374824.374832},
 acmid = {374832},
 publisher = {Consortium for Computing Sciences in Colleges},
 address = {USA},
}

@inproceedings{Kishore:2019:CEC:3290607.3309691,
 author = {Kishore, Anand and Joseph, Cletus V. and Bijili, Lamha and Anwar, Md. Aasif and Urvi},
 title = {Co Ed: A Classroom Setup for Enhancing Cooperative Learning and Digital Literacy},
 booktitle = {Extended Abstracts of the 2019 CHI Conference on Human Factors in Computing Systems},
 series = {CHI EA '19},
 year = {2019},
 isbn = {978-1-4503-5971-9},
 location = {Glasgow, Scotland Uk},
 pages = {SDC02:1--SDC02:6},
 articleno = {SDC02},
 numpages = {6},
 url = {http://doi.acm.org/10.1145/3290607.3309691},
 doi = {10.1145/3290607.3309691},
 acmid = {3309691},
 publisher = {ACM},
 address = {New York, NY, USA},
 keywords = {cooperative classroom, digital literacy, education, peer-to-peer learning, social interaction},
}

@article{Guessoum:2006:OLA:1190056.1190058,
 author = {Guessoum, Nidhal},
 title = {Online Learning in the Arab World},
 journal = {eLearn},
 issue_date = {October 2006},
 volume = {2006},
 number = {10},
 month = oct,
 year = {2006},
 issn = {1535-394X},
 articleno = {1},
 url = {http://doi.acm.org/10.1145/1190056.1190058},
 doi = {10.1145/1190056.1190058},
 acmid = {1190058},
 publisher = {ACM},
 address = {New York, NY, USA},
}

