@inproceedings{Denis:2005:MEG:1178477.1178581,
 author = {Denis, Guillaume and Jouvelot, Pierre},
 title = {Motivation-driven Educational Game Design: Applying Best Practices to Music Education},
 booktitle = {Proceedings of the 2005 ACM SIGCHI International Conference on Advances in Computer Entertainment Technology},
 series = {ACE '05},
 year = {2005},
 isbn = {1-59593-110-4},
 location = {Valencia, Spain},
 pages = {462--465},
 numpages = {4},
 url = {http://doi.acm.org/10.1145/1178477.1178581},
 doi = {10.1145/1178477.1178581},
 acmid = {1178581},
 publisher = {ACM},
 address = {New York, NY, USA},
 keywords = {educational games, fun, learning, motivation, music},
}

@inproceedings{Xiuqin:2019:AGE:3318396.3318434,
 author = {Xiuqin, Yang},
 title = {Achievement Gains from Educational Policy Reform: The Case of China's Education Policy},
 booktitle = {Proceedings of the 2019 8th International Conference on Educational and Information Technology},
 series = {ICEIT 2019},
 year = {2019},
 isbn = {978-1-4503-6267-2},
 location = {Cambridge, United Kingdom},
 pages = {203--208},
 numpages = {6},
 url = {http://doi.acm.org/10.1145/3318396.3318434},
 doi = {10.1145/3318396.3318434},
 acmid = {3318434},
 publisher = {ACM},
 address = {New York, NY, USA},
 keywords = {Academic achievement, Educational policy, Learning motivation, Learning strategy, Tuition policy},
}

@inproceedings{Cordero-Brito:2018:GSE:3284179.3284286,
 author = {Cordero-Brito, Staling and Mena, Juanjo},
 title = {Gamification in the Social Environment: A Tool for Motivation and Engagement},
 booktitle = {Proceedings of the Sixth International Conference on Technological Ecosystems for Enhancing Multiculturality},
 series = {TEEM'18},
 year = {2018},
 isbn = {978-1-4503-6518-5},
 location = {Salamanca, Spain},
 pages = {640--643},
 numpages = {4},
 url = {http://doi.acm.org/10.1145/3284179.3284286},
 doi = {10.1145/3284179.3284286},
 acmid = {3284286},
 publisher = {ACM},
 address = {New York, NY, USA},
 keywords = {Gamification motivation, learning through active methodologies, social environment},
}

@inproceedings{Tindall:2018:EYA:3167918.3167919,
 author = {Tindall, Alan and Patterson, Dale and Costain, Sean},
 title = {Educate Your Avatar, Educate Your Mind: Motivating Learning Through Play},
 booktitle = {Proceedings of the Australasian Computer Science Week Multiconference},
 series = {ACSW '18},
 year = {2018},
 isbn = {978-1-4503-5436-3},
 location = {Brisband, Queensland, Australia},
 pages = {46:1--46:7},
 articleno = {46},
 numpages = {7},
 url = {http://doi.acm.org/10.1145/3167918.3167919},
 doi = {10.1145/3167918.3167919},
 acmid = {3167919},
 publisher = {ACM},
 address = {New York, NY, USA},
 keywords = {computer game, education},
}

@inproceedings{Pirker:2014:MAL:2538862.2544285,
 author = {Pirker, Johanna and G\"{u}tl, Christian},
 title = {Motivational Active Learning for Computer Science Education (Abstract Only)},
 booktitle = {Proceedings of the 45th ACM Technical Symposium on Computer Science Education},
 series = {SIGCSE '14},
 year = {2014},
 isbn = {978-1-4503-2605-6},
 location = {Atlanta, Georgia, USA},
 pages = {711--711},
 numpages = {1},
 url = {http://doi.acm.org/10.1145/2538862.2544285},
 doi = {10.1145/2538862.2544285},
 acmid = {2544285},
 publisher = {ACM},
 address = {New York, NY, USA},
 keywords = {computer science education, interactive learning, motivational learning, teachnology enabled active learning},
}

@inproceedings{Ioannou:2017:RGA:3136907.3136925,
 author = {Ioannou, Ioanna and Kyza, Eleni A.},
 title = {The Role of Gamification in Activating Primary School Students' Intrinsic and Extrinsic Motivation at a Museum},
 booktitle = {Proceedings of the 16th World Conference on Mobile and Contextual Learning},
 series = {mLearn 2017},
 year = {2017},
 isbn = {978-1-4503-5255-0},
 location = {Larnaca, Cyprus},
 pages = {8:1--8:4},
 articleno = {8},
 numpages = {4},
 url = {http://doi.acm.org/10.1145/3136907.3136925},
 doi = {10.1145/3136907.3136925},
 acmid = {3136925},
 publisher = {ACM},
 address = {New York, NY, USA},
 keywords = {Gamification, extrinsic and intrinsic motivation, historical knowledge, internal motivation, learning, museum},
}

@inproceedings{Young:2004:FSO:979968.980015,
 author = {Young, Stuart and McSporran, Mae},
 title = {Facilitating Successful Online Computing Courses While Minimising Extra Tutor Workload},
 booktitle = {Proceedings of the Sixth Australasian Conference on Computing Education - Volume 30},
 series = {ACE '04},
 year = {2004},
 location = {Dunedin, New Zealand},
 pages = {349--356},
 numpages = {8},
 url = {http://dl.acm.org/citation.cfm?id=979968.980015},
 acmid = {980015},
 publisher = {Australian Computer Society, Inc.},
 address = {Darlinghurst, Australia, Australia},
 keywords = {Blackboard CourseInfo, Learning Management Environments (LMEs), WebCT, bulletin board, discussion forum, flexible learning, online learning, student motivation},
}

@article{Baker:2009:LTR:1578012.1578013,
 author = {Baker, Ken A.},
 title = {Learning Theory and the Re-education of Older Software Engineers},
 journal = {SIGITERes. IT},
 issue_date = {July 2009},
 volume = {6},
 number = {2},
 month = jul,
 year = {2009},
 issn = {1944-0278},
 pages = {2--10},
 numpages = {9},
 url = {http://doi.acm.org/10.1145/1578012.1578013},
 doi = {10.1145/1578012.1578013},
 acmid = {1578013},
 publisher = {ACM},
 address = {New York, NY, USA},
 keywords = {behaviorist, cognitive, cognitive load theory, learning theory, memory and motivation, paradigm shift, social learning},
}

@inproceedings{Pirker:2014:MAL:2591708.2591750,
 author = {Pirker, Johanna and Riffnaller-Schiefer, Maria and G\"{u}tl, Christian},
 title = {Motivational Active Learning: Engaging University Students in Computer Science Education},
 booktitle = {Proceedings of the 2014 Conference on Innovation \&\#38; Technology in Computer Science Education},
 series = {ITiCSE '14},
 year = {2014},
 isbn = {978-1-4503-2833-3},
 location = {Uppsala, Sweden},
 pages = {297--302},
 numpages = {6},
 url = {http://doi.acm.org/10.1145/2591708.2591750},
 doi = {10.1145/2591708.2591750},
 acmid = {2591750},
 publisher = {ACM},
 address = {New York, NY, USA},
 keywords = {active learning, cs education, game-based learning, gamification, interactive learning, motivation, motivational active learning, motivational learning, pedagogy},
}

@inproceedings{Radenski:2009:FCM:1562877.1562891,
 author = {Radenski, Atanas},
 title = {Freedom of Choice As Motivational Factor for Active Learning},
 booktitle = {Proceedings of the 14th Annual ACM SIGCSE Conference on Innovation and Technology in Computer Science Education},
 series = {ITiCSE '09},
 year = {2009},
 isbn = {978-1-60558-381-5},
 location = {Paris, France},
 pages = {21--25},
 numpages = {5},
 url = {http://doi.acm.org/10.1145/1562877.1562891},
 doi = {10.1145/1562877.1562891},
 acmid = {1562891},
 publisher = {ACM},
 address = {New York, NY, USA},
 keywords = {CS1/2, active learning, compiler construction, java, labs, moodle, programming languages, projects, python, study pack},
}

@article{Radenski:2009:FCM:1595496.1562891,
 author = {Radenski, Atanas},
 title = {Freedom of Choice As Motivational Factor for Active Learning},
 journal = {SIGCSE Bull.},
 issue_date = {September 2009},
 volume = {41},
 number = {3},
 month = jul,
 year = {2009},
 issn = {0097-8418},
 pages = {21--25},
 numpages = {5},
 url = {http://doi.acm.org/10.1145/1595496.1562891},
 doi = {10.1145/1595496.1562891},
 acmid = {1562891},
 publisher = {ACM},
 address = {New York, NY, USA},
 keywords = {CS1/2, active learning, compiler construction, java, labs, moodle, programming languages, projects, python, study pack},
}

@inproceedings{Alaoutinen:2010:SSP:1822090.1822135,
 author = {Alaoutinen, Satu and Smolander, Kari},
 title = {Student Self-assessment in a Programming Course Using Bloom's Revised Taxonomy},
 booktitle = {Proceedings of the Fifteenth Annual Conference on Innovation and Technology in Computer Science Education},
 series = {ITiCSE '10},
 year = {2010},
 isbn = {978-1-60558-820-9},
 location = {Bilkent, Ankara, Turkey},
 pages = {155--159},
 numpages = {5},
 url = {http://doi.acm.org/10.1145/1822090.1822135},
 doi = {10.1145/1822090.1822135},
 acmid = {1822135},
 publisher = {ACM},
 address = {New York, NY, USA},
 keywords = {bloom's revised taxonomy, programming, self-assessment},
}

@inproceedings{Qian:2017:LSM:3059009.3072983,
 author = {Qian, Kai and Shahriar, Hossain and Wu, Fan and Tao, Lixin and Bhattacharya, Prabir},
 title = {Labware for Secure Mobile Software Development (SMSD) Education},
 booktitle = {Proceedings of the 2017 ACM Conference on Innovation and Technology in Computer Science Education},
 series = {ITiCSE '17},
 year = {2017},
 isbn = {978-1-4503-4704-4},
 location = {Bologna, Italy},
 pages = {375--375},
 numpages = {1},
 url = {http://doi.acm.org/10.1145/3059009.3072983},
 doi = {10.1145/3059009.3072983},
 acmid = {3072983},
 publisher = {ACM},
 address = {New York, NY, USA},
 keywords = {android, labware, secure mobile software development},
}

@inproceedings{Schmitz:2011:GBL:2043594.2043601,
 author = {Schmitz, Birgit and Czauderna, Andr{\'e} and Klemke, Roland and Specht, Marcus},
 title = {Game Based Learning for Computer Science Education},
 booktitle = {Computer Science Education Research Conference},
 series = {CSERC '11},
 year = {2011},
 isbn = {978 90 358 1987 0},
 location = {Heerlen, Netherlands},
 pages = {81--86},
 numpages = {6},
 url = {http://dl.acm.org/citation.cfm?id=2043594.2043601},
 acmid = {2043601},
 publisher = {Open Universiteit, Heerlen},
 address = {Open Univ., Heerlen, The Netherlands, The Netherlands},
 keywords = {IT knowledge, game based learning, game design, learners difficult to reach},
}

@inproceedings{VidalDuarte:2017:RMT:3059009.3072974,
 author = {Vidal Duarte, Elizabeth and Castro Gutierrez, Eveling and Aedo, Marco},
 title = {When the Robot Meets the Turtle: A Gentle Introduction to Algorithms and Functions},
 booktitle = {Proceedings of the 2017 ACM Conference on Innovation and Technology in Computer Science Education},
 series = {ITiCSE '17},
 year = {2017},
 isbn = {978-1-4503-4704-4},
 location = {Bologna, Italy},
 pages = {78--79},
 numpages = {2},
 url = {http://doi.acm.org/10.1145/3059009.3072974},
 doi = {10.1145/3059009.3072974},
 acmid = {3072974},
 publisher = {ACM},
 address = {New York, NY, USA},
 keywords = {first programming course, game-oriented, motivation, pedagogical tool, specific assignments, teaching},
}

@inproceedings{Wurst:2014:TOS:2538862.2544248,
 author = {Wurst, Karl and Postner, Lori and Jackson, Stoney},
 title = {Teaching Open Source (Software) (Abstract Only)},
 booktitle = {Proceedings of the 45th ACM Technical Symposium on Computer Science Education},
 series = {SIGCSE '14},
 year = {2014},
 isbn = {978-1-4503-2605-6},
 location = {Atlanta, Georgia, USA},
 pages = {734--734},
 numpages = {1},
 url = {http://doi.acm.org/10.1145/2538862.2544248},
 doi = {10.1145/2538862.2544248},
 acmid = {2544248},
 publisher = {ACM},
 address = {New York, NY, USA},
 keywords = {teaching open source software},
}

@inproceedings{Jackson:2013:PMA:2445196.2445230,
 author = {Jackson, Stoney and Kurkovsky, Stan and Mustafaraj, Eni and Postner, Lori},
 title = {Panel: Mobile Application Development in Computing Curricula},
 booktitle = {Proceeding of the 44th ACM Technical Symposium on Computer Science Education},
 series = {SIGCSE '13},
 year = {2013},
 isbn = {978-1-4503-1868-6},
 location = {Denver, Colorado, USA},
 pages = {107--108},
 numpages = {2},
 url = {http://doi.acm.org/10.1145/2445196.2445230},
 doi = {10.1145/2445196.2445230},
 acmid = {2445230},
 publisher = {ACM},
 address = {New York, NY, USA},
 keywords = {mobile application development},
}

@inproceedings{Astrachan:2009:PP:1508865.1508933,
 author = {Astrachan, Owen},
 title = {Pander to Ponder},
 booktitle = {Proceedings of the 40th ACM Technical Symposium on Computer Science Education},
 series = {SIGCSE '09},
 year = {2009},
 isbn = {978-1-60558-183-5},
 location = {Chattanooga, TN, USA},
 pages = {192--196},
 numpages = {5},
 url = {http://doi.acm.org/10.1145/1508865.1508933},
 doi = {10.1145/1508865.1508933},
 acmid = {1508933},
 publisher = {ACM},
 address = {New York, NY, USA},
 keywords = {computational thinking, computers and society, ethics, non-majors, problem-centric learning},
}

@article{Astrachan:2009:PP:1539024.1508933,
 author = {Astrachan, Owen},
 title = {Pander to Ponder},
 journal = {SIGCSE Bull.},
 issue_date = {March 2009},
 volume = {41},
 number = {1},
 month = mar,
 year = {2009},
 issn = {0097-8418},
 pages = {192--196},
 numpages = {5},
 url = {http://doi.acm.org/10.1145/1539024.1508933},
 doi = {10.1145/1539024.1508933},
 acmid = {1508933},
 publisher = {ACM},
 address = {New York, NY, USA},
 keywords = {computational thinking, computers and society, ethics, non-majors, problem-centric learning},
}

@inproceedings{Suthaharan:2014:FCE:2656450.2656464,
 author = {Suthaharan, Shan},
 title = {FLaSKU - a Classroom Experience with Teaching Computer Networking: Is It Useful to Others in the Field?},
 booktitle = {Proceedings of the 15th Annual Conference on Information Technology Education},
 series = {SIGITE '14},
 year = {2014},
 isbn = {978-1-4503-2686-5},
 location = {Atlanta, Georgia, USA},
 pages = {15--20},
 numpages = {6},
 url = {http://doi.acm.org/10.1145/2656450.2656464},
 doi = {10.1145/2656450.2656464},
 acmid = {2656464},
 publisher = {ACM},
 address = {New York, NY, USA},
 keywords = {computer networking, conceptualized learning, incremental learning, independent learning},
}

@inproceedings{Qian:2016:PSL:2839509.2850552,
 author = {Qian, Kai and Lo, Dan and Chen, Wei and Qian, Ying},
 title = {Promote Self-efficacy in Learning of Mobile App and Security with Real-world Relevant Laboratory (Abstract Only)},
 booktitle = {Proceedings of the 47th ACM Technical Symposium on Computing Science Education},
 series = {SIGCSE '16},
 year = {2016},
 isbn = {978-1-4503-3685-7},
 location = {Memphis, Tennessee, USA},
 pages = {691--691},
 numpages = {1},
 url = {http://doi.acm.org/10.1145/2839509.2850552},
 doi = {10.1145/2839509.2850552},
 acmid = {2850552},
 publisher = {ACM},
 address = {New York, NY, USA},
 keywords = {authentic learning, lab, mobile, real world},
}

@article{Theodoropoulos:2016:DCS:3003827.2940330,
 author = {Theodoropoulos, Anastasios and Antoniou, Angeliki and Lepouras, George},
 title = {How Do Different Cognitive Styles Affect Learning Programming? Insights from a Game-Based Approach in Greek Schools},
 journal = {Trans. Comput. Educ.},
 issue_date = {January 2017},
 volume = {17},
 number = {1},
 month = sep,
 year = {2016},
 issn = {1946-6226},
 pages = {3:1--3:25},
 articleno = {3},
 numpages = {25},
 url = {http://doi.acm.org/10.1145/2940330},
 doi = {10.1145/2940330},
 acmid = {2940330},
 publisher = {ACM},
 address = {New York, NY, USA},
 keywords = {CS education, cognitive style, digital game-based learning, hour of code, secondary education},
}

@article{Harley:1998:FES:332925.332931,
 author = {Harley, Hope D. and Seals, Cheryl D. and Rosson, Mary Beth},
 title = {A Formative Evaluation of Scenario-based Tools for Learning Object-oriented Design},
 journal = {XRDS},
 issue_date = {September 1998},
 volume = {5},
 number = {1},
 month = sep,
 year = {1998},
 issn = {1528-4972},
 pages = {9--15},
 numpages = {7},
 url = {http://doi.acm.org/10.1145/332925.332931},
 doi = {10.1145/332925.332931},
 acmid = {332931},
 publisher = {ACM},
 address = {New York, NY, USA},
}

@inproceedings{Pesare:2015:SLE:2695664.2696069,
 author = {Pesare, Enrica},
 title = {Smart Learning Environments for Social Learning},
 booktitle = {Proceedings of the 30th Annual ACM Symposium on Applied Computing},
 series = {SAC '15},
 year = {2015},
 isbn = {978-1-4503-3196-8},
 location = {Salamanca, Spain},
 pages = {273--274},
 numpages = {2},
 url = {http://doi.acm.org/10.1145/2695664.2696069},
 doi = {10.1145/2695664.2696069},
 acmid = {2696069},
 publisher = {ACM},
 address = {New York, NY, USA},
}

