@inproceedings{Sui:2016:WEI:2899415.2925487,
 author = {Sui, Li and Dietrich, Jens and Heinrich, Eva and Meyer, Manfred},
 title = {A Web-Based Environment for Introductory Programming Based on a Bi-Directional Layered Notional Machine},
 booktitle = {Proceedings of the 2016 ACM Conference on Innovation and Technology in Computer Science Education},
 series = {ITiCSE '16},
 year = {2016},
 isbn = {978-1-4503-4231-5},
 location = {Arequipa, Peru},
 pages = {364--364},
 numpages = {1},
 url = {http://doi.acm.org/10.1145/2899415.2925487},
 doi = {10.1145/2899415.2925487},
 acmid = {2925487},
 publisher = {ACM},
 address = {New York, NY, USA},
 keywords = {gamification, notional machine, primegame, reverse debugging, visualization},
}

@inproceedings{Fisler:2017:ATS:3017680.3017777,
 author = {Fisler, Kathi and Krishnamurthi, Shriram and Tunnell Wilson, Preston},
 title = {Assessing and Teaching Scope, Mutation, and Aliasing in Upper-Level Undergraduates},
 booktitle = {Proceedings of the 2017 ACM SIGCSE Technical Symposium on Computer Science Education},
 series = {SIGCSE '17},
 year = {2017},
 isbn = {978-1-4503-4698-6},
 location = {Seattle, Washington, USA},
 pages = {213--218},
 numpages = {6},
 url = {http://doi.acm.org/10.1145/3017680.3017777},
 doi = {10.1145/3017680.3017777},
 acmid = {3017777},
 publisher = {ACM},
 address = {New York, NY, USA},
 keywords = {concept inventories, mutation, notional machines, programming, scope},
}

@inproceedings{Nelson:2017:CFE:3105726.3106178,
 author = {Nelson, Greg L. and Xie, Benjamin and Ko, Andrew J.},
 title = {Comprehension First: Evaluating a Novel Pedagogy and Tutoring System for Program Tracing in CS1},
 booktitle = {Proceedings of the 2017 ACM Conference on International Computing Education Research},
 series = {ICER '17},
 year = {2017},
 isbn = {978-1-4503-4968-0},
 location = {Tacoma, Washington, USA},
 pages = {2--11},
 numpages = {10},
 url = {http://doi.acm.org/10.1145/3105726.3106178},
 doi = {10.1145/3105726.3106178},
 acmid = {3106178},
 publisher = {ACM},
 address = {New York, NY, USA},
 keywords = {knowledge representation, notional machine, program tracing},
}

@inproceedings{Cunningham:2017:EST:3105726.3105746,
 author = {Cunningham, Kathryn},
 title = {The Effect of Sketching and Tracing on Instructors' Understanding of Student Misconceptions},
 booktitle = {Proceedings of the 2017 ACM Conference on International Computing Education Research},
 series = {ICER '17},
 year = {2017},
 isbn = {978-1-4503-4968-0},
 location = {Tacoma, Washington, USA},
 pages = {301--302},
 numpages = {2},
 url = {http://doi.acm.org/10.1145/3105726.3105746},
 doi = {10.1145/3105726.3105746},
 acmid = {3105746},
 publisher = {ACM},
 address = {New York, NY, USA},
 keywords = {CS1, notional machine, novice programmers, sketching, tracing},
}

@inproceedings{Donaldson:2018:FLA:3265757.3265776,
 author = {Donaldson, Peter and Cutts, Quintin},
 title = {Flexible Low-cost Activities to Develop Novice Code Comprehension Skills in Schools},
 booktitle = {Proceedings of the 13th Workshop in Primary and Secondary Computing Education},
 series = {WiPSCE '18},
 year = {2018},
 isbn = {978-1-4503-6588-8},
 location = {Potsdam, Germany},
 pages = {19:1--19:4},
 articleno = {19},
 numpages = {4},
 url = {http://doi.acm.org/10.1145/3265757.3265776},
 doi = {10.1145/3265757.3265776},
 acmid = {3265776},
 publisher = {ACM},
 address = {New York, NY, USA},
 keywords = {block model, formative assessment, notional machine, program comprehension},
}

@inproceedings{Cunningham:2017:UTS:3105726.3106190,
 author = {Cunningham, Kathryn and Blanchard, Sarah and Ericson, Barbara and Guzdial, Mark},
 title = {Using Tracing and Sketching to Solve Programming Problems: Replicating and Extending an Analysis of What Students Draw},
 booktitle = {Proceedings of the 2017 ACM Conference on International Computing Education Research},
 series = {ICER '17},
 year = {2017},
 isbn = {978-1-4503-4968-0},
 location = {Tacoma, Washington, USA},
 pages = {164--172},
 numpages = {9},
 url = {http://doi.acm.org/10.1145/3105726.3106190},
 doi = {10.1145/3105726.3106190},
 acmid = {3106190},
 publisher = {ACM},
 address = {New York, NY, USA},
 keywords = {cs1, distributed cognition, notional machine, novice programmers, sketching, tracing},
}

@inproceedings{Cunningham:2019:NRS:3304221.3319788,
 author = {Cunningham, Kathryn and Ke, Shannon and Guzdial, Mark and Ericson, Barbara},
 title = {Novice Rationales for Sketching and Tracing, and How They Try to Avoid It},
 booktitle = {Proceedings of the 2019 ACM Conference on Innovation and Technology in Computer Science Education},
 series = {ITiCSE '19},
 year = {2019},
 isbn = {978-1-4503-6301-3},
 location = {Aberdeen, Scotland Uk},
 pages = {37--43},
 numpages = {7},
 url = {http://doi.acm.org/10.1145/3304221.3319788},
 doi = {10.1145/3304221.3319788},
 acmid = {3319788},
 publisher = {ACM},
 address = {New York, NY, USA},
 keywords = {cs1, external cognition, notional machine, novice programmers, program visualization, sketching, tracing},
}

@article{Sorva:2013:RGP:2543488.2490822,
 author = {Sorva, Juha and Karavirta, Ville and Malmi, Lauri},
 title = {A Review of Generic Program Visualization Systems for Introductory Programming Education},
 journal = {Trans. Comput. Educ.},
 issue_date = {November 2013},
 volume = {13},
 number = {4},
 month = nov,
 year = {2013},
 issn = {1946-6226},
 pages = {15:1--15:64},
 articleno = {15},
 numpages = {64},
 url = {http://doi.acm.org/10.1145/2490822},
 doi = {10.1145/2490822},
 acmid = {2490822},
 publisher = {ACM},
 address = {New York, NY, USA},
 keywords = {CS1, Introductory programming education, engagement taxonomy, literature review, notional machine, program dynamics, program visualization, software visualization},
}

@inproceedings{Sorva:2010:UST:1930464.1930471,
 author = {Sorva, Juha and Sirki\"{a}, Teemu},
 title = {UUhistle: A Software Tool for Visual Program Simulation},
 booktitle = {Proceedings of the 10th Koli Calling International Conference on Computing Education Research},
 series = {Koli Calling '10},
 year = {2010},
 isbn = {978-1-4503-0520-4},
 location = {Koli, Finland},
 pages = {49--54},
 numpages = {6},
 url = {http://doi.acm.org/10.1145/1930464.1930471},
 doi = {10.1145/1930464.1930471},
 acmid = {1930471},
 publisher = {ACM},
 address = {New York, NY, USA},
 keywords = {UUhistle, automatic assessment, engagement, introductory programming, notional machine, program dynamics, program visualization, visual program simulation},
}

@inproceedings{Sorva:2014:RDF:2674683.2674690,
 author = {Sorva, Juha and Sepp\"{a}l\"{a}, Otto},
 title = {Research-based Design of the First Weeks of CS1},
 booktitle = {Proceedings of the 14th Koli Calling International Conference on Computing Education Research},
 series = {Koli Calling '14},
 year = {2014},
 isbn = {978-1-4503-3065-7},
 location = {Koli, Finland},
 pages = {71--80},
 numpages = {10},
 url = {http://doi.acm.org/10.1145/2674683.2674690},
 doi = {10.1145/2674683.2674690},
 acmid = {2674690},
 publisher = {ACM},
 address = {New York, NY, USA},
 keywords = {CS1, cognitive load, instructional design, notional machines, objects early, program visualization, project-driven learning},
}

@article{Sorva:2013:NMI:2483710.2483713,
 author = {Sorva, Juha},
 title = {Notional Machines and Introductory Programming Education},
 journal = {Trans. Comput. Educ.},
 issue_date = {June 2013},
 volume = {13},
 number = {2},
 month = jul,
 year = {2013},
 issn = {1946-6226},
 pages = {8:1--8:31},
 articleno = {8},
 numpages = {31},
 url = {http://doi.acm.org/10.1145/2483710.2483713},
 doi = {10.1145/2483710.2483713},
 acmid = {2483713},
 publisher = {ACM},
 address = {New York, NY, USA},
 keywords = {CS1, Notional machine, constructivism, introductory programming education, literature review, mental models, misconceptions, phenomenography, threshold concepts},
}

@inproceedings{Berry:2013:DIN:2532748.2532765,
 author = {Berry, Michael and K\"{o}lling, Michael},
 title = {The Design and Implementation of a Notional Machine for Teaching Introductory Programming},
 booktitle = {Proceedings of the 8th Workshop in Primary and Secondary Computing Education},
 series = {WiPSE '13},
 year = {2013},
 isbn = {978-1-4503-2455-7},
 location = {Aarhus, Denmark},
 pages = {25--28},
 numpages = {4},
 url = {http://doi.acm.org/10.1145/2532748.2532765},
 doi = {10.1145/2532748.2532765},
 acmid = {2532765},
 publisher = {ACM},
 address = {New York, NY, USA},
 keywords = {novice programming, program visualization},
}

@inproceedings{Berry:2014:SPN:2591708.2591721,
 author = {Berry, Michael and K\"{o}lling, Michael},
 title = {The State of Play: A Notional Machine for Learning Programming},
 booktitle = {Proceedings of the 2014 Conference on Innovation \&\#38; Technology in Computer Science Education},
 series = {ITiCSE '14},
 year = {2014},
 isbn = {978-1-4503-2833-3},
 location = {Uppsala, Sweden},
 pages = {21--26},
 numpages = {6},
 url = {http://doi.acm.org/10.1145/2591708.2591721},
 doi = {10.1145/2591708.2591721},
 acmid = {2591721},
 publisher = {ACM},
 address = {New York, NY, USA},
 keywords = {novice programming, novis, program visualization},
}

@inproceedings{Sorva:2008:SBD:1595356.1595360,
 author = {Sorva, Juha},
 title = {The Same but Different Students' Understandings of Primitive and Object Variables},
 booktitle = {Proceedings of the 8th International Conference on Computing Education Research},
 series = {Koli '08},
 year = {2008},
 isbn = {978-1-60558-385-3},
 location = {Koli, Finland},
 pages = {5--15},
 numpages = {11},
 url = {http://doi.acm.org/10.1145/1595356.1595360},
 doi = {10.1145/1595356.1595360},
 acmid = {1595360},
 publisher = {ACM},
 address = {New York, NY, USA},
 keywords = {CS1, misconceptions, phenomenography, references, students' understandings, variables},
}

@inproceedings{Schulte:2006:TTI:1151588.1151593,
 author = {Schulte, Carsten and Bennedsen, Jens},
 title = {What Do Teachers Teach in Introductory Programming?},
 booktitle = {Proceedings of the Second International Workshop on Computing Education Research},
 series = {ICER '06},
 year = {2006},
 isbn = {1-59593-494-4},
 location = {Canterbury, United Kingdom},
 pages = {17--28},
 numpages = {12},
 url = {http://doi.acm.org/10.1145/1151588.1151593},
 doi = {10.1145/1151588.1151593},
 acmid = {1151593},
 publisher = {ACM},
 address = {New York, NY, USA},
 keywords = {CS1, OO programming, course design, object interaction, program comprehension},
}

