@inproceedings{Orsega:2012:EAV:2157136.2157296,
 author = {Orsega, Michael C. and Vander Zanden, Bradley T. and Skinner, Christopher H.},
 title = {Experiments with Algorithm Visualization Tool Development},
 booktitle = {Proceedings of the 43rd ACM Technical Symposium on Computer Science Education},
 series = {SIGCSE '12},
 year = {2012},
 isbn = {978-1-4503-1098-7},
 location = {Raleigh, North Carolina, USA},
 pages = {559--564},
 numpages = {6},
 url = {http://doi.acm.org/10.1145/2157136.2157296},
 doi = {10.1145/2157136.2157296},
 acmid = {2157296},
 publisher = {ACM},
 address = {New York, NY, USA},
 keywords = {iSketchmate},
}

