@inproceedings{Buffardi:2014:RAF:2591708.2591756,
 author = {Buffardi, Kevin and Edwards, Stephen H.},
 title = {Responses to Adaptive Feedback for Software Testing},
 booktitle = {Proceedings of the 2014 Conference on Innovation \&\#38; Technology in Computer Science Education},
 series = {ITiCSE '14},
 year = {2014},
 isbn = {978-1-4503-2833-3},
 location = {Uppsala, Sweden},
 pages = {165--170},
 numpages = {6},
 url = {http://doi.acm.org/10.1145/2591708.2591756},
 doi = {10.1145/2591708.2591756},
 acmid = {2591756},
 publisher = {ACM},
 address = {New York, NY, USA},
 keywords = {adaptive feedback, automated assessment, behavioral change, instructional technolgy, operant conditioning, punishment, reinforcement, test-driven development (tdd)},
}

@inproceedings{Kocher:2011:CCS:2024724.2024803,
 author = {Kocher, Paul},
 title = {Complexity and the Challenges of Securing SoCs},
 booktitle = {Proceedings of the 48th Design Automation Conference},
 series = {DAC '11},
 year = {2011},
 isbn = {978-1-4503-0636-2},
 location = {San Diego, California},
 pages = {328--331},
 numpages = {4},
 url = {http://doi.acm.org/10.1145/2024724.2024803},
 doi = {10.1145/2024724.2024803},
 acmid = {2024803},
 publisher = {ACM},
 address = {New York, NY, USA},
 keywords = {anti-tamper, differential power analysis, hardware security, security, side channel attack, tamper evidence, tamper resistance},
}

@inproceedings{Salako:1972:ATD:800194.805881,
 author = {Salako, Abimbola},
 title = {An Approach to the Total Design of Instructional Systems by Simulation},
 booktitle = {Proceedings of the ACM Annual Conference - Volume 2},
 series = {ACM '72},
 year = {1972},
 location = {Boston, Massachusetts, USA},
 pages = {935--949},
 numpages = {15},
 url = {http://doi.acm.org/10.1145/800194.805881},
 doi = {10.1145/800194.805881},
 acmid = {805881},
 publisher = {ACM},
 address = {New York, NY, USA},
 keywords = {Applications, Computer assisted instruction, Instructional systems, Integrated hardware/software design, Modeling, Operating systems, Simulation, System performance, Systems design},
}

