@inproceedings{Seiter:2013:MLP:2493394.2493403,
 author = {Seiter, Linda and Foreman, Brendan},
 title = {Modeling the Learning Progressions of Computational Thinking of Primary Grade Students},
 booktitle = {Proceedings of the Ninth Annual International ACM Conference on International Computing Education Research},
 series = {ICER '13},
 year = {2013},
 isbn = {978-1-4503-2243-0},
 location = {San Diego, San California, USA},
 pages = {59--66},
 numpages = {8},
 url = {http://doi.acm.org/10.1145/2493394.2493403},
 doi = {10.1145/2493394.2493403},
 acmid = {2493403},
 publisher = {ACM},
 address = {New York, NY, USA},
 keywords = {assessment, computational thinking, programming, scratch},
}

