@article{Vivian:2016:MAC:2894200.2793507,
 author = {Vivian, Rebecca and Falkner, Katrina and Falkner, Nickolas and Tarmazdi, Hamid},
 title = {A Method to Analyze Computer Science Students\&Rsquo; Teamwork in Online Collaborative Learning Environments},
 journal = {ACM Trans. Comput. Educ.},
 issue_date = {March 2016},
 volume = {16},
 number = {2},
 month = feb,
 year = {2016},
 issn = {1946-6226},
 pages = {7:1--7:28},
 articleno = {7},
 numpages = {28},
 url = {http://doi.acm.org/10.1145/2793507},
 doi = {10.1145/2793507},
 acmid = {2793507},
 publisher = {ACM},
 address = {New York, NY, USA},
 keywords = {Teamwork, problem-based learning},
}

@article{Cheng:2004:EEI:1026487.1008011,
 author = {Cheng, Chew Swee and Beaumont, Chris},
 title = {Evaluating the Effectiveness of ICT to Support Globally Distributed PBL Teams},
 journal = {SIGCSE Bull.},
 issue_date = {September 2004},
 volume = {36},
 number = {3},
 month = jun,
 year = {2004},
 issn = {0097-8418},
 pages = {47--51},
 numpages = {5},
 url = {http://doi.acm.org/10.1145/1026487.1008011},
 doi = {10.1145/1026487.1008011},
 acmid = {1008011},
 publisher = {ACM},
 address = {New York, NY, USA},
 keywords = {distributed problem-based learning (dPBL), problem-based learning (PBL)},
}

@inproceedings{Cheng:2004:EEI:1007996.1008011,
 author = {Cheng, Chew Swee and Beaumont, Chris},
 title = {Evaluating the Effectiveness of ICT to Support Globally Distributed PBL Teams},
 booktitle = {Proceedings of the 9th Annual SIGCSE Conference on Innovation and Technology in Computer Science Education},
 series = {ITiCSE '04},
 year = {2004},
 isbn = {1-58113-836-9},
 location = {Leeds, United Kingdom},
 pages = {47--51},
 numpages = {5},
 url = {http://doi.acm.org/10.1145/1007996.1008011},
 doi = {10.1145/1007996.1008011},
 acmid = {1008011},
 publisher = {ACM},
 address = {New York, NY, USA},
 keywords = {distributed problem-based learning (dPBL), problem-based learning (PBL)},
}

@inproceedings{Caetano:2015:TSM:2808580.2808603,
 author = {Caetano, N\'{\i}dia and Rocha, Jo\~{a}o and Quadrado, Jos{\'e} Carlos and Cardoso, Jos{\'e} Mar\'{\i}lio and Felgueiras, Manuel Carlos},
 title = {Teaching Sustainability in a Multicultural Environment},
 booktitle = {Proceedings of the 3rd International Conference on Technological Ecosystems for Enhancing Multiculturality},
 series = {TEEM '15},
 year = {2015},
 isbn = {978-1-4503-3442-6},
 location = {Porto, Portugal},
 pages = {145--150},
 numpages = {6},
 url = {http://doi.acm.org/10.1145/2808580.2808603},
 doi = {10.1145/2808580.2808603},
 acmid = {2808603},
 publisher = {ACM},
 address = {New York, NY, USA},
 keywords = {multiculturality, problem based learning, sustainability},
}

@inproceedings{Holland-Minkley:2016:IEI:2839509.2844576,
 author = {Holland-Minkley, Amanda M. and Lombardi, Thomas},
 title = {Improving Engagement in Introductory Courses with Homework Resubmission},
 booktitle = {Proceedings of the 47th ACM Technical Symposium on Computing Science Education},
 series = {SIGCSE '16},
 year = {2016},
 isbn = {978-1-4503-3685-7},
 location = {Memphis, Tennessee, USA},
 pages = {534--539},
 numpages = {6},
 url = {http://doi.acm.org/10.1145/2839509.2844576},
 doi = {10.1145/2839509.2844576},
 acmid = {2844576},
 publisher = {ACM},
 address = {New York, NY, USA},
 keywords = {databases, problem-based learning, programming},
}

@article{Lai:2005:TCA:1113847.1113884,
 author = {Lai, Yiu-chi},
 title = {Teaching Computer Applications to Pre-school Teachers Through Problem Based Learning Approach},
 journal = {SIGCSE Bull.},
 issue_date = {December 2005},
 volume = {37},
 number = {4},
 month = dec,
 year = {2005},
 issn = {0097-8418},
 pages = {89--92},
 numpages = {4},
 url = {http://doi.acm.org/10.1145/1113847.1113884},
 doi = {10.1145/1113847.1113884},
 acmid = {1113884},
 publisher = {ACM},
 address = {New York, NY, USA},
 keywords = {computer applications, problem-based learning, teaching IT},
}

@article{Rosenthal:2005:IRU:1151954.1067575,
 author = {Rosenthal, Tammy},
 title = {Introducing Recursion by Using Multimedia},
 journal = {SIGCSE Bull.},
 issue_date = {September 2005},
 volume = {37},
 number = {3},
 month = jun,
 year = {2005},
 issn = {0097-8418},
 pages = {374--374},
 numpages = {1},
 url = {http://doi.acm.org/10.1145/1151954.1067575},
 doi = {10.1145/1151954.1067575},
 acmid = {1067575},
 publisher = {ACM},
 address = {New York, NY, USA},
 keywords = {problem-based learning, technology-based learning},
}

@inproceedings{Rosenthal:2005:IRU:1067445.1067575,
 author = {Rosenthal, Tammy},
 title = {Introducing Recursion by Using Multimedia},
 booktitle = {Proceedings of the 10th Annual SIGCSE Conference on Innovation and Technology in Computer Science Education},
 series = {ITiCSE '05},
 year = {2005},
 isbn = {1-59593-024-8},
 location = {Caparica, Portugal},
 pages = {374--374},
 numpages = {1},
 url = {http://doi.acm.org/10.1145/1067445.1067575},
 doi = {10.1145/1067445.1067575},
 acmid = {1067575},
 publisher = {ACM},
 address = {New York, NY, USA},
 keywords = {problem-based learning, technology-based learning},
}

@inproceedings{Bouchez-Tichadou:2018:PST:3197091.3197147,
 author = {Bouchez-Tichadou, Florent},
 title = {Problem Solving to Teach Advanced Algorithms in Heterogeneous Groups},
 booktitle = {Proceedings of the 23rd Annual ACM Conference on Innovation and Technology in Computer Science Education},
 series = {ITiCSE 2018},
 year = {2018},
 isbn = {978-1-4503-5707-4},
 location = {Larnaca, Cyprus},
 pages = {200--205},
 numpages = {6},
 url = {http://doi.acm.org/10.1145/3197091.3197147},
 doi = {10.1145/3197091.3197147},
 acmid = {3197147},
 publisher = {ACM},
 address = {New York, NY, USA},
 keywords = {Algorithms, Heterogeneous, Master level, Problem-Based Learning},
}

@article{Ekaterini:2003:TSE:961290.961601,
 author = {Ekaterini, Georgouli and Spyros, Bakoyannis and Panagiotis, Giannakoulias},
 title = {Teaching IT in Secondary Education Through Problem-based Learning Could Be Really Beneficial},
 journal = {SIGCSE Bull.},
 issue_date = {September 2003},
 volume = {35},
 number = {3},
 month = jun,
 year = {2003},
 issn = {0097-8418},
 pages = {243--243},
 numpages = {1},
 url = {http://doi.acm.org/10.1145/961290.961601},
 doi = {10.1145/961290.961601},
 acmid = {961601},
 publisher = {ACM},
 address = {New York, NY, USA},
 keywords = {Problem-Based Learning (PBL), constructivism, research},
}

@inproceedings{Ekaterini:2003:TSE:961511.961601,
 author = {Ekaterini, Georgouli and Spyros, Bakoyannis and Panagiotis, Giannakoulias},
 title = {Teaching IT in Secondary Education Through Problem-based Learning Could Be Really Beneficial},
 booktitle = {Proceedings of the 8th Annual Conference on Innovation and Technology in Computer Science Education},
 series = {ITiCSE '03},
 year = {2003},
 isbn = {1-58113-672-2},
 location = {Thessaloniki, Greece},
 pages = {243--243},
 numpages = {1},
 url = {http://doi.acm.org/10.1145/961511.961601},
 doi = {10.1145/961511.961601},
 acmid = {961601},
 publisher = {ACM},
 address = {New York, NY, USA},
 keywords = {Problem-Based Learning (PBL), constructivism, research},
}

@inproceedings{Homkes:2008:AS:1414558.1414564,
 author = {Homkes, Rick},
 title = {Assessing It Service-learning},
 booktitle = {Proceedings of the 9th ACM SIGITE Conference on Information Technology Education},
 series = {SIGITE '08},
 year = {2008},
 isbn = {978-1-60558-329-7},
 location = {Cincinnati, OH, USA},
 pages = {17--22},
 numpages = {6},
 url = {http://doi.acm.org/10.1145/1414558.1414564},
 doi = {10.1145/1414558.1414564},
 acmid = {1414564},
 publisher = {ACM},
 address = {New York, NY, USA},
 keywords = {experiential learning, problem-based learning, service-learning},
}

@inproceedings{Newman:2003:OEG:858403.858415,
 author = {Newman, Ian and Daniels, Mats and Faulkner, Xristine},
 title = {Open Ended Group Projects a 'Tool' for More Effective Teaching},
 booktitle = {Proceedings of the Fifth Australasian Conference on Computing Education - Volume 20},
 series = {ACE '03},
 year = {2003},
 isbn = {0-909925-98-4},
 location = {Adelaide, Australia},
 pages = {95--103},
 numpages = {9},
 url = {http://dl.acm.org/citation.cfm?id=858403.858415},
 acmid = {858415},
 publisher = {Australian Computer Society, Inc.},
 address = {Darlinghurst, Australia, Australia},
 keywords = {OEPG, constructivism, motivation, problem based learning},
}

@inproceedings{Geist:2015:PLA:2831425.2833197,
 author = {Geist, Robert and Levine, Joshua A. and Westall, James},
 title = {A Problem-based Learning Approach to GPU Computing},
 booktitle = {Proceedings of the Workshop on Education for High-Performance Computing},
 series = {EduHPC '15},
 year = {2015},
 isbn = {978-1-4503-3961-2},
 location = {Austin, Texas},
 pages = {5:1--5:8},
 articleno = {5},
 numpages = {8},
 url = {http://doi.acm.org/10.1145/2831425.2833197},
 doi = {10.1145/2831425.2833197},
 acmid = {2833197},
 publisher = {ACM},
 address = {New York, NY, USA},
 keywords = {GPU, lattice-Boltzmann, problem-based learning},
}

@inproceedings{O'Kelly:2006:RPL:1140124.1140182,
 author = {O'Kelly, Jackie and Gibson, J. Paul},
 title = {RoboCode \& Problem-based Learning: A Non-prescriptive Approach to Teaching Programming},
 booktitle = {Proceedings of the 11th Annual SIGCSE Conference on Innovation and Technology in Computer Science Education},
 series = {ITICSE '06},
 year = {2006},
 isbn = {1-59593-055-8},
 location = {Bologna, Italy},
 pages = {217--221},
 numpages = {5},
 url = {http://doi.acm.org/10.1145/1140124.1140182},
 doi = {10.1145/1140124.1140182},
 acmid = {1140182},
 publisher = {ACM},
 address = {New York, NY, USA},
 keywords = {computing education research, problem based learning},
}

@article{O'Kelly:2006:RPL:1140123.1140182,
 author = {O'Kelly, Jackie and Gibson, J. Paul},
 title = {RoboCode \& Problem-based Learning: A Non-prescriptive Approach to Teaching Programming},
 journal = {SIGCSE Bull.},
 issue_date = {September 2006},
 volume = {38},
 number = {3},
 month = jun,
 year = {2006},
 issn = {0097-8418},
 pages = {217--221},
 numpages = {5},
 url = {http://doi.acm.org/10.1145/1140123.1140182},
 doi = {10.1145/1140123.1140182},
 acmid = {1140182},
 publisher = {ACM},
 address = {New York, NY, USA},
 keywords = {computing education research, problem based learning},
}

@inproceedings{Hogan:2005:DSE:1082424.1082450,
 author = {Hogan, James M. and Thomas, Richard},
 title = {Developing the Software Engineering Team},
 booktitle = {Proceedings of the 7th Australasian Conference on Computing Education - Volume 42},
 series = {ACE '05},
 year = {2005},
 isbn = {1-920682-24-4},
 location = {Newcastle, New South Wales, Australia},
 pages = {203--210},
 numpages = {8},
 url = {http://dl.acm.org/citation.cfm?id=1082424.1082450},
 acmid = {1082450},
 publisher = {Australian Computer Society, Inc.},
 address = {Darlinghurst, Australia, Australia},
 keywords = {problem based learning, software engineering, teamwork},
}

@inproceedings{Ambrosio:2010:EIP:1734263.1734431,
 author = {Ambr\'{o}sio, Ana Paula L. and Costa, F\'{a}bio M.},
 title = {Evaluating the Impact of PBL and Tablet PCs in an Algorithms and Computer Programming Course},
 booktitle = {Proceedings of the 41st ACM Technical Symposium on Computer Science Education},
 series = {SIGCSE '10},
 year = {2010},
 isbn = {978-1-4503-0006-3},
 location = {Milwaukee, Wisconsin, USA},
 pages = {495--499},
 numpages = {5},
 url = {http://doi.acm.org/10.1145/1734263.1734431},
 doi = {10.1145/1734263.1734431},
 acmid = {1734431},
 publisher = {ACM},
 address = {New York, NY, USA},
 keywords = {algorithm teaching, pen-based computing, problem-based learning},
}

@inproceedings{Simmonds:2018:SEM:3194779.3194787,
 author = {Simmonds, Jocelyn and Samary, Ma\'{\i}ra Marques and Tomic, Milenko and Madrid, Francisco and Escobar, Constanza},
 title = {Software Engineering for Millennials, by Millennials},
 booktitle = {Proceedings of the 2Nd International Workshop on Software Engineering Education for Millennials},
 series = {SEEM '18},
 year = {2018},
 isbn = {978-1-4503-5750-0},
 location = {Gothenburg, Sweden},
 pages = {72--79},
 numpages = {8},
 url = {http://doi.acm.org/10.1145/3194779.3194787},
 doi = {10.1145/3194779.3194787},
 acmid = {3194787},
 publisher = {ACM},
 address = {New York, NY, USA},
 keywords = {gender, peer evaluation, project and problem-based learning},
}

@inproceedings{Gibson:2012:TGA:2325296.2325308,
 author = {Gibson, J. Paul},
 title = {Teaching Graph Algorithms to Children of All Ages},
 booktitle = {Proceedings of the 17th ACM Annual Conference on Innovation and Technology in Computer Science Education},
 series = {ITiCSE '12},
 year = {2012},
 isbn = {978-1-4503-1246-2},
 location = {Haifa, Israel},
 pages = {34--39},
 numpages = {6},
 url = {http://doi.acm.org/10.1145/2325296.2325308},
 doi = {10.1145/2325296.2325308},
 acmid = {2325308},
 publisher = {ACM},
 address = {New York, NY, USA},
 keywords = {abstraction, computational thinking, k-12 education, modelling, problem based learning},
}

@inproceedings{Nodelman:2005:CAC:1067445.1067582,
 author = {Nodelman, Vladimir and Haberman, Bruria},
 title = {Complex Analysis in Computer Graphics Course},
 booktitle = {Proceedings of the 10th Annual SIGCSE Conference on Innovation and Technology in Computer Science Education},
 series = {ITiCSE '05},
 year = {2005},
 isbn = {1-59593-024-8},
 location = {Caparica, Portugal},
 pages = {381--381},
 numpages = {1},
 url = {http://doi.acm.org/10.1145/1067445.1067582},
 doi = {10.1145/1067445.1067582},
 acmid = {1067582},
 publisher = {ACM},
 address = {New York, NY, USA},
 keywords = {active learning, computer-aided learning, problem-based learning},
}

@article{Nodelman:2005:CAC:1151954.1067582,
 author = {Nodelman, Vladimir and Haberman, Bruria},
 title = {Complex Analysis in Computer Graphics Course},
 journal = {SIGCSE Bull.},
 issue_date = {September 2005},
 volume = {37},
 number = {3},
 month = jun,
 year = {2005},
 issn = {0097-8418},
 pages = {381--381},
 numpages = {1},
 url = {http://doi.acm.org/10.1145/1151954.1067582},
 doi = {10.1145/1151954.1067582},
 acmid = {1067582},
 publisher = {ACM},
 address = {New York, NY, USA},
 keywords = {active learning, computer-aided learning, problem-based learning},
}

@inproceedings{Hogan:2005:TSI:1082424.1082452,
 author = {Hogan, James M. and Smith, Glenn and Thomas, Richard},
 title = {Tight Spirals and Industry Clients: The Modern SE Education Experience},
 booktitle = {Proceedings of the 7th Australasian Conference on Computing Education - Volume 42},
 series = {ACE '05},
 year = {2005},
 isbn = {1-920682-24-4},
 location = {Newcastle, New South Wales, Australia},
 pages = {217--222},
 numpages = {6},
 url = {http://dl.acm.org/citation.cfm?id=1082424.1082452},
 acmid = {1082452},
 publisher = {Australian Computer Society, Inc.},
 address = {Darlinghurst, Australia, Australia},
 keywords = {iterative development processes, problem based learning, software engineering education},
}

@article{Dolog:2016:APL:2940362.2845091,
 author = {Dolog, Peter and Thomsen, Lone Leth and Thomsen, Bent},
 title = {Assessing Problem-Based Learning in a Software Engineering Curriculum Using Bloom\&Rsquo;s Taxonomy and the IEEE Software Engineering Body of Knowledge},
 journal = {Trans. Comput. Educ.},
 issue_date = {June 2016},
 volume = {16},
 number = {3},
 month = may,
 year = {2016},
 issn = {1946-6226},
 pages = {9:1--9:41},
 articleno = {9},
 numpages = {41},
 url = {http://doi.acm.org/10.1145/2845091},
 doi = {10.1145/2845091},
 acmid = {2845091},
 publisher = {ACM},
 address = {New York, NY, USA},
 keywords = {Problem-based learning, curriculum development, software engineering education},
}

@inproceedings{English:2009:ESP:1562877.1563013,
 author = {English, John and Rosenthal, Tammy},
 title = {Evaluating Students' Programs Using Automated Assessment: A Case Study},
 booktitle = {Proceedings of the 14th Annual ACM SIGCSE Conference on Innovation and Technology in Computer Science Education},
 series = {ITiCSE '09},
 year = {2009},
 isbn = {978-1-60558-381-5},
 location = {Paris, France},
 pages = {371--371},
 numpages = {1},
 url = {http://doi.acm.org/10.1145/1562877.1563013},
 doi = {10.1145/1562877.1563013},
 acmid = {1563013},
 publisher = {ACM},
 address = {New York, NY, USA},
 keywords = {automated assessment, problem-based learning, technology-based learning},
}

@article{English:2009:ESP:1595496.1563013,
 author = {English, John and Rosenthal, Tammy},
 title = {Evaluating Students' Programs Using Automated Assessment: A Case Study},
 journal = {SIGCSE Bull.},
 issue_date = {September 2009},
 volume = {41},
 number = {3},
 month = jul,
 year = {2009},
 issn = {0097-8418},
 pages = {371--371},
 numpages = {1},
 url = {http://doi.acm.org/10.1145/1595496.1563013},
 doi = {10.1145/1595496.1563013},
 acmid = {1563013},
 publisher = {ACM},
 address = {New York, NY, USA},
 keywords = {automated assessment, problem-based learning, technology-based learning},
}

@inproceedings{Wang:2011:TWD:2047594.2047620,
 author = {Wang, Ye Diana},
 title = {Teaching Web Development at a Distance},
 booktitle = {Proceedings of the 2011 Conference on Information Technology Education},
 series = {SIGITE '11},
 year = {2011},
 isbn = {978-1-4503-1017-8},
 location = {West Point, New York, USA},
 pages = {91--96},
 numpages = {6},
 url = {http://doi.acm.org/10.1145/2047594.2047620},
 doi = {10.1145/2047594.2047620},
 acmid = {2047620},
 publisher = {ACM},
 address = {New York, NY, USA},
 keywords = {distance education, eLearning, pedagogy, problem-based learning, web development},
}

@article{O'Grady:2012:PPL:2275597.2275599,
 author = {O'Grady, Michael J.},
 title = {Practical Problem-Based Learning in Computing Education},
 journal = {Trans. Comput. Educ.},
 issue_date = {July 2012},
 volume = {12},
 number = {3},
 month = jul,
 year = {2012},
 issn = {1946-6226},
 pages = {10:1--10:16},
 articleno = {10},
 numpages = {16},
 url = {http://doi.acm.org/10.1145/2275597.2275599},
 doi = {10.1145/2275597.2275599},
 acmid = {2275599},
 publisher = {ACM},
 address = {New York, NY, USA},
 keywords = {Computing Education Research (CER), Problem-Based Learning (PBL)},
}

@inproceedings{Oliver:2005:MLM:1095714.1095781,
 author = {Oliver, J. and Prim, M.},
 title = {Mixed-project-based Learning Methodology in Computer Electronic Engineering},
 booktitle = {Proceedings of the 6th Conference on Information Technology Education},
 series = {SIGITE '05},
 year = {2005},
 isbn = {1-59593-252-6},
 location = {Newark, NJ, USA},
 pages = {291--294},
 numpages = {4},
 url = {http://doi.acm.org/10.1145/1095714.1095781},
 doi = {10.1145/1095714.1095781},
 acmid = {1095781},
 publisher = {ACM},
 address = {New York, NY, USA},
 keywords = {problem-based-learning, project-based-learning, teaching for quality},
}

@article{Chinn:2007:PSS:1269900.1268854,
 author = {Chinn, Donald and Spencer, Catherine and Martin, Kristofer},
 title = {Problem Solving and Student Performance in Data Structures and Algorithms},
 journal = {SIGCSE Bull.},
 issue_date = {September 2007},
 volume = {39},
 number = {3},
 month = jun,
 year = {2007},
 issn = {0097-8418},
 pages = {241--245},
 numpages = {5},
 url = {http://doi.acm.org/10.1145/1269900.1268854},
 doi = {10.1145/1269900.1268854},
 acmid = {1268854},
 publisher = {ACM},
 address = {New York, NY, USA},
 keywords = {collaborative learning environments, problem solving, problem-based learning, treisman workshops},
}

@inproceedings{Chinn:2007:PSS:1268784.1268854,
 author = {Chinn, Donald and Spencer, Catherine and Martin, Kristofer},
 title = {Problem Solving and Student Performance in Data Structures and Algorithms},
 booktitle = {Proceedings of the 12th Annual SIGCSE Conference on Innovation and Technology in Computer Science Education},
 series = {ITiCSE '07},
 year = {2007},
 isbn = {978-1-59593-610-3},
 location = {Dundee, Scotland},
 pages = {241--245},
 numpages = {5},
 url = {http://doi.acm.org/10.1145/1268784.1268854},
 doi = {10.1145/1268784.1268854},
 acmid = {1268854},
 publisher = {ACM},
 address = {New York, NY, USA},
 keywords = {collaborative learning environments, problem solving, problem-based learning, treisman workshops},
}

@inproceedings{Gitonga:2017:SEU:3160908.3160919,
 author = {Gitonga, Rhoda and Onyango, George and Rugar, Thaddaeus},
 title = {Students' Experiences in Using Haiku Learning Platform to Promote Problem Based Learning in a Blended Classroom in Kenya},
 booktitle = {Proceedings of the 2017 International Conference on Education and E-Learning},
 series = {ICEEL 2017},
 year = {2017},
 isbn = {978-1-4503-5377-9},
 location = {Bangkok, Thailand},
 pages = {30--33},
 numpages = {4},
 url = {http://doi.acm.org/10.1145/3160908.3160919},
 doi = {10.1145/3160908.3160919},
 acmid = {3160919},
 publisher = {ACM},
 address = {New York, NY, USA},
 keywords = {Blended learning, Haiku learning platform, Lesson plan, Problem-based learning},
}

@inproceedings{Dickson:2018:WGM:3159450.3162225,
 author = {Dickson, Paul},
 title = {We Should Give Messy Problems and Make Students Reflect on What They Learn: (Abstract Only)},
 booktitle = {Proceedings of the 49th ACM Technical Symposium on Computer Science Education},
 series = {SIGCSE '18},
 year = {2018},
 isbn = {978-1-4503-5103-4},
 location = {Baltimore, Maryland, USA},
 pages = {1103--1103},
 numpages = {1},
 url = {http://doi.acm.org/10.1145/3159450.3162225},
 doi = {10.1145/3159450.3162225},
 acmid = {3162225},
 publisher = {ACM},
 address = {New York, NY, USA},
 keywords = {messy learning, problem based learning, project based learning, reflection},
}

@article{Talabis:2006:HLD:1138403.1138445,
 author = {Talabis, Ryan},
 title = {Honeynet Learning: Discovering IT Security},
 journal = {SIGCSE Bull.},
 issue_date = {June 2006},
 volume = {38},
 number = {2},
 month = jun,
 year = {2006},
 issn = {0097-8418},
 pages = {110--114},
 numpages = {5},
 url = {http://doi.acm.org/10.1145/1138403.1138445},
 doi = {10.1145/1138403.1138445},
 acmid = {1138445},
 publisher = {ACM},
 address = {New York, NY, USA},
 keywords = {Honeynets, IT education, IT security, problem-based learning},
}

@inproceedings{Sommers:2010:ENG:1734263.1734302,
 author = {Sommers, Joel},
 title = {Educating the Next Generation of Spammers},
 booktitle = {Proceedings of the 41st ACM Technical Symposium on Computer Science Education},
 series = {SIGCSE '10},
 year = {2010},
 isbn = {978-1-4503-0006-3},
 location = {Milwaukee, Wisconsin, USA},
 pages = {117--121},
 numpages = {5},
 url = {http://doi.acm.org/10.1145/1734263.1734302},
 doi = {10.1145/1734263.1734302},
 acmid = {1734302},
 publisher = {ACM},
 address = {New York, NY, USA},
 keywords = {active learning, computational thinking, non-majors, problem-based learning},
}

@inproceedings{Sheth:2016:CPP:2839509.2844594,
 author = {Sheth, Swapneel and Murphy, Christian and Ross, Kenneth A. and Shasha, Dennis},
 title = {A Course on Programming and Problem Solving},
 booktitle = {Proceedings of the 47th ACM Technical Symposium on Computing Science Education},
 series = {SIGCSE '16},
 year = {2016},
 isbn = {978-1-4503-3685-7},
 location = {Memphis, Tennessee, USA},
 pages = {323--328},
 numpages = {6},
 url = {http://doi.acm.org/10.1145/2839509.2844594},
 doi = {10.1145/2839509.2844594},
 acmid = {2844594},
 publisher = {ACM},
 address = {New York, NY, USA},
 keywords = {open-ended problems, problem-based learning, soft skills},
}

@inproceedings{Huerta:2018:TES:3284179.3284200,
 author = {Huerta, Milagros and Mora, N{\'e}stor and Armillas, Carlota and N\'{u}\~{n}ez, Javier Jacob},
 title = {Training Engineering Students for the World of Work: A Case Study},
 booktitle = {Proceedings of the Sixth International Conference on Technological Ecosystems for Enhancing Multiculturality},
 series = {TEEM'18},
 year = {2018},
 isbn = {978-1-4503-6518-5},
 location = {Salamanca, Spain},
 pages = {105--112},
 numpages = {8},
 url = {http://doi.acm.org/10.1145/3284179.3284200},
 doi = {10.1145/3284179.3284200},
 acmid = {3284200},
 publisher = {ACM},
 address = {New York, NY, USA},
 keywords = {Professional competence, labour market, problem-based learning, university-industry},
}

@inproceedings{Maenpaa:2015:BPP:2676723.2677262,
 author = {M\"{a}enp\"{a}\"{a}, Hanna and Tarkoma, Sasu and Varjonen, Samu and Vihavainen, Arto},
 title = {Blending Problem- and Project-Based Learning in Internet of Things Education: Case Greenhouse Maintenance},
 booktitle = {Proceedings of the 46th ACM Technical Symposium on Computer Science Education},
 series = {SIGCSE '15},
 year = {2015},
 isbn = {978-1-4503-2966-8},
 location = {Kansas City, Missouri, USA},
 pages = {398--403},
 numpages = {6},
 url = {http://doi.acm.org/10.1145/2676723.2677262},
 doi = {10.1145/2676723.2677262},
 acmid = {2677262},
 publisher = {ACM},
 address = {New York, NY, USA},
 keywords = {greenhouse, internet of things, problem-based learning, project-based learning},
}

@article{Matzko:2006:TCG:1140123.1140170,
 author = {Matzko, Sarah and Davis, Timothy A.},
 title = {Teaching CS1 with Graphics and C},
 journal = {SIGCSE Bull.},
 issue_date = {September 2006},
 volume = {38},
 number = {3},
 month = jun,
 year = {2006},
 issn = {0097-8418},
 pages = {168--172},
 numpages = {5},
 url = {http://doi.acm.org/10.1145/1140123.1140170},
 doi = {10.1145/1140123.1140170},
 acmid = {1140170},
 publisher = {ACM},
 address = {New York, NY, USA},
 keywords = {computer graphics, computer science education, curriculum issues, problem-based learning},
}

@inproceedings{Matzko:2006:TCG:1140124.1140170,
 author = {Matzko, Sarah and Davis, Timothy A.},
 title = {Teaching CS1 with Graphics and C},
 booktitle = {Proceedings of the 11th Annual SIGCSE Conference on Innovation and Technology in Computer Science Education},
 series = {ITICSE '06},
 year = {2006},
 isbn = {1-59593-055-8},
 location = {Bologna, Italy},
 pages = {168--172},
 numpages = {5},
 url = {http://doi.acm.org/10.1145/1140124.1140170},
 doi = {10.1145/1140124.1140170},
 acmid = {1140170},
 publisher = {ACM},
 address = {New York, NY, USA},
 keywords = {computer graphics, computer science education, curriculum issues, problem-based learning},
}

@article{McCracken:1999:WOS:384267.305828,
 author = {McCracken, Michael and Waters, Robert},
 title = {Why? When an Otherwise Successful Intervention Fails},
 journal = {SIGCSE Bull.},
 issue_date = {Sept. 1999},
 volume = {31},
 number = {3},
 month = jun,
 year = {1999},
 issn = {0097-8418},
 pages = {9--12},
 numpages = {4},
 url = {http://doi.acm.org/10.1145/384267.305828},
 doi = {10.1145/384267.305828},
 acmid = {305828},
 publisher = {ACM},
 address = {New York, NY, USA},
 keywords = {Computer Science Education, Information Systems Education, Problem Based Learning},
}

@inproceedings{McCracken:1999:WOS:305786.305828,
 author = {McCracken, Michael and Waters, Robert},
 title = {Why? When an Otherwise Successful Intervention Fails},
 booktitle = {Proceedings of the 4th Annual SIGCSE/SIGCUE ITiCSE Conference on Innovation and Technology in Computer Science Education},
 series = {ITiCSE '99},
 year = {1999},
 isbn = {1-58113-087-2},
 location = {Cracow, Poland},
 pages = {9--12},
 numpages = {4},
 url = {http://doi.acm.org/10.1145/305786.305828},
 doi = {10.1145/305786.305828},
 acmid = {305828},
 publisher = {ACM},
 address = {New York, NY, USA},
 keywords = {Computer Science Education, Information Systems Education, Problem Based Learning},
}

@inproceedings{Chinn:2007:TWS:1227310.1227383,
 author = {Chinn, Donald and Martin, Kristofer and Spencer, Catherine},
 title = {Treisman Workshops and Student Performance in CS},
 booktitle = {Proceedings of the 38th SIGCSE Technical Symposium on Computer Science Education},
 series = {SIGCSE '07},
 year = {2007},
 isbn = {1-59593-361-1},
 location = {Covington, Kentucky, USA},
 pages = {203--207},
 numpages = {5},
 url = {http://doi.acm.org/10.1145/1227310.1227383},
 doi = {10.1145/1227310.1227383},
 acmid = {1227383},
 publisher = {ACM},
 address = {New York, NY, USA},
 keywords = {Treisman workshops, collaborative learning environments, problem-based learning},
}

@article{Chinn:2007:TWS:1227504.1227383,
 author = {Chinn, Donald and Martin, Kristofer and Spencer, Catherine},
 title = {Treisman Workshops and Student Performance in CS},
 journal = {SIGCSE Bull.},
 issue_date = {March 2007},
 volume = {39},
 number = {1},
 month = mar,
 year = {2007},
 issn = {0097-8418},
 pages = {203--207},
 numpages = {5},
 url = {http://doi.acm.org/10.1145/1227504.1227383},
 doi = {10.1145/1227504.1227383},
 acmid = {1227383},
 publisher = {ACM},
 address = {New York, NY, USA},
 keywords = {Treisman workshops, collaborative learning environments, problem-based learning},
}

@inproceedings{Sriphong:2019:IPL:3306500.3306546,
 author = {Sriphong, Lawan},
 title = {Innovative Problem-based Learning Integrated with G Suite for Education},
 booktitle = {Proceedings of the 10th International Conference on E-Education, E-Business, E-Management and E-Learning},
 series = {IC4E '19},
 year = {2019},
 isbn = {978-1-4503-6602-1},
 location = {Tokyo, Japan},
 pages = {163--167},
 numpages = {5},
 url = {http://doi.acm.org/10.1145/3306500.3306546},
 doi = {10.1145/3306500.3306546},
 acmid = {3306546},
 publisher = {ACM},
 address = {New York, NY, USA},
 keywords = {21st century skills, G suite for education, PBL, problem-based learning},
}

@inproceedings{Guedes:2017:PIS:3131151.3131178,
 author = {Guedes, G. T. A. and Bordin, A. S. and Mello, A. V. and Melo, A. M.},
 title = {PBL Integration into a Software Engineering Undergraduate Degree Program Curriculum: An Analysis of the Students' Perceptions},
 booktitle = {Proceedings of the 31st Brazilian Symposium on Software Engineering},
 series = {SBES'17},
 year = {2017},
 isbn = {978-1-4503-5326-7},
 location = {Fortaleza, CE, Brazil},
 pages = {308--317},
 numpages = {10},
 url = {http://doi.acm.org/10.1145/3131151.3131178},
 doi = {10.1145/3131151.3131178},
 acmid = {3131178},
 publisher = {ACM},
 address = {New York, NY, USA},
 keywords = {PBL integrated into the Curriculum, Problem-Based Learning, Software Engineering Undergraduate Degree Program},
}

@inproceedings{Philpott:2009:USP:1508865.1509012,
 author = {Philpott, Anne and Clear, Tony and Whalley, Jacqueline},
 title = {Understanding Student Performance on an Algorithm Simulation Task: Implications for Guided Learning},
 booktitle = {Proceedings of the 40th ACM Technical Symposium on Computer Science Education},
 series = {SIGCSE '09},
 year = {2009},
 isbn = {978-1-60558-183-5},
 location = {Chattanooga, TN, USA},
 pages = {408--412},
 numpages = {5},
 url = {http://doi.acm.org/10.1145/1508865.1509012},
 doi = {10.1145/1508865.1509012},
 acmid = {1509012},
 publisher = {ACM},
 address = {New York, NY, USA},
 keywords = {abstraction, algorithms, comprehension, cs3, discovery learning, novice programmers, problem based learning, solo},
}

@article{Philpott:2009:USP:1539024.1509012,
 author = {Philpott, Anne and Clear, Tony and Whalley, Jacqueline},
 title = {Understanding Student Performance on an Algorithm Simulation Task: Implications for Guided Learning},
 journal = {SIGCSE Bull.},
 issue_date = {March 2009},
 volume = {41},
 number = {1},
 month = mar,
 year = {2009},
 issn = {0097-8418},
 pages = {408--412},
 numpages = {5},
 url = {http://doi.acm.org/10.1145/1539024.1509012},
 doi = {10.1145/1539024.1509012},
 acmid = {1509012},
 publisher = {ACM},
 address = {New York, NY, USA},
 keywords = {abstraction, algorithms, comprehension, cs3, discovery learning, novice programmers, problem based learning, solo},
}

@inproceedings{Turner:2012:DPM:2157136.2157387,
 author = {Turner, Scott Alexander},
 title = {Designing with Projects in Mind: An Approach for Creating Authentic (and Manageable) Programming Projects (Abstract Only)},
 booktitle = {Proceedings of the 43rd ACM Technical Symposium on Computer Science Education},
 series = {SIGCSE '12},
 year = {2012},
 isbn = {978-1-4503-1098-7},
 location = {Raleigh, North Carolina, USA},
 pages = {670--670},
 numpages = {1},
 url = {http://doi.acm.org/10.1145/2157136.2157387},
 doi = {10.1145/2157136.2157387},
 acmid = {2157387},
 publisher = {ACM},
 address = {New York, NY, USA},
 keywords = {computer science education, problem-based learning (PBL), real-world problem, situated learning},
}

@inproceedings{Astrachan:2014:DLD:2538862.2538991,
 author = {Astrachan, Owen and Osborne, Rebecca Brook and Lee, Irene and Beth, Bradley and Gray, Jeff},
 title = {Diverse Learners, Diverse Courses, Diverse Projects: Learning from Challenges in New Directions},
 booktitle = {Proceedings of the 45th ACM Technical Symposium on Computer Science Education},
 series = {SIGCSE '14},
 year = {2014},
 isbn = {978-1-4503-2605-6},
 location = {Atlanta, Georgia, USA},
 pages = {177--178},
 numpages = {2},
 url = {http://doi.acm.org/10.1145/2538862.2538991},
 doi = {10.1145/2538862.2538991},
 acmid = {2538991},
 publisher = {ACM},
 address = {New York, NY, USA},
 keywords = {CS principles, K-12 curriculum, computational thinking, computer science education, outreach, problem based learning},
}

@inproceedings{Clarke:2005:DCS:1082424.1082437,
 author = {Clarke, Sally and Thomas, Richard and Adams, Michael},
 title = {Developing Case Studies to Enhance Student Learning},
 booktitle = {Proceedings of the 7th Australasian Conference on Computing Education - Volume 42},
 series = {ACE '05},
 year = {2005},
 isbn = {1-920682-24-4},
 location = {Newcastle, New South Wales, Australia},
 pages = {101--108},
 numpages = {8},
 url = {http://dl.acm.org/citation.cfm?id=1082424.1082437},
 acmid = {1082437},
 publisher = {Australian Computer Society, Inc.},
 address = {Darlinghurst, Australia, Australia},
 keywords = {case-study, intermediate-level Java programming, problem-based learning, swing, system design, unit testing},
}

@article{Matzko:2006:PDU:1181901.1181924,
 author = {Matzko, Sarah and Davis, Timothy},
 title = {Pair Design in Undergraduate Labs},
 journal = {J. Comput. Sci. Coll.},
 issue_date = {December 2006},
 volume = {22},
 number = {2},
 month = dec,
 year = {2006},
 issn = {1937-4771},
 pages = {123--130},
 numpages = {8},
 url = {http://dl.acm.org/citation.cfm?id=1181901.1181924},
 acmid = {1181924},
 publisher = {Consortium for Computing Sciences in Colleges},
 address = {USA},
 keywords = {computer science education, curriculum issues, education, pair programming, problem-based learning, program design, teamwork},
}

@article{Kumar:2004:WTL:1026487.1008100,
 author = {Kumar, Amruth},
 title = {Web-based Tutors for Learning Programming in C++/Java},
 journal = {SIGCSE Bull.},
 issue_date = {September 2004},
 volume = {36},
 number = {3},
 month = jun,
 year = {2004},
 issn = {0097-8418},
 pages = {266--266},
 numpages = {1},
 url = {http://doi.acm.org/10.1145/1026487.1008100},
 doi = {10.1145/1026487.1008100},
 acmid = {1008100},
 publisher = {ACM},
 address = {New York, NY, USA},
 keywords = {active learning, introductory computer science, online tutors, problem-based learning, programming, web-based tutors},
}

@inproceedings{Kumar:2004:WTL:1007996.1008100,
 author = {Kumar, Amruth},
 title = {Web-based Tutors for Learning Programming in C++/Java},
 booktitle = {Proceedings of the 9th Annual SIGCSE Conference on Innovation and Technology in Computer Science Education},
 series = {ITiCSE '04},
 year = {2004},
 isbn = {1-58113-836-9},
 location = {Leeds, United Kingdom},
 pages = {266--266},
 numpages = {1},
 url = {http://doi.acm.org/10.1145/1007996.1008100},
 doi = {10.1145/1007996.1008100},
 acmid = {1008100},
 publisher = {ACM},
 address = {New York, NY, USA},
 keywords = {active learning, introductory computer science, online tutors, problem-based learning, programming, web-based tutors},
}

@inproceedings{Barriocanal:2018:AMP:3284179.3284237,
 author = {Barriocanal, Elena Garc\'{\i}a and Sicilia, Miguel-Angel and S\'{a}nchez-Alonso, Salvador and Cuadrado, Juan-Jos{\'e}},
 title = {Agile Methods As Problem-based Learning Designs: Setting and Assessment},
 booktitle = {Proceedings of the Sixth International Conference on Technological Ecosystems for Enhancing Multiculturality},
 series = {TEEM'18},
 year = {2018},
 isbn = {978-1-4503-6518-5},
 location = {Salamanca, Spain},
 pages = {339--346},
 numpages = {8},
 url = {http://doi.acm.org/10.1145/3284179.3284237},
 doi = {10.1145/3284179.3284237},
 acmid = {3284237},
 publisher = {ACM},
 address = {New York, NY, USA},
 keywords = {Jira, Problem-based learning, agile methods, learning analytics, software engineering teaching},
}

@article{Flood:2005:TPC:1151954.1067533,
 author = {Flood, Raymond and Lockhart, Bob},
 title = {Teaching Programming Collaboratively},
 journal = {SIGCSE Bull.},
 issue_date = {September 2005},
 volume = {37},
 number = {3},
 month = jun,
 year = {2005},
 issn = {0097-8418},
 pages = {321--324},
 numpages = {4},
 url = {http://doi.acm.org/10.1145/1151954.1067533},
 doi = {10.1145/1151954.1067533},
 acmid = {1067533},
 publisher = {ACM},
 address = {New York, NY, USA},
 keywords = {classroom dialogue, collaborative learning, meta-languages, problem-based learning, teaching programming concepts},
}

@inproceedings{Flood:2005:TPC:1067445.1067533,
 author = {Flood, Raymond and Lockhart, Bob},
 title = {Teaching Programming Collaboratively},
 booktitle = {Proceedings of the 10th Annual SIGCSE Conference on Innovation and Technology in Computer Science Education},
 series = {ITiCSE '05},
 year = {2005},
 isbn = {1-59593-024-8},
 location = {Caparica, Portugal},
 pages = {321--324},
 numpages = {4},
 url = {http://doi.acm.org/10.1145/1067445.1067533},
 doi = {10.1145/1067445.1067533},
 acmid = {1067533},
 publisher = {ACM},
 address = {New York, NY, USA},
 keywords = {classroom dialogue, collaborative learning, meta-languages, problem-based learning, teaching programming concepts},
}

@inproceedings{Pollock:2011:CMP:1999747.1999820,
 author = {Pollock, Lori and Harvey, Terry},
 title = {Combining Multiple Pedagogies to Boost Learning and Enthusiasm},
 booktitle = {Proceedings of the 16th Annual Joint Conference on Innovation and Technology in Computer Science Education},
 series = {ITiCSE '11},
 year = {2011},
 isbn = {978-1-4503-0697-3},
 location = {Darmstadt, Germany},
 pages = {258--262},
 numpages = {5},
 url = {http://doi.acm.org/10.1145/1999747.1999820},
 doi = {10.1145/1999747.1999820},
 acmid = {1999820},
 publisher = {ACM},
 address = {New York, NY, USA},
 keywords = {collaborative learning, problem-based learning, reflective journaling, service learning, studio-based classroom},
}

@inproceedings{Burns:2012:IHS:2157136.2157199,
 author = {Burns, Richard and Pollock, Lori and Harvey, Terry},
 title = {Integrating Hard and Soft Skills: Software Engineers Serving Middle School Teachers},
 booktitle = {Proceedings of the 43rd ACM Technical Symposium on Computer Science Education},
 series = {SIGCSE '12},
 year = {2012},
 isbn = {978-1-4503-1098-7},
 location = {Raleigh, North Carolina, USA},
 pages = {209--214},
 numpages = {6},
 url = {http://doi.acm.org/10.1145/2157136.2157199},
 doi = {10.1145/2157136.2157199},
 acmid = {2157199},
 publisher = {ACM},
 address = {New York, NY, USA},
 keywords = {problem-based learning, reflective journaling, service learning, soft skills, software engineering, studio-based classroom},
}

@inproceedings{Zaharias:2012:EVW:2212776.2212810,
 author = {Zaharias, Panagiotis and Belk, Marios and Samaras, George},
 title = {Employing Virtual Worlds for HCI Education: A Problem-based Learning Approach},
 booktitle = {CHI '12 Extended Abstracts on Human Factors in Computing Systems},
 series = {CHI EA '12},
 year = {2012},
 isbn = {978-1-4503-1016-1},
 location = {Austin, Texas, USA},
 pages = {317--326},
 numpages = {10},
 url = {http://doi.acm.org/10.1145/2212776.2212810},
 doi = {10.1145/2212776.2212810},
 acmid = {2212810},
 publisher = {ACM},
 address = {New York, NY, USA},
 keywords = {hci design, hci education, interface design, problem-based learning, virtual worlds},
}

@inproceedings{Matzko:2006:UGR:1179295.1179305,
 author = {Matzko, Sarah and Davis, Timothy},
 title = {Using Graphics Research to Teach Freshman Computer Science},
 booktitle = {ACM SIGGRAPH 2006 Educators Program},
 series = {SIGGRAPH '06},
 year = {2006},
 isbn = {1-59593-364-6},
 location = {Boston, Massachusetts},
 articleno = {9},
 url = {http://doi.acm.org/10.1145/1179295.1179305},
 doi = {10.1145/1179295.1179305},
 acmid = {1179305},
 publisher = {ACM},
 address = {New York, NY, USA},
 keywords = {Education, Research, computer graphics, computer science education, curriculum issues, problem-based learning, undergraduate research},
}

@article{Matzko:2008:GAD:1597849.1384302,
 author = {Matzko, Sarah and Davis, Timothy A.},
 title = {A Graphics-based Approach to Data Structures},
 journal = {SIGCSE Bull.},
 issue_date = {September 2008},
 volume = {40},
 number = {3},
 month = jun,
 year = {2008},
 issn = {0097-8418},
 pages = {109--113},
 numpages = {5},
 url = {http://doi.acm.org/10.1145/1597849.1384302},
 doi = {10.1145/1597849.1384302},
 acmid = {1384302},
 publisher = {ACM},
 address = {New York, NY, USA},
 keywords = {computer graphics, computer science education, curriculum issues, data structures, problem-based learning (pbl)},
}

@inproceedings{Matzko:2008:GAD:1384271.1384302,
 author = {Matzko, Sarah and Davis, Timothy A.},
 title = {A Graphics-based Approach to Data Structures},
 booktitle = {Proceedings of the 13th Annual Conference on Innovation and Technology in Computer Science Education},
 series = {ITiCSE '08},
 year = {2008},
 isbn = {978-1-60558-078-4},
 location = {Madrid, Spain},
 pages = {109--113},
 numpages = {5},
 url = {http://doi.acm.org/10.1145/1384271.1384302},
 doi = {10.1145/1384271.1384302},
 acmid = {1384302},
 publisher = {ACM},
 address = {New York, NY, USA},
 keywords = {computer graphics, computer science education, curriculum issues, data structures, problem-based learning (pbl)},
}

@inproceedings{Dickson:2019:BRC:3287324.3293733,
 author = {Dickson, Paul E. and Barr, John},
 title = {Bringing Reflection into Computer Science Education},
 booktitle = {Proceedings of the 50th ACM Technical Symposium on Computer Science Education},
 series = {SIGCSE '19},
 year = {2019},
 isbn = {978-1-4503-5890-3},
 location = {Minneapolis, MN, USA},
 pages = {1249--1249},
 numpages = {1},
 url = {http://doi.acm.org/10.1145/3287324.3293733},
 doi = {10.1145/3287324.3293733},
 acmid = {3293733},
 publisher = {ACM},
 address = {New York, NY, USA},
 keywords = {open-ended group projects, problem based-learning, project based-learning, reflection, self-regulated learning},
}

@inproceedings{Borjesson:2007:CPD:1297846.1297941,
 author = {Borjesson, Anna and Pareto, Lars and Snis, Ulrika Lundh and Staron, Miroslaw},
 title = {Continuing Professional Development by Practitioner Integrated Learning},
 booktitle = {Companion to the 22Nd ACM SIGPLAN Conference on Object-oriented Programming Systems and Applications Companion},
 series = {OOPSLA '07},
 year = {2007},
 isbn = {978-1-59593-865-7},
 location = {Montreal, Quebec, Canada},
 pages = {897--907},
 numpages = {11},
 url = {http://doi.acm.org/10.1145/1297846.1297941},
 doi = {10.1145/1297846.1297941},
 acmid = {1297941},
 publisher = {ACM},
 address = {New York, NY, USA},
 keywords = {PBL, action research, continuing professional development, lifelong learning, practitioner integrated learning, problem based learning},
}

@article{Renaud:2013:THS:2499947.2492687,
 author = {Renaud, Karen and Cutts, Quintin},
 title = {Teaching Human-centered Security Using Nontraditional Techniques},
 journal = {Trans. Comput. Educ.},
 issue_date = {August 2013},
 volume = {13},
 number = {3},
 month = aug,
 year = {2013},
 issn = {1946-6226},
 pages = {11:1--11:23},
 articleno = {11},
 numpages = {23},
 url = {http://doi.acm.org/10.1145/2492687},
 doi = {10.1145/2492687},
 acmid = {2492687},
 publisher = {ACM},
 address = {New York, NY, USA},
 keywords = {Peer instruction, activity-based learning, flip teaching, humans, peer instruction, problem-based learning, realism, security},
}

@inproceedings{Dickson:2019:MLP:3287324.3293819,
 author = {Dickson, Paul E. and Barr, John},
 title = {Messy Learning: When Problem-based Learning Just Isn'T Enough},
 booktitle = {Proceedings of the 50th ACM Technical Symposium on Computer Science Education},
 series = {SIGCSE '19},
 year = {2019},
 isbn = {978-1-4503-5890-3},
 location = {Minneapolis, MN, USA},
 pages = {1256--1256},
 numpages = {1},
 url = {http://doi.acm.org/10.1145/3287324.3293819},
 doi = {10.1145/3287324.3293819},
 acmid = {3293819},
 publisher = {ACM},
 address = {New York, NY, USA},
 keywords = {messy learning, open-ended group projects, project based-learning, reflection, problem based-learning, self-regulated learning},
}

@inproceedings{Quade:2006:DHS:1140124.1140213,
 author = {Quade, Ann M.},
 title = {Developing a Hybrid Software Engineering Curse That Promotes Project-based Active Learning},
 booktitle = {Proceedings of the 11th Annual SIGCSE Conference on Innovation and Technology in Computer Science Education},
 series = {ITICSE '06},
 year = {2006},
 isbn = {1-59593-055-8},
 location = {Bologna, Italy},
 pages = {308--308},
 numpages = {1},
 url = {http://doi.acm.org/10.1145/1140124.1140213},
 doi = {10.1145/1140124.1140213},
 acmid = {1140213},
 publisher = {ACM},
 address = {New York, NY, USA},
 keywords = {active learning, cooperative group learning, course framework, hybrid course development, problem-based learning (PBL), software engineering},
}

@article{Quade:2006:DHS:1140123.1140213,
 author = {Quade, Ann M.},
 title = {Developing a Hybrid Software Engineering Curse That Promotes Project-based Active Learning},
 journal = {SIGCSE Bull.},
 issue_date = {September 2006},
 volume = {38},
 number = {3},
 month = jun,
 year = {2006},
 issn = {0097-8418},
 pages = {308--308},
 numpages = {1},
 url = {http://doi.acm.org/10.1145/1140123.1140213},
 doi = {10.1145/1140123.1140213},
 acmid = {1140213},
 publisher = {ACM},
 address = {New York, NY, USA},
 keywords = {active learning, cooperative group learning, course framework, hybrid course development, problem-based learning (PBL), software engineering},
}

@inproceedings{Sancho:2008:MRG:1413634.1413652,
 author = {Sancho, Pilar and G\'{o}mez-Mart\'{\i}n, Pedro Pablo and Fern\'{a}ndez-Manj\'{o}n, Baltasar},
 title = {Multiplayer Role Games Applied to Problem Based Learning},
 booktitle = {Proceedings of the 3rd International Conference on Digital Interactive Media in Entertainment and Arts},
 series = {DIMEA '08},
 year = {2008},
 isbn = {978-1-60558-248-1},
 location = {Athens, Greece},
 pages = {69--76},
 numpages = {8},
 url = {http://doi.acm.org/10.1145/1413634.1413652},
 doi = {10.1145/1413634.1413652},
 acmid = {1413652},
 publisher = {ACM},
 address = {New York, NY, USA},
 keywords = {P1.10 [educational/serious games], computer supported collaborative learning, game based learning, learning in virtual environments, problem based learning},
}

@inproceedings{Smith:2005:CMP:1095714.1095751,
 author = {Smith,III, Harold H. and Smarkusky, Debra L.},
 title = {Competency Matrices for Peer Assessment of Individuals in Team Projects},
 booktitle = {Proceedings of the 6th Conference on Information Technology Education},
 series = {SIGITE '05},
 year = {2005},
 isbn = {1-59593-252-6},
 location = {Newark, NJ, USA},
 pages = {155--162},
 numpages = {8},
 url = {http://doi.acm.org/10.1145/1095714.1095751},
 doi = {10.1145/1095714.1095751},
 acmid = {1095751},
 publisher = {ACM},
 address = {New York, NY, USA},
 keywords = {competency matrix, peer assessment, problem-based learning, project-based learning, team process},
}

@inproceedings{Tan:2009:TSI:1542130.1542136,
 author = {Tan, Wee-Kek and Teo, Hock-Hai},
 title = {Training Students to Be Innovative Information Systems Developers: Synergizing Project-based Learning with Problem-based Learning},
 booktitle = {Proceedings of the Special Interest Group on Management Information System's 47th Annual Conference on Computer Personnel Research},
 series = {SIGMIS CPR '09},
 year = {2009},
 isbn = {978-1-60558-427-0},
 location = {Limerick, Ireland},
 pages = {19--32},
 numpages = {14},
 url = {http://doi.acm.org/10.1145/1542130.1542136},
 doi = {10.1145/1542130.1542136},
 acmid = {1542136},
 publisher = {ACM},
 address = {New York, NY, USA},
 keywords = {business innovation, curriculum design, information systems development, problem-based learning, project-based learning},
}

@inproceedings{Suebnukarn:2004:CIT:964442.964447,
 author = {Suebnukarn, Siriwan and Haddawy, Peter},
 title = {A Collaborative Intelligent Tutoring System for Medical Problem-based Learning},
 booktitle = {Proceedings of the 9th International Conference on Intelligent User Interfaces},
 series = {IUI '04},
 year = {2004},
 isbn = {1-58113-815-6},
 location = {Funchal, Madeira, Portugal},
 pages = {14--21},
 numpages = {8},
 url = {http://doi.acm.org/10.1145/964442.964447},
 doi = {10.1145/964442.964447},
 acmid = {964447},
 publisher = {ACM},
 address = {New York, NY, USA},
 keywords = {bayesian networks, collaborative environments, intelligent tutoring systems, medicine, multi-modal interfaces, problem-based learning},
}

@inproceedings{Villagrasa:2013:GLC:2536536.2536602,
 author = {Villagrasa, Sergi and Duran, Jaume},
 title = {Gamification for Learning 3D Computer Graphics Arts},
 booktitle = {Proceedings of the First International Conference on Technological Ecosystem for Enhancing Multiculturality},
 series = {TEEM '13},
 year = {2013},
 isbn = {978-1-4503-2345-1},
 location = {Salamanca, Spain},
 pages = {429--433},
 numpages = {5},
 url = {http://doi.acm.org/10.1145/2536536.2536602},
 doi = {10.1145/2536536.2536602},
 acmid = {2536602},
 publisher = {ACM},
 address = {New York, NY, USA},
 keywords = {3D education, engage, gamification, problem based learning, quest based learning, web GL},
}

@article{Sigman:2007:ESF:1227504.1227463,
 author = {Sigman, Scott},
 title = {Engaging Students in Formal Language Theory and Theory of Computation},
 journal = {SIGCSE Bull.},
 issue_date = {March 2007},
 volume = {39},
 number = {1},
 month = mar,
 year = {2007},
 issn = {0097-8418},
 pages = {450--453},
 numpages = {4},
 url = {http://doi.acm.org/10.1145/1227504.1227463},
 doi = {10.1145/1227504.1227463},
 acmid = {1227463},
 publisher = {ACM},
 address = {New York, NY, USA},
 keywords = {Moore method, discovery learning, formal language theory, inquiry learning, problem based learning, theory of computation},
}

@inproceedings{Sigman:2007:ESF:1227310.1227463,
 author = {Sigman, Scott},
 title = {Engaging Students in Formal Language Theory and Theory of Computation},
 booktitle = {Proceedings of the 38th SIGCSE Technical Symposium on Computer Science Education},
 series = {SIGCSE '07},
 year = {2007},
 isbn = {1-59593-361-1},
 location = {Covington, Kentucky, USA},
 pages = {450--453},
 numpages = {4},
 url = {http://doi.acm.org/10.1145/1227310.1227463},
 doi = {10.1145/1227310.1227463},
 acmid = {1227463},
 publisher = {ACM},
 address = {New York, NY, USA},
 keywords = {Moore method, discovery learning, formal language theory, inquiry learning, problem based learning, theory of computation},
}

@inproceedings{Kanan:2015:BDT:2756406.2756943,
 author = {Kanan, Tarek and Zhang, Xuan and Magdy, Mohamed and Fox, Edward},
 title = {Big Data Text Summarization for Events: A Problem Based Learning Course},
 booktitle = {Proceedings of the 15th ACM/IEEE-CS Joint Conference on Digital Libraries},
 series = {JCDL '15},
 year = {2015},
 isbn = {978-1-4503-3594-2},
 location = {Knoxville, Tennessee, USA},
 pages = {87--90},
 numpages = {4},
 url = {http://doi.acm.org/10.1145/2756406.2756943},
 doi = {10.1145/2756406.2756943},
 acmid = {2756943},
 publisher = {ACM},
 address = {New York, NY, USA},
 keywords = {big data, computational linguistics, digital libraries, problem based learning, text summarization},
}

@inproceedings{Krusche:2016:EEL:2839509.2844599,
 author = {Krusche, Stephan and Reichart, Barbara and Tolstoi, Paul and Bruegge, Bernd},
 title = {Experiences from an Experiential Learning Course on Games Development},
 booktitle = {Proceedings of the 47th ACM Technical Symposium on Computing Science Education},
 series = {SIGCSE '16},
 year = {2016},
 isbn = {978-1-4503-3685-7},
 location = {Memphis, Tennessee, USA},
 pages = {582--587},
 numpages = {6},
 url = {http://doi.acm.org/10.1145/2839509.2844599},
 doi = {10.1145/2839509.2844599},
 acmid = {2844599},
 publisher = {ACM},
 address = {New York, NY, USA},
 keywords = {blended learning, cooperative learning, interactive tutorials, problem-based learning, software engineering},
}

@inproceedings{Greening:1996:PLF:369585.369588,
 author = {Greening, Tony and Kay, Judy and Kingston, Jeffrey H. and Crawford, Kathryn},
 title = {Problem-based Learning of First Year Computer Science},
 booktitle = {Proceedings of the 1st Australasian Conference on Computer Science Education},
 series = {ACSE '96},
 year = {1996},
 isbn = {0-89791-845-2},
 location = {Sydney, Australia},
 pages = {13--18},
 numpages = {6},
 url = {http://doi.acm.org/10.1145/369585.369588},
 doi = {10.1145/369585.369588},
 acmid = {369588},
 publisher = {ACM},
 address = {New York, NY, USA},
}

@article{Chinn:2005:CPL:1088791.1088833,
 author = {Chinn, Donald and Martin, Kristofer},
 title = {Collaborative, Problem-based Learning in Computer Science},
 journal = {J. Comput. Sci. Coll.},
 issue_date = {October 2005},
 volume = {21},
 number = {1},
 month = oct,
 year = {2005},
 issn = {1937-4771},
 pages = {239--245},
 numpages = {7},
 url = {http://dl.acm.org/citation.cfm?id=1088791.1088833},
 acmid = {1088833},
 publisher = {Consortium for Computing Sciences in Colleges},
 address = {USA},
}

@article{Soares:2011:PBL:2037151.2037161,
 author = {Soares, Andrey},
 title = {Problem Based Learning in Introduction to Programming Courses},
 journal = {J. Comput. Sci. Coll.},
 issue_date = {October 2011},
 volume = {27},
 number = {1},
 month = oct,
 year = {2011},
 issn = {1937-4771},
 pages = {36--36},
 numpages = {1},
 url = {http://dl.acm.org/citation.cfm?id=2037151.2037161},
 acmid = {2037161},
 publisher = {Consortium for Computing Sciences in Colleges},
 address = {USA},
}

@inproceedings{deOliveiraFontes:2011:AAS:1982185.1982444,
 author = {de Oliveira Fontes, Laysa Mabel and Neto, Francisco Milton Mendes and Pontes, Alexandre \'{A}dames Alves and de Lima Campos, Gustavo Augusto},
 title = {An Agent-based Architecture for Supporting the Workgroups Creation and the Detection of Out-of-context Conversation on Problem-based Learning in Virtual Learning Environments},
 booktitle = {Proceedings of the 2011 ACM Symposium on Applied Computing},
 series = {SAC '11},
 year = {2011},
 isbn = {978-1-4503-0113-8},
 location = {TaiChung, Taiwan},
 pages = {1175--1180},
 numpages = {6},
 url = {http://doi.acm.org/10.1145/1982185.1982444},
 doi = {10.1145/1982185.1982444},
 acmid = {1982444},
 publisher = {ACM},
 address = {New York, NY, USA},
 keywords = {agents, collaborative learning, multiagent systems, out-of-context conversation, problem-based learning, virtual learning environments, workgroups creation},
}

@inproceedings{Sein-Echaluce:2015:DAE:2808580.2808606,
 author = {Sein-Echaluce, Mar\'{\i}a Luisa and Aguado, Pedro Manuel and Esteban-Esca\~{n}o, Javier and Esteban-S\'{a}nchez, Ana and Florent\'{\i}n, Patricia and Gracia-G\'{o}mez, Mar\'{\i}a Columna and Ler\'{\i}s, Dolores and Vea, Fernando and Velamaz\'{a}n, Mar\'{\i}a \'{A}ngeles},
 title = {Design of Adaptive Experiences in Higher Education Through a Learning Management System},
 booktitle = {Proceedings of the 3rd International Conference on Technological Ecosystems for Enhancing Multiculturality},
 series = {TEEM '15},
 year = {2015},
 isbn = {978-1-4503-3442-6},
 location = {Porto, Portugal},
 pages = {165--171},
 numpages = {7},
 url = {http://doi.acm.org/10.1145/2808580.2808606},
 doi = {10.1145/2808580.2808606},
 acmid = {2808606},
 publisher = {ACM},
 address = {New York, NY, USA},
 keywords = {adaptive learning, blended learning, learning contents management system, massive open online courses, problems based learning, projects based learning},
}

@article{Goel:2006:IMI:1243481.1243483,
 author = {Goel, Sanjay and Pon, Damira and Bloniarz, Peter and Bangert-Drowns, Robert and Berg, George and Delio, Vince and Iwan, Laura and Hurbanek, Thomas and Schuman, Sandoor P. and Gangolly, Jagdish and Baykal, Adnan and Hobbs, Jon},
 title = {Innovative Model for Information Assurance Curriculum: A Teaching Hospital},
 journal = {J. Educ. Resour. Comput.},
 issue_date = {September 2006},
 volume = {6},
 number = {3},
 month = sep,
 year = {2006},
 issn = {1531-4278},
 articleno = {2},
 url = {http://doi.acm.org/10.1145/1243481.1243483},
 doi = {10.1145/1243481.1243483},
 acmid = {1243483},
 publisher = {ACM},
 address = {New York, NY, USA},
 keywords = {Education, case-based learning, cases, constructivism, information assurance, information security education, learning, problem-based learning, teaching hospital},
}

@article{Koschmann:1992:ICP:130893.130902,
 author = {Koschmann, T. D. and Feltovich, P. J. and Myers, A. C. and Barrows, H. S.},
 title = {Implications of CSCL for Problem-based Learning},
 journal = {SIGCUE Outlook},
 issue_date = {Spring 1992},
 volume = {21},
 number = {3},
 month = feb,
 year = {1992},
 issn = {0163-5735},
 pages = {32--35},
 numpages = {4},
 url = {http://doi.acm.org/10.1145/130893.130902},
 doi = {10.1145/130893.130902},
 acmid = {130902},
 publisher = {ACM},
 address = {New York, NY, USA},
}

@inproceedings{Macnish:2017:UES:3175536.3175550,
 author = {Macnish, Jean and Bate, Frank and Stewart, Nigel},
 title = {Using e-Textbooks to Support Problem-based Learning in Science: Learning from the Journey},
 booktitle = {Proceedings of the 2017 9th International Conference on Education Technology and Computers},
 series = {ICETC 2017},
 year = {2017},
 isbn = {978-1-4503-5435-6},
 location = {Barcelona, Spain},
 pages = {111--116},
 numpages = {6},
 url = {http://doi.acm.org/10.1145/3175536.3175550},
 doi = {10.1145/3175536.3175550},
 acmid = {3175550},
 publisher = {ACM},
 address = {New York, NY, USA},
 keywords = {PBL, e-textbooks, educational technology},
}

@inproceedings{Kawash:2012:ESI:2380552.2380617,
 author = {Kawash, Jalal},
 title = {Engaging Students by Intertwining Puzzle-based and Problem-based Learning},
 booktitle = {Proceedings of the 13th Annual Conference on Information Technology Education},
 series = {SIGITE '12},
 year = {2012},
 isbn = {978-1-4503-1464-0},
 location = {Calgary, Alberta, Canada},
 pages = {227--232},
 numpages = {6},
 url = {http://doi.acm.org/10.1145/2380552.2380617},
 doi = {10.1145/2380552.2380617},
 acmid = {2380617},
 publisher = {ACM},
 address = {New York, NY, USA},
 keywords = {computer literacy, computer science education, first-year curriculum, problem-solving, puzzles},
}

@inproceedings{Hamilton:2003:ETC:858403.858428,
 author = {Hamilton, Margaret and Harland, James and Padgham, Lin},
 title = {Experiences in Teaching Computing Theory via Aspects of Problem-based Learning},
 booktitle = {Proceedings of the Fifth Australasian Conference on Computing Education - Volume 20},
 series = {ACE '03},
 year = {2003},
 isbn = {0-909925-98-4},
 location = {Adelaide, Australia},
 pages = {207--211},
 numpages = {5},
 url = {http://dl.acm.org/citation.cfm?id=858403.858428},
 acmid = {858428},
 publisher = {Australian Computer Society, Inc.},
 address = {Darlinghurst, Australia, Australia},
}

@inproceedings{Fekete:1998:CTC:289393.289421,
 author = {Fekete, Alan and Greening, Tony and Kingston, Jeffrey},
 title = {Conveying Technical Content in a Curriculum Using Problem Based Learning},
 booktitle = {Proceedings of the 3rd Australasian Conference on Computer Science Education},
 series = {ACSE '98},
 year = {1998},
 isbn = {1-58113-018-X},
 location = {The University of Queensland, Australia},
 pages = {198--202},
 numpages = {5},
 url = {http://doi.acm.org/10.1145/289393.289421},
 doi = {10.1145/289393.289421},
 acmid = {289421},
 publisher = {ACM},
 address = {New York, NY, USA},
}

@inproceedings{Mahling:1995:CES:222020.222182,
 author = {Mahling, Dirk E. and Sorrows, Bryan B. and Skogseid, Ingjerd},
 title = {A Collaborative Environment for Semi-structured Medical Problem Based Learning},
 booktitle = {The First International Conference on Computer Support for Collaborative Learning},
 series = {CSCL '95},
 year = {1995},
 isbn = {0-8058-2243-7},
 location = {Indiana Univ., Bloomington, Indiana, USA},
 pages = {218--225},
 numpages = {8},
 url = {https://doi.org/10.3115/222020.222182},
 doi = {10.3115/222020.222182},
 acmid = {222182},
 publisher = {L. Erlbaum Associates Inc.},
 address = {Hillsdale, NJ, USA},
 keywords = {CSCL shells, case and knowledge acquisition, case display, collaborative learning, exploration and discovery systems, group support systems, group tutoring systems, problem based learning, shared information spaces, user annotations},
}

@inproceedings{McCown:1995:UCW:222020.222193,
 author = {McCown, R. R. and Driscoll, Marcy P.},
 title = {Using Collaborative Writing and Problem-based Learning in the College Classroom},
 booktitle = {The First International Conference on Computer Support for Collaborative Learning},
 series = {CSCL '95},
 year = {1995},
 isbn = {0-8058-2243-7},
 location = {Indiana Univ., Bloomington, Indiana, USA},
 pages = {238--241},
 numpages = {4},
 url = {https://doi.org/10.3115/222020.222193},
 doi = {10.3115/222020.222193},
 acmid = {222193},
 publisher = {L. Erlbaum Associates Inc.},
 address = {Hillsdale, NJ, USA},
 keywords = {collaborative conceptual mapping, collaborative writing, problem-identification, problem-solving, student-centered instruction},
}

@inproceedings{Cavedon:1997:PBL:299359.299387,
 author = {Cavedon, Lawrence and Harland, James and Padgham, Lin},
 title = {Problem Based Learning with Technological Support in an AI Subject: Description and Evaluation},
 booktitle = {Proceedings of the 2Nd Australasian Conference on Computer Science Education},
 series = {ACSE '97},
 year = {1996},
 isbn = {0-89791-958-0},
 location = {The Univ. of Melbourne, Australia},
 pages = {191--200},
 numpages = {10},
 url = {http://doi.acm.org/10.1145/299359.299387},
 doi = {10.1145/299359.299387},
 acmid = {299387},
 publisher = {ACM},
 address = {New York, NY, USA},
}

@inproceedings{Pena-Rios:2012:RMR:2457523.2457567,
 author = {Pena-Rios, Anasol and Callaghan, Vic and Gardner, Michael and Alhaddad, Mohammed J.},
 title = {Remote Mixed Reality Collaborative Laboratory Activities: Learning Activities Within the InterReality Portal},
 booktitle = {Proceedings of the The 2012 IEEE/WIC/ACM International Joint Conferences on Web Intelligence and Intelligent Agent Technology - Volume 03},
 series = {WI-IAT '12},
 year = {2012},
 isbn = {978-0-7695-4880-7},
 pages = {362--366},
 numpages = {5},
 url = {https://doi.org/10.1109/WI-IAT.2012.43},
 doi = {10.1109/WI-IAT.2012.43},
 acmid = {2457567},
 publisher = {IEEE Computer Society},
 address = {Washington, DC, USA},
 keywords = {Mixed reality, dual reality, xReality objects, blended reality, virtual laboratory, learning design, co-creative learning, constructionism, problem-based learning (PBL), immersive learning, interreality portal},
}

@inproceedings{Derry:2007:RAF:1599600.1599634,
 author = {Derry, Sharon J. and DelMarcelle, Matt},
 title = {A Reflective Analysis of Facilitation in an Online Problem-based Learning Activity},
 booktitle = {Proceedings of the 8th Iternational Conference on Computer Supported Collaborative Learning},
 series = {CSCL'07},
 year = {2007},
 isbn = {978-0-6151-5436-7},
 location = {New Brunswick, New Jersey, USA},
 pages = {174--183},
 numpages = {10},
 url = {http://dl.acm.org/citation.cfm?id=1599600.1599634},
 acmid = {1599634},
 publisher = {International Society of the Learning Sciences},
}

@article{Ellis:1998:RTT:309808.309825,
 author = {Ellis, Ainslie and Carswell, Linda and Bernat, Andrew and Deveaux, Daniel and Frison, Patrice and Meisalo, Veijo and Meyer, Jeanine and Nulden, Urban and Rugelj, Joze and Tarhio, Jorma},
 title = {Resources, Tools, and Techniques for Problem Based Learning in Computing},
 journal = {SIGCUE Outlook},
 issue_date = {Oct. 1998},
 volume = {26},
 number = {4},
 month = oct,
 year = {1998},
 issn = {0163-5735},
 pages = {41--56},
 numpages = {16},
 url = {http://doi.acm.org/10.1145/309808.309825},
 doi = {10.1145/309808.309825},
 acmid = {309825},
 publisher = {ACM},
 address = {New York, NY, USA},
}

@inproceedings{Schakelman:2001:CRO:500956.501024,
 author = {Schakelman, Justin L.},
 title = {The Changing Role of Online Pedagogy: How May Instructional Management Systems, Metadata, and Problem-based Learning Combine to Facilitate Learner-centered Instruction},
 booktitle = {Proceedings of the 29th Annual ACM SIGUCCS Conference on User Services},
 series = {SIGUCCS '01},
 year = {2001},
 isbn = {1-58113-382-0},
 location = {Portland, Oregon, USA},
 pages = {262--263},
 numpages = {2},
 url = {http://doi.acm.org/10.1145/500956.501024},
 doi = {10.1145/500956.501024},
 acmid = {501024},
 publisher = {ACM},
 address = {New York, NY, USA},
 keywords = {e-learning, faculty support, instructional mgmt systems, online curricula, teaching tools},
}

@inproceedings{Ellis:1998:RTT:316572.358296,
 author = {Ellis, Ainslie and Carswell, Linda and Bernat, Andrew and Deveaux, Daniel and Frison, Patrice and Meisalo, Veijo and Meyer, Jeanine and Nulden, Urban and Rugelj, Joze and Tarhio, Jorma},
 title = {Resources, Tools, and Techniques for Problem Based Learning in Computing},
 booktitle = {Working Group Reports of the 3rd Annual SIGCSE/SIGCUE ITiCSE Conference on Integrating Technology into Computer Science Education},
 series = {ITiCSE-WGR '98},
 year = {1998},
 location = {Dublin, Ireland},
 pages = {41--56},
 numpages = {16},
 url = {http://doi.acm.org/10.1145/316572.358296},
 doi = {10.1145/316572.358296},
 acmid = {358296},
 publisher = {ACM},
 address = {New York, NY, USA},
}

@article{Bird:2006:BSE:1140123.1140166,
 author = {Bird, Steven and Curran, James R.},
 title = {Building a Search Engine to Drive Problem-based Learning},
 journal = {SIGCSE Bull.},
 issue_date = {September 2006},
 volume = {38},
 number = {3},
 month = jun,
 year = {2006},
 issn = {0097-8418},
 pages = {153--157},
 numpages = {5},
 url = {http://doi.acm.org/10.1145/1140123.1140166},
 doi = {10.1145/1140123.1140166},
 acmid = {1140166},
 publisher = {ACM},
 address = {New York, NY, USA},
 keywords = {Google, data structures, digraphs, python, web},
}

@inproceedings{Bird:2006:BSE:1140124.1140166,
 author = {Bird, Steven and Curran, James R.},
 title = {Building a Search Engine to Drive Problem-based Learning},
 booktitle = {Proceedings of the 11th Annual SIGCSE Conference on Innovation and Technology in Computer Science Education},
 series = {ITICSE '06},
 year = {2006},
 isbn = {1-59593-055-8},
 location = {Bologna, Italy},
 pages = {153--157},
 numpages = {5},
 url = {http://doi.acm.org/10.1145/1140124.1140166},
 doi = {10.1145/1140124.1140166},
 acmid = {1140166},
 publisher = {ACM},
 address = {New York, NY, USA},
 keywords = {Google, data structures, digraphs, python, web},
}

@article{Kirsch:1996:TOA:236462.236511,
 author = {Kirsch, Raymond P.},
 title = {Teaching OLE Automation: A Problem-based Learning Approach},
 journal = {SIGCSE Bull.},
 issue_date = {March 1996},
 volume = {28},
 number = {1},
 month = mar,
 year = {1996},
 issn = {0097-8418},
 pages = {68--72},
 numpages = {5},
 url = {http://doi.acm.org/10.1145/236462.236511},
 doi = {10.1145/236462.236511},
 acmid = {236511},
 publisher = {ACM},
 address = {New York, NY, USA},
}

@inproceedings{Kirsch:1996:TOA:236452.236511,
 author = {Kirsch, Raymond P.},
 title = {Teaching OLE Automation: A Problem-based Learning Approach},
 booktitle = {Proceedings of the Twenty-seventh SIGCSE Technical Symposium on Computer Science Education},
 series = {SIGCSE '96},
 year = {1996},
 isbn = {0-89791-757-X},
 location = {Philadelphia, Pennsylvania, USA},
 pages = {68--72},
 numpages = {5},
 url = {http://doi.acm.org/10.1145/236452.236511},
 doi = {10.1145/236452.236511},
 acmid = {236511},
 publisher = {ACM},
 address = {New York, NY, USA},
}

@inproceedings{Omale:2007:IBG:1599600.1599704,
 author = {Omale, Nicholas and Hung, Wei-Chen and Luetkehans, Lara and Cooke-Plagwitz, Jessamine},
 title = {The Impact of 3-D Based Group Interactions in an On-line Problem-based Learning Environment},
 booktitle = {Proceedings of the 8th Iternational Conference on Computer Supported Collaborative Learning},
 series = {CSCL'07},
 year = {2007},
 isbn = {978-0-6151-5436-7},
 location = {New Brunswick, New Jersey, USA},
 pages = {561--563},
 numpages = {3},
 url = {http://dl.acm.org/citation.cfm?id=1599600.1599704},
 acmid = {1599704},
 publisher = {International Society of the Learning Sciences},
}

@article{Ellis:1998:GDU:290320.283566,
 author = {Ellis, Ainslie},
 title = {Group 1 (Working Group): Development and Use of Multimedia and Internet Resources for a Problem Based Learning Environment},
 journal = {SIGCSE Bull.},
 issue_date = {Sept. 1998},
 volume = {30},
 number = {3},
 month = aug,
 year = {1998},
 issn = {0097-8418},
 pages = {269--},
 url = {http://doi.acm.org/10.1145/290320.283566},
 doi = {10.1145/290320.283566},
 acmid = {283566},
 publisher = {ACM},
 address = {New York, NY, USA},
}

@inproceedings{Ellis:1998:GDU:282991.283566,
 author = {Ellis, Ainslie},
 title = {Group 1 (Working Group): Development and Use of Multimedia and Internet Resources for a Problem Based Learning Environment},
 booktitle = {Proceedings of the 6th Annual Conference on the Teaching of Computing and the 3rd Annual Conference on Integrating Technology into Computer Science Education: Changing the Delivery of Computer Science Education},
 series = {ITiCSE '98},
 year = {1998},
 isbn = {1-58113-000-7},
 location = {Dublin City Univ., Ireland},
 pages = {269--},
 url = {http://doi.acm.org/10.1145/282991.283566},
 doi = {10.1145/282991.283566},
 acmid = {283566},
 publisher = {ACM},
 address = {New York, NY, USA},
}

@article{Ellis:1999:CSD:384267.305871,
 author = {Ellis, Ainslie and Hagan, Dianne and Sheard, Judy and Lowder, Jason and Doube, Wendy and Carbone, Angela and Robinson, John and Tucker, Sylvia},
 title = {A Collaborative Strategy for Developing Shared Java Teaching Resources to Support First Year Programming},
 journal = {SIGCSE Bull.},
 issue_date = {Sept. 1999},
 volume = {31},
 number = {3},
 month = jun,
 year = {1999},
 issn = {0097-8418},
 pages = {84--87},
 numpages = {4},
 url = {http://doi.acm.org/10.1145/384267.305871},
 doi = {10.1145/384267.305871},
 acmid = {305871},
 publisher = {ACM},
 address = {New York, NY, USA},
 keywords = {Java programming, collaborative resources, repositories},
}

@inproceedings{Ellis:1999:CSD:305786.305871,
 author = {Ellis, Ainslie and Hagan, Dianne and Sheard, Judy and Lowder, Jason and Doube, Wendy and Carbone, Angela and Robinson, John and Tucker, Sylvia},
 title = {A Collaborative Strategy for Developing Shared Java Teaching Resources to Support First Year Programming},
 booktitle = {Proceedings of the 4th Annual SIGCSE/SIGCUE ITiCSE Conference on Innovation and Technology in Computer Science Education},
 series = {ITiCSE '99},
 year = {1999},
 isbn = {1-58113-087-2},
 location = {Cracow, Poland},
 pages = {84--87},
 numpages = {4},
 url = {http://doi.acm.org/10.1145/305786.305871},
 doi = {10.1145/305786.305871},
 acmid = {305871},
 publisher = {ACM},
 address = {New York, NY, USA},
 keywords = {Java programming, collaborative resources, repositories},
}

@article{Shanmugasundaram:2006:KBU:1140123.1140134,
 author = {Shanmugasundaram, Vijayakumar and Juell, Paul and Hill, Curt},
 title = {Knowledge Building Using Visualizations},
 journal = {SIGCSE Bull.},
 issue_date = {September 2006},
 volume = {38},
 number = {3},
 month = jun,
 year = {2006},
 issn = {0097-8418},
 pages = {23--27},
 numpages = {5},
 url = {http://doi.acm.org/10.1145/1140123.1140134},
 doi = {10.1145/1140123.1140134},
 acmid = {1140134},
 publisher = {ACM},
 address = {New York, NY, USA},
 keywords = {CS educational research, OOP, knowledge, visualizations},
}

@inproceedings{Shanmugasundaram:2006:KBU:1140124.1140134,
 author = {Shanmugasundaram, Vijayakumar and Juell, Paul and Hill, Curt},
 title = {Knowledge Building Using Visualizations},
 booktitle = {Proceedings of the 11th Annual SIGCSE Conference on Innovation and Technology in Computer Science Education},
 series = {ITICSE '06},
 year = {2006},
 isbn = {1-59593-055-8},
 location = {Bologna, Italy},
 pages = {23--27},
 numpages = {5},
 url = {http://doi.acm.org/10.1145/1140124.1140134},
 doi = {10.1145/1140124.1140134},
 acmid = {1140134},
 publisher = {ACM},
 address = {New York, NY, USA},
 keywords = {CS educational research, OOP, knowledge, visualizations},
}

@inproceedings{Sarango-Lapo:2016:EIM:3012430.3012595,
 author = {Sarango-Lapo, Celia Paola and Mena, Juanjo and Ram\'{\i}rez-Montoya, Mar\'{\i}a-Soledad},
 title = {Evidence-based Innovation Methodology As a Way to Produce Open Educational Resources by In-service Teachers},
 booktitle = {Proceedings of the Fourth International Conference on Technological Ecosystems for Enhancing Multiculturality},
 series = {TEEM '16},
 year = {2016},
 isbn = {978-1-4503-4747-1},
 location = {Salamanca, Spain},
 pages = {699--703},
 numpages = {5},
 url = {http://doi.acm.org/10.1145/3012430.3012595},
 doi = {10.1145/3012430.3012595},
 acmid = {3012595},
 publisher = {ACM},
 address = {New York, NY, USA},
 keywords = {innovation based evidence, open resource education, training in-service teachers},
}

@inproceedings{Rugar:2017:LEO:3160908.3160921,
 author = {Rugar, Thaddaeus and Gitonga, Rhoda and Onyango, George and Mutweleli, Samuel},
 title = {Learner Experiences with Online Tools in a Digitized Environment: A Case of Digital School Students, Kenyatta University},
 booktitle = {Proceedings of the 2017 International Conference on Education and E-Learning},
 series = {ICEEL 2017},
 year = {2017},
 isbn = {978-1-4503-5377-9},
 location = {Bangkok, Thailand},
 pages = {59--62},
 numpages = {4},
 url = {http://doi.acm.org/10.1145/3160908.3160921},
 doi = {10.1145/3160908.3160921},
 acmid = {3160921},
 publisher = {ACM},
 address = {New York, NY, USA},
 keywords = {Digital, Digitized, Environment Online, Experiences, Learning, Tools, University},
}

@article{Peckham:2007:ISR:1227504.1227354,
 author = {Peckham, Joan and Stephenson, Peter and Herv{\'e}, Jean-Yves and Hutt, Ron and Encarna\c{c}\~{a}o, Miguel},
 title = {Increasing Student Retention in Computer Science Through Research Programs for Undergraduates},
 journal = {SIGCSE Bull.},
 issue_date = {March 2007},
 volume = {39},
 number = {1},
 month = mar,
 year = {2007},
 issn = {0097-8418},
 pages = {124--128},
 numpages = {5},
 url = {http://doi.acm.org/10.1145/1227504.1227354},
 doi = {10.1145/1227504.1227354},
 acmid = {1227354},
 publisher = {ACM},
 address = {New York, NY, USA},
 keywords = {computer graphics, education, undergraduate research},
}

@inproceedings{Peckham:2007:ISR:1227310.1227354,
 author = {Peckham, Joan and Stephenson, Peter and Herv{\'e}, Jean-Yves and Hutt, Ron and Encarna\c{c}\~{a}o, Miguel},
 title = {Increasing Student Retention in Computer Science Through Research Programs for Undergraduates},
 booktitle = {Proceedings of the 38th SIGCSE Technical Symposium on Computer Science Education},
 series = {SIGCSE '07},
 year = {2007},
 isbn = {1-59593-361-1},
 location = {Covington, Kentucky, USA},
 pages = {124--128},
 numpages = {5},
 url = {http://doi.acm.org/10.1145/1227310.1227354},
 doi = {10.1145/1227310.1227354},
 acmid = {1227354},
 publisher = {ACM},
 address = {New York, NY, USA},
 keywords = {computer graphics, education, undergraduate research},
}

@inproceedings{Hees:2009:DPR:1836029.1836039,
 author = {Hees, Frank and Jeschke, Sabina and Natho, Nicole and Pfeiffer, Olivier},
 title = {Developing a PBL-based Rescue Robotics Course},
 booktitle = {Proceedings of the First Kuwait Conference on e-Services and e-Systems},
 series = {eConf '09},
 year = {2009},
 isbn = {978-1-60558-797-4},
 location = {Kuwait},
 pages = {10:1--10:5},
 articleno = {10},
 numpages = {5},
 url = {http://doi.acm.org/10.1145/1836029.1836039},
 doi = {10.1145/1836029.1836039},
 acmid = {1836039},
 publisher = {ACM},
 address = {New York, NY, USA},
 keywords = {PBL, academic education, robotics},
}

@inproceedings{Lei:2003:TAP:947121.947144,
 author = {Lei, Kimfong and Mariga, Julie R. and Pobanz, Benjamin R.},
 title = {From Theories to Actions: A Proposal for a New Course on Enterprise Information Systems Integration},
 booktitle = {Proceedings of the 4th Conference on Information Technology Curriculum},
 series = {CITC4 '03},
 year = {2003},
 isbn = {1-58113-770-2},
 location = {Lafayette, Indiana, USA},
 pages = {106--110},
 numpages = {5},
 url = {http://doi.acm.org/10.1145/947121.947144},
 doi = {10.1145/947121.947144},
 acmid = {947144},
 publisher = {ACM},
 address = {New York, NY, USA},
 keywords = {course development, curriculum, enterprise applications integration (EAI), enterprise integration, information systems},
}

@inproceedings{Machuca:2016:ISP:2899415.2925492,
 author = {Machuca, Liliana and Solarte Pab\'{o}n, Oswaldo},
 title = {Improving Student Performance in a First Programming Course},
 booktitle = {Proceedings of the 2016 ACM Conference on Innovation and Technology in Computer Science Education},
 series = {ITiCSE '16},
 year = {2016},
 isbn = {978-1-4503-4231-5},
 location = {Arequipa, Peru},
 pages = {367--367},
 numpages = {1},
 url = {http://doi.acm.org/10.1145/2899415.2925492},
 doi = {10.1145/2899415.2925492},
 acmid = {2925492},
 publisher = {ACM},
 address = {New York, NY, USA},
 keywords = {high-level programming languages, programming education, project-oriented learning},
}

@article{Herzog:2001:RLE:366413.364600,
 author = {Herzog, Erik and Loborg, Peter and Nadjm-Tehrani, Simin},
 title = {Real-time Lab Excercises: A Teacher's Dilemma},
 journal = {SIGCSE Bull.},
 issue_date = {March 2001},
 volume = {33},
 number = {1},
 month = feb,
 year = {2001},
 issn = {0097-8418},
 pages = {273--277},
 numpages = {5},
 url = {http://doi.acm.org/10.1145/366413.364600},
 doi = {10.1145/366413.364600},
 acmid = {364600},
 publisher = {ACM},
 address = {New York, NY, USA},
}

@inproceedings{Herzog:2001:RLE:364447.364600,
 author = {Herzog, Erik and Loborg, Peter and Nadjm-Tehrani, Simin},
 title = {Real-time Lab Excercises: A Teacher's Dilemma},
 booktitle = {Proceedings of the Thirty-second SIGCSE Technical Symposium on Computer Science Education},
 series = {SIGCSE '01},
 year = {2001},
 isbn = {1-58113-329-4},
 location = {Charlotte, North Carolina, USA},
 pages = {273--277},
 numpages = {5},
 url = {http://doi.acm.org/10.1145/364447.364600},
 doi = {10.1145/364447.364600},
 acmid = {364600},
 publisher = {ACM},
 address = {New York, NY, USA},
}

@inproceedings{Duchowski:2011:TTN:1953163.1953267,
 author = {Duchowski, Andrew T. and Geist, Robert and Schalkoff, Robert and Westall, James},
 title = {TEXNH Trees: A New Course in Data Structures},
 booktitle = {Proceedings of the 42Nd ACM Technical Symposium on Computer Science Education},
 series = {SIGCSE '11},
 year = {2011},
 isbn = {978-1-4503-0500-6},
 location = {Dallas, TX, USA},
 pages = {341--346},
 numpages = {6},
 url = {http://doi.acm.org/10.1145/1953163.1953267},
 doi = {10.1145/1953163.1953267},
 acmid = {1953267},
 publisher = {ACM},
 address = {New York, NY, USA},
 keywords = {TEXNH, computer graphics, curriculum design, problem-based instruction, ray-tracing},
}

@article{Grimheden:2005:EST:1086519.1086528,
 author = {Grimheden, Martin and T\"{o}rngren, Martin},
 title = {What is Embedded Systems and How Should It Be Taught?---results from a Didactic Analysis},
 journal = {ACM Trans. Embed. Comput. Syst.},
 issue_date = {August 2005},
 volume = {4},
 number = {3},
 month = aug,
 year = {2005},
 issn = {1539-9087},
 pages = {633--651},
 numpages = {19},
 url = {http://doi.acm.org/10.1145/1086519.1086528},
 doi = {10.1145/1086519.1086528},
 acmid = {1086528},
 publisher = {ACM},
 address = {New York, NY, USA},
 keywords = {Didactic analysis, education},
}

@inproceedings{deGraaff:2008:ERD:1595356.1595358,
 author = {de Graaff, Erik},
 title = {Educational Research and Design of the Virtual Learning Environment},
 booktitle = {Proceedings of the 8th International Conference on Computing Education Research},
 series = {Koli '08},
 year = {2008},
 isbn = {978-1-60558-385-3},
 location = {Koli, Finland},
 pages = {1--3},
 numpages = {3},
 url = {http://doi.acm.org/10.1145/1595356.1595358},
 doi = {10.1145/1595356.1595358},
 acmid = {1595358},
 publisher = {ACM},
 address = {New York, NY, USA},
 keywords = {engineering education research, environment, learning, student},
}

@inproceedings{Ratte:2002:UWC:544414.544457,
 author = {Ratt{\'e}, Sylvie and Caron, Jocelyne},
 title = {On Using the Web As a Collaboration Space in the Context of an Industrial Simulation},
 booktitle = {Proceedings of the 7th Annual Conference on Innovation and Technology in Computer Science Education},
 series = {ITiCSE '02},
 year = {2002},
 isbn = {1-58113-499-1},
 location = {Aarhus, Denmark},
 pages = {141--145},
 numpages = {5},
 url = {http://doi.acm.org/10.1145/544414.544457},
 doi = {10.1145/544414.544457},
 acmid = {544457},
 publisher = {ACM},
 address = {New York, NY, USA},
}

@article{Ratte:2002:UWC:637610.544457,
 author = {Ratt{\'e}, Sylvie and Caron, Jocelyne},
 title = {On Using the Web As a Collaboration Space in the Context of an Industrial Simulation},
 journal = {SIGCSE Bull.},
 issue_date = {September 2002},
 volume = {34},
 number = {3},
 month = jun,
 year = {2002},
 issn = {0097-8418},
 pages = {141--145},
 numpages = {5},
 url = {http://doi.acm.org/10.1145/637610.544457},
 doi = {10.1145/637610.544457},
 acmid = {544457},
 publisher = {ACM},
 address = {New York, NY, USA},
}

@inproceedings{Lynch:2002:SAT:820060.820075,
 author = {Lynch, Kathy and Carbone, Angela and Arnott, David and Jamieson, Peter},
 title = {A Studio-based Approach to Teaching Information Technology},
 booktitle = {Proceedings of the Seventh World Conference on Computers in Education Conference on Computers in Education: Australian Topics - Volume 8},
 series = {CRPIT '02},
 year = {2002},
 isbn = {0-909925-86-0},
 location = {Copenhagen, Denmark},
 pages = {75--79},
 numpages = {5},
 url = {http://dl.acm.org/citation.cfm?id=820060.820075},
 acmid = {820075},
 publisher = {Australian Computer Society, Inc.},
 address = {Darlinghurst, Australia, Australia},
}

@inproceedings{Eitelman:2006:CTP:1185448.1185580,
 author = {Eitelman, Susan M.},
 title = {Computer Tutoring for Programming Education},
 booktitle = {Proceedings of the 44th Annual Southeast Regional Conference},
 series = {ACM-SE 44},
 year = {2006},
 isbn = {1-59593-315-8},
 location = {Melbourne, Florida},
 pages = {607--610},
 numpages = {4},
 url = {http://doi.acm.org/10.1145/1185448.1185580},
 doi = {10.1145/1185448.1185580},
 acmid = {1185580},
 publisher = {ACM},
 address = {New York, NY, USA},
 keywords = {intelligent tutoring},
}

@article{Grimheden:2005:EST:1121812.1121820,
 author = {Grimheden, Martin and T\"{o}rngren, Martin},
 title = {How Should Embedded Systems Be Taught?: Experiences and Snapshots from Swedish Higher Engineering Education},
 journal = {SIGBED Rev.},
 issue_date = {October 2005},
 volume = {2},
 number = {4},
 month = oct,
 year = {2005},
 issn = {1551-3688},
 pages = {34--39},
 numpages = {6},
 url = {http://doi.acm.org/10.1145/1121812.1121820},
 doi = {10.1145/1121812.1121820},
 acmid = {1121820},
 publisher = {ACM},
 address = {New York, NY, USA},
 keywords = {didactical analysis, embedded systems education, engineering education},
}

@inproceedings{Marutschke:2018:EMW:3196369.3196390,
 author = {Marutschke, Daniel Moritz and Kryssanov, Victor V. and Brockmann, Patricia},
 title = {East Meets West: Global Software Engineering Course in Japan and Germany},
 booktitle = {Proceedings of the 13th International Conference on Global Software Engineering},
 series = {ICGSE '18},
 year = {2018},
 isbn = {978-1-4503-5717-3},
 location = {Gothenburg, Sweden},
 pages = {30--34},
 numpages = {5},
 url = {http://doi.acm.org/10.1145/3196369.3196390},
 doi = {10.1145/3196369.3196390},
 acmid = {3196390},
 publisher = {ACM},
 address = {New York, NY, USA},
 keywords = {ACM proceedings, education, engineering, experience, global, intercultural, software},
}

@inproceedings{Barry:2005:TOM:1094855.1094970,
 author = {Barry, E. Frank and Ellsworth, Christopher C. and Kurtz, Barry L. and Wilkes, James T.},
 title = {Teaching OO Methodology in a Project-driven CS2 Course},
 booktitle = {Companion to the 20th Annual ACM SIGPLAN Conference on Object-oriented Programming, Systems, Languages, and Applications},
 series = {OOPSLA '05},
 year = {2005},
 isbn = {1-59593-193-7},
 location = {San Diego, CA, USA},
 pages = {338--343},
 numpages = {6},
 url = {http://doi.acm.org/10.1145/1094855.1094970},
 doi = {10.1145/1094855.1094970},
 acmid = {1094970},
 publisher = {ACM},
 address = {New York, NY, USA},
 keywords = {CS2, design patterns, frameworks, objects-first, software engineering education},
}

@inproceedings{Faber:2002:EMO:584955.584961,
 author = {Faber, Brenton D.},
 title = {Educational Models and Open Source: Resisting the Proprietary University},
 booktitle = {Proceedings of the 20th Annual International Conference on Computer Documentation},
 series = {SIGDOC '02},
 year = {2002},
 isbn = {1-58113-543-2},
 location = {Toronto, Ontario, Canada},
 pages = {31--38},
 numpages = {8},
 url = {http://doi.acm.org/10.1145/584955.584961},
 doi = {10.1145/584955.584961},
 acmid = {584961},
 publisher = {ACM},
 address = {New York, NY, USA},
 keywords = {collaborative design, educational models, open source software},
}

@inproceedings{Wimuttipanya:2019:MEI:3323771.3323815,
 author = {Wimuttipanya, Jittawisut},
 title = {Monitoring and Evaluation of Internship 1 with PDCA Quality Cycle and Coaching Process on Smartphone},
 booktitle = {Proceedings of the 2019 7th International Conference on Information and Education Technology},
 series = {ICIET 2019},
 year = {2019},
 isbn = {978-1-4503-6639-7},
 location = {Aizu-Wakamatsu, Japan},
 pages = {316--319},
 numpages = {4},
 url = {http://doi.acm.org/10.1145/3323771.3323815},
 doi = {10.1145/3323771.3323815},
 acmid = {3323815},
 publisher = {ACM},
 address = {New York, NY, USA},
 keywords = {Evaluation, Internship 1, Monitoring, PDCA, Smartphone},
}

@inproceedings{Veletsianos:2016:CTE:2839509.2844645,
 author = {Veletsianos, George and Beth, Bradley and Lin, Calvin},
 title = {CS Teacher Experiences with Educational Technology, Problem-BasedLearning, and a CS Principles Curriculum},
 booktitle = {Proceedings of the 47th ACM Technical Symposium on Computing Science Education},
 series = {SIGCSE '16},
 year = {2016},
 isbn = {978-1-4503-3685-7},
 location = {Memphis, Tennessee, USA},
 pages = {651--656},
 numpages = {6},
 url = {http://doi.acm.org/10.1145/2839509.2844645},
 doi = {10.1145/2839509.2844645},
 acmid = {2844645},
 publisher = {ACM},
 address = {New York, NY, USA},
 keywords = {adopting innovations, barriers, educational technology, teacher experiences, teaching computer science},
}

@inproceedings{Gibson:2005:SEM:1089786.1089795,
 author = {Gibson, J. Paul and O'Kelly, Jackie},
 title = {Software Engineering As a Model of Understanding for Learning and Problem Solving},
 booktitle = {Proceedings of the First International Workshop on Computing Education Research},
 series = {ICER '05},
 year = {2005},
 isbn = {1-59593-043-4},
 location = {Seattle, WA, USA},
 pages = {87--97},
 numpages = {11},
 url = {http://doi.acm.org/10.1145/1089786.1089795},
 doi = {10.1145/1089786.1089795},
 acmid = {1089795},
 publisher = {ACM},
 address = {New York, NY, USA},
 keywords = {computing education research},
}

@inproceedings{Weikle:2017:UPI:3017680.3022390,
 author = {Weikle, Dee A.B.},
 title = {Using the 5 Practices to Improve Facilitation of POGIL Activities (Abstract Only)},
 booktitle = {Proceedings of the 2017 ACM SIGCSE Technical Symposium on Computer Science Education},
 series = {SIGCSE '17},
 year = {2017},
 isbn = {978-1-4503-4698-6},
 location = {Seattle, Washington, USA},
 pages = {702--702},
 numpages = {1},
 url = {http://doi.acm.org/10.1145/3017680.3022390},
 doi = {10.1145/3017680.3022390},
 acmid = {3022390},
 publisher = {ACM},
 address = {New York, NY, USA},
 keywords = {5 practices, POGIL, active learning, facilitating},
}

@inproceedings{Sabin:2008:CEL:1414558.1414600,
 author = {Sabin, Mihaela},
 title = {A Collaborative and Experiential Learning Model Powered by Real-world Projects},
 booktitle = {Proceedings of the 9th ACM SIGITE Conference on Information Technology Education},
 series = {SIGITE '08},
 year = {2008},
 isbn = {978-1-60558-329-7},
 location = {Cincinnati, OH, USA},
 pages = {157--164},
 numpages = {8},
 url = {http://doi.acm.org/10.1145/1414558.1414600},
 doi = {10.1145/1414558.1414600},
 acmid = {1414600},
 publisher = {ACM},
 address = {New York, NY, USA},
 keywords = {guided instruction, interactive teaching, real-world team projects, self assessment and assessment of teamwork},
}

@article{Castelluccia:2013:TES:2532780.2532803,
 author = {Castelluccia, Daniela and Visaggio, Giuseppe},
 title = {Teaching Evidence-based Software Engineering: Learning by a Collaborative Mapping Study of Open Source Software},
 journal = {SIGSOFT Softw. Eng. Notes},
 issue_date = {November 2013},
 volume = {38},
 number = {6},
 month = nov,
 year = {2013},
 issn = {0163-5948},
 pages = {1--4},
 numpages = {4},
 url = {http://doi.acm.org/10.1145/2532780.2532803},
 doi = {10.1145/2532780.2532803},
 acmid = {2532803},
 publisher = {ACM},
 address = {New York, NY, USA},
 keywords = {decision making, education, empirical methods, evidence-based software engineering, mapping study, open source software, software engineering, systematic, systematic literature study},
}

@article{Vat:2000:TSP:331795.331892,
 author = {Vat, Kam Hou},
 title = {Teaching Software Psychology: Expanding the Perspective},
 journal = {SIGCSE Bull.},
 issue_date = {Mar. 2000},
 volume = {32},
 number = {1},
 month = mar,
 year = {2000},
 issn = {0097-8418},
 pages = {392--396},
 numpages = {5},
 url = {http://doi.acm.org/10.1145/331795.331892},
 doi = {10.1145/331795.331892},
 acmid = {331892},
 publisher = {ACM},
 address = {New York, NY, USA},
}

@inproceedings{Vat:2000:TSP:330908.331892,
 author = {Vat, Kam Hou},
 title = {Teaching Software Psychology: Expanding the Perspective},
 booktitle = {Proceedings of the Thirty-first SIGCSE Technical Symposium on Computer Science Education},
 series = {SIGCSE '00},
 year = {2000},
 isbn = {1-58113-213-1},
 location = {Austin, Texas, USA},
 pages = {392--396},
 numpages = {5},
 url = {http://doi.acm.org/10.1145/330908.331892},
 doi = {10.1145/330908.331892},
 acmid = {331892},
 publisher = {ACM},
 address = {New York, NY, USA},
}

@inproceedings{Arlegui:2013:PAU:2536536.2536585,
 author = {Arlegui, Javier and Pina, Alfredo and Moro, Michele},
 title = {A PBL Approach Using Virtual and Real Robots (with BYOB and LEGO NXT) to Teaching Learning Key Competences and Standard Curricula in Primary Level},
 booktitle = {Proceedings of the First International Conference on Technological Ecosystem for Enhancing Multiculturality},
 series = {TEEM '13},
 year = {2013},
 isbn = {978-1-4503-2345-1},
 location = {Salamanca, Spain},
 pages = {323--328},
 numpages = {6},
 url = {http://doi.acm.org/10.1145/2536536.2536585},
 doi = {10.1145/2536536.2536585},
 acmid = {2536585},
 publisher = {ACM},
 address = {New York, NY, USA},
 keywords = {BYOB, NXT, constructivism/constructionism, educational robotics},
}

@inproceedings{Sicilia:2018:DST:3284179.3284312,
 author = {Sicilia, Miguel-Angel and Garc\'{\i}a-Barriocanal, Elena and S\'{a}nchez-Alonso, Salvador and R\'{o}\.{z}ewski, Przemys\law and Kieruzel, Magdalena and Lipczy\'{n}ski, Tomasz and Royo, Carme and Uras, Francesca and Hamill, Canice},
 title = {Digital Skills Training in Higher Education: Insights About the Perceptions of Different Stakeholders},
 booktitle = {Proceedings of the Sixth International Conference on Technological Ecosystems for Enhancing Multiculturality},
 series = {TEEM'18},
 year = {2018},
 isbn = {978-1-4503-6518-5},
 location = {Salamanca, Spain},
 pages = {781--787},
 numpages = {7},
 url = {http://doi.acm.org/10.1145/3284179.3284312},
 doi = {10.1145/3284179.3284312},
 acmid = {3284312},
 publisher = {ACM},
 address = {New York, NY, USA},
 keywords = {DigComp framework, Digital skills, digital competencies, information literacy, stakeholder perceptions},
}

@article{Willis:2006:MMA:1127389.1127438,
 author = {Willis, Cheryl L. and Miertschin, Susan L.},
 title = {Mind Maps As Active Learning Tools},
 journal = {J. Comput. Sci. Coll.},
 issue_date = {April 2006},
 volume = {21},
 number = {4},
 month = apr,
 year = {2006},
 issn = {1937-4771},
 pages = {266--272},
 numpages = {7},
 url = {http://dl.acm.org/citation.cfm?id=1127389.1127438},
 acmid = {1127438},
 publisher = {Consortium for Computing Sciences in Colleges},
 address = {USA},
}

@inproceedings{Bitterman:2007:LTO:1599600.1599613,
 author = {Bitterman, Alan and Hatrak, Natalie and Hmelo-Silver, Cindy},
 title = {Learning About Transfer in an Online Problem-based Course},
 booktitle = {Proceedings of the 8th Iternational Conference on Computer Supported Collaborative Learning},
 series = {CSCL'07},
 year = {2007},
 isbn = {978-0-6151-5436-7},
 location = {New Brunswick, New Jersey, USA},
 pages = {81--83},
 numpages = {3},
 url = {http://dl.acm.org/citation.cfm?id=1599600.1599613},
 acmid = {1599613},
 publisher = {International Society of the Learning Sciences},
}

@article{Fernandes:2004:TSP:1028174.971332,
 author = {Fernandes, Eric and Kumar, Amruth N.},
 title = {A Tutor on Scope for the Programming Languages Course},
 journal = {SIGCSE Bull.},
 issue_date = {March 2004},
 volume = {36},
 number = {1},
 month = mar,
 year = {2004},
 issn = {0097-8418},
 pages = {90--93},
 numpages = {4},
 url = {http://doi.acm.org/10.1145/1028174.971332},
 doi = {10.1145/1028174.971332},
 acmid = {971332},
 publisher = {ACM},
 address = {New York, NY, USA},
 keywords = {evaluation, scope, tutor},
}

@inproceedings{Fernandes:2004:TSP:971300.971332,
 author = {Fernandes, Eric and Kumar, Amruth N.},
 title = {A Tutor on Scope for the Programming Languages Course},
 booktitle = {Proceedings of the 35th SIGCSE Technical Symposium on Computer Science Education},
 series = {SIGCSE '04},
 year = {2004},
 isbn = {1-58113-798-2},
 location = {Norfolk, Virginia, USA},
 pages = {90--93},
 numpages = {4},
 url = {http://doi.acm.org/10.1145/971300.971332},
 doi = {10.1145/971300.971332},
 acmid = {971332},
 publisher = {ACM},
 address = {New York, NY, USA},
 keywords = {evaluation, scope, tutor},
}

@inproceedings{Wakeling:2008:RCR:1411260.1411268,
 author = {Wakeling, David},
 title = {A Robot in Every Classroom: Robots and Functional Programming Across the Curriculum},
 booktitle = {Proceedings of the 2008 International Workshop on Functional and Declarative Programming in Education},
 series = {FDPE '08},
 year = {2008},
 isbn = {978-1-60558-068-5},
 location = {Victoria, BC, Canada},
 pages = {51--60},
 numpages = {10},
 url = {http://doi.acm.org/10.1145/1411260.1411268},
 doi = {10.1145/1411260.1411268},
 acmid = {1411268},
 publisher = {ACM},
 address = {New York, NY, USA},
 keywords = {haskell, lego mindstorms, teaching},
}

@article{Lambrix:1998:CSI:290320.283105,
 author = {Lambrix, Patrick and Kamkar, Mariam},
 title = {Computer Science As an Integrated Part of Engineering Education},
 journal = {SIGCSE Bull.},
 issue_date = {Sept. 1998},
 volume = {30},
 number = {3},
 month = aug,
 year = {1998},
 issn = {0097-8418},
 pages = {153--156},
 numpages = {4},
 url = {http://doi.acm.org/10.1145/290320.283105},
 doi = {10.1145/290320.283105},
 acmid = {283105},
 publisher = {ACM},
 address = {New York, NY, USA},
 keywords = {evaluating teaching methods, examination issues, gender issues},
}

@inproceedings{Lambrix:1998:CSI:282991.283105,
 author = {Lambrix, Patrick and Kamkar, Mariam},
 title = {Computer Science As an Integrated Part of Engineering Education},
 booktitle = {Proceedings of the 6th Annual Conference on the Teaching of Computing and the 3rd Annual Conference on Integrating Technology into Computer Science Education: Changing the Delivery of Computer Science Education},
 series = {ITiCSE '98},
 year = {1998},
 isbn = {1-58113-000-7},
 location = {Dublin City Univ., Ireland},
 pages = {153--156},
 numpages = {4},
 url = {http://doi.acm.org/10.1145/282991.283105},
 doi = {10.1145/282991.283105},
 acmid = {283105},
 publisher = {ACM},
 address = {New York, NY, USA},
 keywords = {evaluating teaching methods, examination issues, gender issues},
}

@article{Gaspar:2008:MMP:1352627.1352648,
 author = {Gaspar, Alessio and Langevin, Sarah and Armitage, William D. and Rideout, Matt},
 title = {March of the (Virtual) Machines: Past, Present, and Future Milestones in the Adoption of Virtualization in Computing Education},
 journal = {J. Comput. Sci. Coll.},
 issue_date = {May 2008},
 volume = {23},
 number = {5},
 month = may,
 year = {2008},
 issn = {1937-4771},
 pages = {123--132},
 numpages = {10},
 url = {http://dl.acm.org/citation.cfm?id=1352627.1352648},
 acmid = {1352648},
 publisher = {Consortium for Computing Sciences in Colleges},
 address = {USA},
}

@article{Kolling:2004:EAL:1028174.971403,
 author = {K\"{o}lling, Michael and Barnes, David J.},
 title = {Enhancing Apprentice-based Learning of Java},
 journal = {SIGCSE Bull.},
 issue_date = {March 2004},
 volume = {36},
 number = {1},
 month = mar,
 year = {2004},
 issn = {0097-8418},
 pages = {286--290},
 numpages = {5},
 url = {http://doi.acm.org/10.1145/1028174.971403},
 doi = {10.1145/1028174.971403},
 acmid = {971403},
 publisher = {ACM},
 address = {New York, NY, USA},
 keywords = {Java, objects-first, pedagogy},
}

@inproceedings{Kolling:2004:EAL:971300.971403,
 author = {K\"{o}lling, Michael and Barnes, David J.},
 title = {Enhancing Apprentice-based Learning of Java},
 booktitle = {Proceedings of the 35th SIGCSE Technical Symposium on Computer Science Education},
 series = {SIGCSE '04},
 year = {2004},
 isbn = {1-58113-798-2},
 location = {Norfolk, Virginia, USA},
 pages = {286--290},
 numpages = {5},
 url = {http://doi.acm.org/10.1145/971300.971403},
 doi = {10.1145/971300.971403},
 acmid = {971403},
 publisher = {ACM},
 address = {New York, NY, USA},
 keywords = {Java, objects-first, pedagogy},
}

@article{Kay:1998:PID:274790.274295,
 author = {Kay, Judy and Kummerfeld, Bob},
 title = {A Problem-based Interface Design and Programming Course},
 journal = {SIGCSE Bull.},
 issue_date = {Mar. 1998},
 volume = {30},
 number = {1},
 month = mar,
 year = {1998},
 issn = {0097-8418},
 pages = {194--197},
 numpages = {4},
 url = {http://doi.acm.org/10.1145/274790.274295},
 doi = {10.1145/274790.274295},
 acmid = {274295},
 publisher = {ACM},
 address = {New York, NY, USA},
}

@inproceedings{Kay:1998:PID:273133.274295,
 author = {Kay, Judy and Kummerfeld, Bob},
 title = {A Problem-based Interface Design and Programming Course},
 booktitle = {Proceedings of the Twenty-ninth SIGCSE Technical Symposium on Computer Science Education},
 series = {SIGCSE '98},
 year = {1998},
 isbn = {0-89791-994-7},
 location = {Atlanta, Georgia, USA},
 pages = {194--197},
 numpages = {4},
 url = {http://doi.acm.org/10.1145/273133.274295},
 doi = {10.1145/273133.274295},
 acmid = {274295},
 publisher = {ACM},
 address = {New York, NY, USA},
}

@inproceedings{Kazi:2011:MMT:1943403.1943441,
 author = {Kazi, Hameedullah and Haddawy, Peter and Suebnukarn, Siriwan},
 title = {METEOR: Medical Tutor Employing Ontology for Robustness},
 booktitle = {Proceedings of the 16th International Conference on Intelligent User Interfaces},
 series = {IUI '11},
 year = {2011},
 isbn = {978-1-4503-0419-1},
 location = {Palo Alto, CA, USA},
 pages = {247--256},
 numpages = {10},
 url = {http://doi.acm.org/10.1145/1943403.1943441},
 doi = {10.1145/1943403.1943441},
 acmid = {1943441},
 publisher = {ACM},
 address = {New York, NY, USA},
 keywords = {UMLS, learning gains, medical PBL, ontology, robustness, tutoring system, user studies},
}

@article{Gaspar:2008:RVC:1352322.1352181,
 author = {Gaspar, Alessio and Langevin, Sarah and Armitage, William and Sekar, R. and Daniels, T.},
 title = {The Role of Virtualization in Computing Education},
 journal = {SIGCSE Bull.},
 issue_date = {March 2008},
 volume = {40},
 number = {1},
 month = mar,
 year = {2008},
 issn = {0097-8418},
 pages = {131--132},
 numpages = {2},
 url = {http://doi.acm.org/10.1145/1352322.1352181},
 doi = {10.1145/1352322.1352181},
 acmid = {1352181},
 publisher = {ACM},
 address = {New York, NY, USA},
 keywords = {clustering, linux, networking, operating systems, security, undergraduate laboratories, virtual machines, virtualization},
}

@inproceedings{Gaspar:2008:RVC:1352135.1352181,
 author = {Gaspar, Alessio and Langevin, Sarah and Armitage, William and Sekar, R. and Daniels, T.},
 title = {The Role of Virtualization in Computing Education},
 booktitle = {Proceedings of the 39th SIGCSE Technical Symposium on Computer Science Education},
 series = {SIGCSE '08},
 year = {2008},
 isbn = {978-1-59593-799-5},
 location = {Portland, OR, USA},
 pages = {131--132},
 numpages = {2},
 url = {http://doi.acm.org/10.1145/1352135.1352181},
 doi = {10.1145/1352135.1352181},
 acmid = {1352181},
 publisher = {ACM},
 address = {New York, NY, USA},
 keywords = {clustering, linux, networking, operating systems, security, undergraduate laboratories, virtual machines, virtualization},
}

@inproceedings{Ribeiro:2019:AIC:3306500.3306515,
 author = {Ribeiro, Jorge and Dias, Almeida and Marques, Jos{\'e} and \'{A}vidos, Liliana and Ara\'{u}jo, Isabel and Ara\'{u}jo, Nuno and Figueiredo, Margarida},
 title = {An Artificial Intelligence Case Based Approach to Motivational Students Assessment in (e)-learning Environments},
 booktitle = {Proceedings of the 10th International Conference on E-Education, E-Business, E-Management and E-Learning},
 series = {IC4E '19},
 year = {2019},
 isbn = {978-1-4503-6602-1},
 location = {Tokyo, Japan},
 pages = {1--6},
 numpages = {6},
 url = {http://doi.acm.org/10.1145/3306500.3306515},
 doi = {10.1145/3306500.3306515},
 acmid = {3306515},
 publisher = {ACM},
 address = {New York, NY, USA},
 keywords = {(e)-learning environments, artificial intelligence, case based reasoning, decision support systems, knowledge representation and reasoning, logic programming, students motivational assessment},
}

@inproceedings{Yeo:2008:CUA:1599871.1599931,
 author = {Yeo, Jennifer and Tan, Seng Chee},
 title = {Constructive Use of Authoritative Sources in Science Meaning Making},
 booktitle = {Proceedings of the 8th International Conference on International Conference for the Learning Sciences - Volume 2},
 series = {ICLS'08},
 year = {2008},
 location = {Utrecht, The Netherlands},
 pages = {483--490},
 numpages = {8},
 url = {http://dl.acm.org/citation.cfm?id=1599871.1599931},
 acmid = {1599931},
 publisher = {International Society of the Learning Sciences},
}

