@inproceedings{Fisler:2014:RRP:2632320.2632346,
 author = {Fisler, Kathi},
 title = {The Recurring Rainfall Problem},
 booktitle = {Proceedings of the Tenth Annual Conference on International Computing Education Research},
 series = {ICER '14},
 year = {2014},
 isbn = {978-1-4503-2755-8},
 location = {Glasgow, Scotland, United Kingdom},
 pages = {35--42},
 numpages = {8},
 url = {http://doi.acm.org/10.1145/2632320.2632346},
 doi = {10.1145/2632320.2632346},
 acmid = {2632346},
 publisher = {ACM},
 address = {New York, NY, USA},
 keywords = {functional programming, novice programmers, plan composition},
}

@inproceedings{Fisler:2016:MPS:2839509.2844556,
 author = {Fisler, Kathi and Krishnamurthi, Shriram and Siegmund, Janet},
 title = {Modernizing Plan-Composition Studies},
 booktitle = {Proceedings of the 47th ACM Technical Symposium on Computing Science Education},
 series = {SIGCSE '16},
 year = {2016},
 isbn = {978-1-4503-3685-7},
 location = {Memphis, Tennessee, USA},
 pages = {211--216},
 numpages = {6},
 url = {http://doi.acm.org/10.1145/2839509.2844556},
 doi = {10.1145/2839509.2844556},
 acmid = {2844556},
 publisher = {ACM},
 address = {New York, NY, USA},
 keywords = {functional programming, imperative programming, plan composition},
}

@inproceedings{Leppan:2007:SCP:1292491.1292499,
 author = {Leppan, Ronald and Cilliers, Charmain and Taljaard, Marinda},
 title = {Supporting CS1 with a Program Beacon Recognition Tool},
 booktitle = {Proceedings of the 2007 Annual Research Conference of the South African Institute of Computer Scientists and Information Technologists on IT Research in Developing Countries},
 series = {SAICSIT '07},
 year = {2007},
 isbn = {978-1-59593-775-9},
 location = {Port Elizabeth, South Africa},
 pages = {66--75},
 numpages = {10},
 url = {http://doi.acm.org/10.1145/1292491.1292499},
 doi = {10.1145/1292491.1292499},
 acmid = {1292499},
 publisher = {ACM},
 address = {New York, NY, USA},
 keywords = {CS1, introductory programming, program beacons, program comprehension, program plans},
}

@article{Beisse:1995:DPP:381977.381982,
 author = {Beisse, Fred},
 title = {Degree Program Planned in Computer User Support},
 journal = {3C ON-LINE},
 issue_date = {April 1995},
 volume = {2},
 number = {2},
 month = apr,
 year = {1995},
 issn = {1078-2192},
 pages = {18--19},
 numpages = {2},
 url = {http://doi.acm.org/10.1145/381977.381982},
 doi = {10.1145/381977.381982},
 acmid = {381982},
 publisher = {ACM},
 address = {New York, NY, USA},
}

@article{Randolph:2007:PEP:1345375.1345435,
 author = {Randolph, Justus J.},
 title = {Planning and Evaluating Programs in Computer Science Education},
 journal = {SIGCSE Bull.},
 issue_date = {December 2007},
 volume = {39},
 number = {4},
 month = dec,
 year = {2007},
 issn = {0097-8418},
 pages = {131--131},
 numpages = {1},
 url = {http://doi.acm.org/10.1145/1345375.1345435},
 doi = {10.1145/1345375.1345435},
 acmid = {1345435},
 publisher = {ACM},
 address = {New York, NY, USA},
 keywords = {computer science education, evaluation models, participatory research, program evaluation, program planning},
}

@article{Lane:2003:CPP:792548.611955,
 author = {Lane, H. Chad and VanLehn, Kurt},
 title = {Coached Program Planning: Dialogue-based Support for Novice Program Design},
 journal = {SIGCSE Bull.},
 issue_date = {January 2003},
 volume = {35},
 number = {1},
 month = jan,
 year = {2003},
 issn = {0097-8418},
 pages = {148--152},
 numpages = {5},
 url = {http://doi.acm.org/10.1145/792548.611955},
 doi = {10.1145/792548.611955},
 acmid = {611955},
 publisher = {ACM},
 address = {New York, NY, USA},
 keywords = {coached program planning, dialogue systems, intelligent tutoring systems, novice programming, structured programming},
}

@inproceedings{Lane:2003:CPP:611892.611955,
 author = {Lane, H. Chad and VanLehn, Kurt},
 title = {Coached Program Planning: Dialogue-based Support for Novice Program Design},
 booktitle = {Proceedings of the 34th SIGCSE Technical Symposium on Computer Science Education},
 series = {SIGCSE '03},
 year = {2003},
 isbn = {1-58113-648-X},
 location = {Reno, Navada, USA},
 pages = {148--152},
 numpages = {5},
 url = {http://doi.acm.org/10.1145/611892.611955},
 doi = {10.1145/611892.611955},
 acmid = {611955},
 publisher = {ACM},
 address = {New York, NY, USA},
 keywords = {coached program planning, dialogue systems, intelligent tutoring systems, novice programming, structured programming},
}

@inproceedings{Castro:2016:PMP:2960310.2960344,
 author = {Castro, Francisco Enrique Vicente G.},
 title = {Pedagogy and Measurement of Program Planning Skills},
 booktitle = {Proceedings of the 2016 ACM Conference on International Computing Education Research},
 series = {ICER '16},
 year = {2016},
 isbn = {978-1-4503-4449-4},
 location = {Melbourne, VIC, Australia},
 pages = {273--274},
 numpages = {2},
 url = {http://doi.acm.org/10.1145/2960310.2960344},
 doi = {10.1145/2960310.2960344},
 acmid = {2960344},
 publisher = {ACM},
 address = {New York, NY, USA},
 keywords = {plan composition, program design, programming pedagogy, student assessment},
}

@inproceedings{Smetsers-Weeda:2017:PSA:3137065.3137080,
 author = {Smetsers-Weeda, Renske and Smetsers, Sjaak},
 title = {Problem Solving and Algorithmic Development with Flowcharts},
 booktitle = {Proceedings of the 12th Workshop on Primary and Secondary Computing Education},
 series = {WiPSCE '17},
 year = {2017},
 isbn = {978-1-4503-5428-8},
 location = {Nijmegen, Netherlands},
 pages = {25--34},
 numpages = {10},
 url = {http://doi.acm.org/10.1145/3137065.3137080},
 doi = {10.1145/3137065.3137080},
 acmid = {3137080},
 publisher = {ACM},
 address = {New York, NY, USA},
 keywords = {Algorithmic Development, Algorithmic Thinking, Flowcharts, Novice Programming, Plans, Problem Solving, Think-then-Act, Unplugged},
}

@inproceedings{Castro:2017:ISL:3141880.3141897,
 author = {Castro, Francisco Enrique Vicente and Krishnamurthi, Shriram and Fisler, Kathi},
 title = {The Impact of a Single Lecture on Program Plans in First-year CS},
 booktitle = {Proceedings of the 17th Koli Calling International Conference on Computing Education Research},
 series = {Koli Calling '17},
 year = {2017},
 isbn = {978-1-4503-5301-4},
 location = {Koli, Finland},
 pages = {118--122},
 numpages = {5},
 url = {http://doi.acm.org/10.1145/3141880.3141897},
 doi = {10.1145/3141880.3141897},
 acmid = {3141897},
 publisher = {ACM},
 address = {New York, NY, USA},
 keywords = {plan composition, program design, programming pedagogy},
}

@inproceedings{Logendran:1986:PPD:318242.318521,
 author = {Logendran, Rasaratnam and Terrell, M. Palmer},
 title = {Program Planning and Development of a National University Teleconference Network Using Simulation},
 booktitle = {Proceedings of the 18th Conference on Winter Simulation},
 series = {WSC '86},
 year = {1986},
 isbn = {0-911801-11-1},
 location = {Washington, D.C., USA},
 pages = {776--785},
 numpages = {10},
 url = {http://doi.acm.org/10.1145/318242.318521},
 doi = {10.1145/318242.318521},
 acmid = {318521},
 publisher = {ACM},
 address = {New York, NY, USA},
}

@inproceedings{Jin:2011:ECA:1953163.1953254,
 author = {Jin, Wei and Corbett, Albert},
 title = {Effectiveness of Cognitive Apprenticeship Learning (CAL) and Cognitive Tutors (CT) for Problem Solving Using Fundamental Programming Concepts},
 booktitle = {Proceedings of the 42Nd ACM Technical Symposium on Computer Science Education},
 series = {SIGCSE '11},
 year = {2011},
 isbn = {978-1-4503-0500-6},
 location = {Dallas, TX, USA},
 pages = {305--310},
 numpages = {6},
 url = {http://doi.acm.org/10.1145/1953163.1953254},
 doi = {10.1145/1953163.1953254},
 acmid = {1953254},
 publisher = {ACM},
 address = {New York, NY, USA},
 keywords = {CS1, cognitive apprenticeship learning, cognitive tutors, introduction to programming, pedagogy, scaffolding},
}

@article{Frand:1989:FAU:63238.63242,
 author = {Frand, Jason L. and Britt, Julia A.},
 title = {Fifth Annual UCLA Survey of Business School Computer Usage},
 journal = {Commun. ACM},
 issue_date = {Jan. 1989},
 volume = {32},
 number = {1},
 month = jan,
 year = {1989},
 issn = {0001-0782},
 pages = {62--76},
 numpages = {15},
 url = {http://doi.acm.org/10.1145/63238.63242},
 doi = {10.1145/63238.63242},
 acmid = {63242},
 publisher = {ACM},
 address = {New York, NY, USA},
}

@article{Anger:1999:DNS:329155.329164,
 author = {Anger, Frank D.},
 title = {Directions for the NSF Software Engineering and Languages Program},
 journal = {SIGSOFT Softw. Eng. Notes},
 issue_date = {July 1999},
 volume = {24},
 number = {4},
 month = jul,
 year = {1999},
 issn = {0163-5948},
 pages = {50--52},
 numpages = {3},
 url = {http://doi.acm.org/10.1145/329155.329164},
 doi = {10.1145/329155.329164},
 acmid = {329164},
 publisher = {ACM},
 address = {New York, NY, USA},
}

@article{Frand:1988:FAU:48511.48520,
 author = {Frand, Jason,L. and Britt, Julia,A. and Anderson, John,E. and McLean, Ephraim,R.},
 title = {Fourth Annual UCLA Survey of Business School Computer Usage},
 journal = {Commun. ACM},
 issue_date = {July 1988},
 volume = {31},
 number = {7},
 month = jul,
 year = {1988},
 issn = {0001-0782},
 pages = {896--910},
 numpages = {15},
 url = {http://doi.acm.org/10.1145/48511.48520},
 doi = {10.1145/48511.48520},
 acmid = {48520},
 publisher = {ACM},
 address = {New York, NY, USA},
}

@inproceedings{Goda:2012:DMP:2380552.2380557,
 author = {Goda, Bryan S. and Friedman, Robert},
 title = {Designing a Masters Program in Cybersecurity and Leadership},
 booktitle = {Proceedings of the 13th Annual Conference on Information Technology Education},
 series = {SIGITE '12},
 year = {2012},
 isbn = {978-1-4503-1464-0},
 location = {Calgary, Alberta, Canada},
 pages = {9--12},
 numpages = {4},
 url = {http://doi.acm.org/10.1145/2380552.2380557},
 doi = {10.1145/2380552.2380557},
 acmid = {2380557},
 publisher = {ACM},
 address = {New York, NY, USA},
 keywords = {cybersecurity, information technology education},
}

@inproceedings{Kumar:2014:DGP:2656450.2656453,
 author = {Kumar, Sathish Alampalayam},
 title = {Designing a Graduate Program in Information Security and Analytics: Masters Program in Information Security and Analytics (MISA)},
 booktitle = {Proceedings of the 15th Annual Conference on Information Technology Education},
 series = {SIGITE '14},
 year = {2014},
 isbn = {978-1-4503-2686-5},
 location = {Atlanta, Georgia, USA},
 pages = {141--146},
 numpages = {6},
 url = {http://doi.acm.org/10.1145/2656450.2656453},
 doi = {10.1145/2656450.2656453},
 acmid = {2656453},
 publisher = {ACM},
 address = {New York, NY, USA},
 keywords = {analytics, cybersecurity, information technology education},
}

@article{Byckling:2006:RVP:1124706.1121470,
 author = {Byckling, Pauli and Sajaniemi, Jorma},
 title = {Roles of Variables and Programming Skills Improvement},
 journal = {SIGCSE Bull.},
 issue_date = {March 2006},
 volume = {38},
 number = {1},
 month = mar,
 year = {2006},
 issn = {0097-8418},
 pages = {413--417},
 numpages = {5},
 url = {http://doi.acm.org/10.1145/1124706.1121470},
 doi = {10.1145/1124706.1121470},
 acmid = {1121470},
 publisher = {ACM},
 address = {New York, NY, USA},
 keywords = {computer science education, roles of variables},
}

@inproceedings{Byckling:2006:RVP:1121341.1121470,
 author = {Byckling, Pauli and Sajaniemi, Jorma},
 title = {Roles of Variables and Programming Skills Improvement},
 booktitle = {Proceedings of the 37th SIGCSE Technical Symposium on Computer Science Education},
 series = {SIGCSE '06},
 year = {2006},
 isbn = {1-59593-259-3},
 location = {Houston, Texas, USA},
 pages = {413--417},
 numpages = {5},
 url = {http://doi.acm.org/10.1145/1121341.1121470},
 doi = {10.1145/1121341.1121470},
 acmid = {1121470},
 publisher = {ACM},
 address = {New York, NY, USA},
 keywords = {computer science education, roles of variables},
}

@article{Beisse:1997:CUS:254599.254600,
 author = {Beisse, Fred},
 title = {Computer User Support Degree Program: An Alternative to Computer Programming},
 journal = {3C ON-LINE},
 issue_date = {April 1997},
 volume = {4},
 number = {2},
 month = apr,
 year = {1997},
 issn = {1078-2192},
 pages = {8--12},
 numpages = {5},
 url = {http://doi.acm.org/10.1145/254599.254600},
 doi = {10.1145/254599.254600},
 acmid = {254600},
 publisher = {ACM},
 address = {New York, NY, USA},
}

@inproceedings{Duran:2018:TAP:3230977.3230986,
 author = {Duran, Rodrigo and Sorva, Juha and Leite, Sofia},
 title = {Towards an Analysis of Program Complexity From a Cognitive Perspective},
 booktitle = {Proceedings of the 2018 ACM Conference on International Computing Education Research},
 series = {ICER '18},
 year = {2018},
 isbn = {978-1-4503-5628-2},
 location = {Espoo, Finland},
 pages = {21--30},
 numpages = {10},
 url = {http://doi.acm.org/10.1145/3230977.3230986},
 doi = {10.1145/3230977.3230986},
 acmid = {3230986},
 publisher = {ACM},
 address = {New York, NY, USA},
 keywords = {cognitive load theory, complexity, model of hierarchical complexity, plan-composition strategies, program cognitive complexity},
}

@inproceedings{Zinn:1971:CSC:800184.810524,
 note = {Chairman-Zinn, Karl L.},
 title = {Computer Science Contributions to Learning and Teaching (Panel)},
 booktitle = {Proceedings of the 1971 26th Annual Conference},
 series = {ACM '71},
 year = {1971},
 pages = {560--563},
 numpages = {4},
 url = {http://doi.acm.org/10.1145/800184.810524},
 doi = {10.1145/800184.810524},
 acmid = {810524},
 publisher = {ACM},
 address = {New York, NY, USA},
}

@inproceedings{Corbett:2000:IIC:332040.332412,
 author = {Corbett, Albert and Trask, Holly},
 title = {Instructional Interventions in Computer-based Tutoring: Differential Impact on Learning Time and Accuracy},
 booktitle = {Proceedings of the SIGCHI Conference on Human Factors in Computing Systems},
 series = {CHI '00},
 year = {2000},
 isbn = {1-58113-216-6},
 location = {The Hague, The Netherlands},
 pages = {97--104},
 numpages = {8},
 url = {http://doi.acm.org/10.1145/332040.332412},
 doi = {10.1145/332040.332412},
 acmid = {332412},
 publisher = {ACM},
 address = {New York, NY, USA},
 keywords = {animation, instructional interface design, intelligent tutoring systems, plan scaffolding, student modeling},
}

@inproceedings{McGee:2019:ECE:3287324.3287415,
 author = {McGee, Steven and Greenberg, Ronald I. and McGee-Tekula, Randi and Duck, Jennifer and Rasmussen, Andrew M. and Dettori, Lucia and Reed, Dale F.},
 title = {An Examination of the Correlation of Exploring Computer Science Course Performance and the Development of Programming Expertise},
 booktitle = {Proceedings of the 50th ACM Technical Symposium on Computer Science Education},
 series = {SIGCSE '19},
 year = {2019},
 isbn = {978-1-4503-5890-3},
 location = {Minneapolis, MN, USA},
 pages = {1067--1073},
 numpages = {7},
 url = {http://doi.acm.org/10.1145/3287324.3287415},
 doi = {10.1145/3287324.3287415},
 acmid = {3287415},
 publisher = {ACM},
 address = {New York, NY, USA},
 keywords = {computer programming skills, exploring computer science, high school computer science},
}

@article{Sleeman:1986:CTC:6592.214913,
 author = {Sleeman, Derek},
 title = {The Challenges of Teaching Computer Programming},
 journal = {Commun. ACM},
 issue_date = {Sept. 1986},
 volume = {29},
 number = {9},
 month = sep,
 year = {1986},
 issn = {0001-0782},
 pages = {840--841},
 numpages = {2},
 url = {http://doi.acm.org/10.1145/6592.214913},
 doi = {10.1145/6592.214913},
 acmid = {214913},
 publisher = {ACM},
 address = {New York, NY, USA},
}

@inproceedings{Aschermann:2018:LHS:3237383.3237980,
 author = {Aschermann, Malte and Dennisen, Sophie and Kraus, Philipp and M\"{u}ller, J\"{o}rg P.},
 title = {LightJason, a Highly Scalable and Concurrent Agent Framework: Overview and Application},
 booktitle = {Proceedings of the 17th International Conference on Autonomous Agents and MultiAgent Systems},
 series = {AAMAS '18},
 year = {2018},
 location = {Stockholm, Sweden},
 pages = {1794--1796},
 numpages = {3},
 url = {http://dl.acm.org/citation.cfm?id=3237383.3237980},
 acmid = {3237980},
 publisher = {International Foundation for Autonomous Agents and Multiagent Systems},
 address = {Richland, SC},
 keywords = {agent platform, agent-oriented programming and simulation, bdi modeling, scalability, traffic simulation},
}

