@article{Sakhnini:2008:RAH:1362787.1362789,
 author = {Sakhnini, Victoria and Hazzan, Orit},
 title = {Reducing Abstraction in High School Computer Science Education: The Case of Definition, Implementation, and Use of Abstract Data Types},
 journal = {J. Educ. Resour. Comput.},
 issue_date = {June 2008},
 volume = {8},
 number = {2},
 month = may,
 year = {2008},
 issn = {1531-4278},
 pages = {5:1--5:13},
 articleno = {5},
 numpages = {13},
 url = {http://doi.acm.org/10.1145/1362787.1362789},
 doi = {10.1145/1362787.1362789},
 acmid = {1362789},
 publisher = {ACM},
 address = {New York, NY, USA},
 keywords = {abstract data types, abstraction, computer science education, problem solving, reducing abstraction},
}

@article{Hazzan:2008:RTA:1383602.1383631,
 author = {Hazzan, Orit},
 title = {Reflections on Teaching Abstraction and Other Soft Ideas},
 journal = {SIGCSE Bull.},
 issue_date = {June 2008},
 volume = {40},
 number = {2},
 month = jun,
 year = {2008},
 issn = {0097-8418},
 pages = {40--43},
 numpages = {4},
 url = {http://doi.acm.org/10.1145/1383602.1383631},
 doi = {10.1145/1383602.1383631},
 acmid = {1383631},
 publisher = {ACM},
 address = {New York, NY, USA},
 keywords = {abstraction, computer science education, reflection, soft ideas},
}

@inproceedings{Almstrum:2003:TTC:611892.611911,
 author = {Almstrum, Vicki L. and Ginat, David and Hazzan, Orit and Clement, John M.},
 title = {Transfer to/from Computing Science Education: The Case of Science Education Research},
 booktitle = {Proceedings of the 34th SIGCSE Technical Symposium on Computer Science Education},
 series = {SIGCSE '03},
 year = {2003},
 isbn = {1-58113-648-X},
 location = {Reno, Navada, USA},
 pages = {303--304},
 numpages = {2},
 url = {http://doi.acm.org/10.1145/611892.611911},
 doi = {10.1145/611892.611911},
 acmid = {611911},
 publisher = {ACM},
 address = {New York, NY, USA},
 keywords = {cognition, learning theories, mathematics education},
}

@article{Almstrum:2003:TTC:792548.611911,
 author = {Almstrum, Vicki L. and Ginat, David and Hazzan, Orit and Clement, John M.},
 title = {Transfer to/from Computing Science Education: The Case of Science Education Research},
 journal = {SIGCSE Bull.},
 issue_date = {January 2003},
 volume = {35},
 number = {1},
 month = jan,
 year = {2003},
 issn = {0097-8418},
 pages = {303--304},
 numpages = {2},
 url = {http://doi.acm.org/10.1145/792548.611911},
 doi = {10.1145/792548.611911},
 acmid = {611911},
 publisher = {ACM},
 address = {New York, NY, USA},
 keywords = {cognition, learning theories, mathematics education},
}

@article{Armoni:2006:RTU:1140123.1140161,
 author = {Armoni, Michal and Gal-Ezer, Judith and Hazzan, Orit},
 title = {Reductive Thinking in Undergraduate CS Courses},
 journal = {SIGCSE Bull.},
 issue_date = {September 2006},
 volume = {38},
 number = {3},
 month = jun,
 year = {2006},
 issn = {0097-8418},
 pages = {133--137},
 numpages = {5},
 url = {http://doi.acm.org/10.1145/1140123.1140161},
 doi = {10.1145/1140123.1140161},
 acmid = {1140161},
 publisher = {ACM},
 address = {New York, NY, USA},
 keywords = {algorithms, computational models, reduction, reductive thinking},
}

@inproceedings{Armoni:2006:RTU:1140124.1140161,
 author = {Armoni, Michal and Gal-Ezer, Judith and Hazzan, Orit},
 title = {Reductive Thinking in Undergraduate CS Courses},
 booktitle = {Proceedings of the 11th Annual SIGCSE Conference on Innovation and Technology in Computer Science Education},
 series = {ITICSE '06},
 year = {2006},
 isbn = {1-59593-055-8},
 location = {Bologna, Italy},
 pages = {133--137},
 numpages = {5},
 url = {http://doi.acm.org/10.1145/1140124.1140161},
 doi = {10.1145/1140124.1140161},
 acmid = {1140161},
 publisher = {ACM},
 address = {New York, NY, USA},
 keywords = {algorithms, computational models, reduction, reductive thinking},
}

@article{Armoni:2006:RAT:1124706.1121461,
 author = {Armoni, Michal and Gal-Ezer, Judith},
 title = {Reduction -- an Abstract Thinking Pattern: The Case of the Computational Models Course},
 journal = {SIGCSE Bull.},
 issue_date = {March 2006},
 volume = {38},
 number = {1},
 month = mar,
 year = {2006},
 issn = {0097-8418},
 pages = {389--393},
 numpages = {5},
 url = {http://doi.acm.org/10.1145/1124706.1121461},
 doi = {10.1145/1124706.1121461},
 acmid = {1121461},
 publisher = {ACM},
 address = {New York, NY, USA},
 keywords = {abstraction, computational models, reduction, reductive thinking},
}

@inproceedings{Armoni:2006:RAT:1121341.1121461,
 author = {Armoni, Michal and Gal-Ezer, Judith},
 title = {Reduction -- an Abstract Thinking Pattern: The Case of the Computational Models Course},
 booktitle = {Proceedings of the 37th SIGCSE Technical Symposium on Computer Science Education},
 series = {SIGCSE '06},
 year = {2006},
 isbn = {1-59593-259-3},
 location = {Houston, Texas, USA},
 pages = {389--393},
 numpages = {5},
 url = {http://doi.acm.org/10.1145/1121341.1121461},
 doi = {10.1145/1121341.1121461},
 acmid = {1121461},
 publisher = {ACM},
 address = {New York, NY, USA},
 keywords = {abstraction, computational models, reduction, reductive thinking},
}

@article{Armoni:2008:RTQ:1597849.1384288,
 author = {Armoni, Michal},
 title = {Reductive Thinking in a Quantitative Perspective: The Case of the Algorithm Course},
 journal = {SIGCSE Bull.},
 issue_date = {September 2008},
 volume = {40},
 number = {3},
 month = jun,
 year = {2008},
 issn = {0097-8418},
 pages = {53--57},
 numpages = {5},
 url = {http://doi.acm.org/10.1145/1597849.1384288},
 doi = {10.1145/1597849.1384288},
 acmid = {1384288},
 publisher = {ACM},
 address = {New York, NY, USA},
 keywords = {black box, reduction, reductive thinking},
}

@inproceedings{Armoni:2008:RTQ:1384271.1384288,
 author = {Armoni, Michal},
 title = {Reductive Thinking in a Quantitative Perspective: The Case of the Algorithm Course},
 booktitle = {Proceedings of the 13th Annual Conference on Innovation and Technology in Computer Science Education},
 series = {ITiCSE '08},
 year = {2008},
 isbn = {978-1-60558-078-4},
 location = {Madrid, Spain},
 pages = {53--57},
 numpages = {5},
 url = {http://doi.acm.org/10.1145/1384271.1384288},
 doi = {10.1145/1384271.1384288},
 acmid = {1384288},
 publisher = {ACM},
 address = {New York, NY, USA},
 keywords = {black box, reduction, reductive thinking},
}

@inproceedings{Philpott:2009:USP:1508865.1509012,
 author = {Philpott, Anne and Clear, Tony and Whalley, Jacqueline},
 title = {Understanding Student Performance on an Algorithm Simulation Task: Implications for Guided Learning},
 booktitle = {Proceedings of the 40th ACM Technical Symposium on Computer Science Education},
 series = {SIGCSE '09},
 year = {2009},
 isbn = {978-1-60558-183-5},
 location = {Chattanooga, TN, USA},
 pages = {408--412},
 numpages = {5},
 url = {http://doi.acm.org/10.1145/1508865.1509012},
 doi = {10.1145/1508865.1509012},
 acmid = {1509012},
 publisher = {ACM},
 address = {New York, NY, USA},
 keywords = {abstraction, algorithms, comprehension, cs3, discovery learning, novice programmers, problem based learning, solo},
}

@article{Philpott:2009:USP:1539024.1509012,
 author = {Philpott, Anne and Clear, Tony and Whalley, Jacqueline},
 title = {Understanding Student Performance on an Algorithm Simulation Task: Implications for Guided Learning},
 journal = {SIGCSE Bull.},
 issue_date = {March 2009},
 volume = {41},
 number = {1},
 month = mar,
 year = {2009},
 issn = {0097-8418},
 pages = {408--412},
 numpages = {5},
 url = {http://doi.acm.org/10.1145/1539024.1509012},
 doi = {10.1145/1539024.1509012},
 acmid = {1509012},
 publisher = {ACM},
 address = {New York, NY, USA},
 keywords = {abstraction, algorithms, comprehension, cs3, discovery learning, novice programmers, problem based learning, solo},
}

@inproceedings{Gibson:2012:TGA:2325296.2325308,
 author = {Gibson, J. Paul},
 title = {Teaching Graph Algorithms to Children of All Ages},
 booktitle = {Proceedings of the 17th ACM Annual Conference on Innovation and Technology in Computer Science Education},
 series = {ITiCSE '12},
 year = {2012},
 isbn = {978-1-4503-1246-2},
 location = {Haifa, Israel},
 pages = {34--39},
 numpages = {6},
 url = {http://doi.acm.org/10.1145/2325296.2325308},
 doi = {10.1145/2325296.2325308},
 acmid = {2325308},
 publisher = {ACM},
 address = {New York, NY, USA},
 keywords = {abstraction, computational thinking, k-12 education, modelling, problem based learning},
}

@inproceedings{Taub:2014:ABC:2670757.2670777,
 author = {Taub, Rivka and Armoni, Michal and Ben-Ari, Mordechai (Moti)},
 title = {Abstraction As a Bridging Concept Between Computer Science and Physics},
 booktitle = {Proceedings of the 9th Workshop in Primary and Secondary Computing Education},
 series = {WiPSCE '14},
 year = {2014},
 isbn = {978-1-4503-3250-7},
 location = {Berlin, Germany},
 pages = {16--19},
 numpages = {4},
 url = {http://doi.acm.org/10.1145/2670757.2670777},
 doi = {10.1145/2670757.2670777},
 acmid = {2670777},
 publisher = {ACM},
 address = {New York, NY, USA},
 keywords = {abstraction, computational science, k-12 instruction, modeling},
}

@inproceedings{Selby:2012:PCT:2481449.2481466,
 author = {Selby, Cynthia C.},
 title = {Promoting Computational Thinking with Programming},
 booktitle = {Proceedings of the 7th Workshop in Primary and Secondary Computing Education},
 series = {WiPSCE '12},
 year = {2012},
 isbn = {978-1-4503-1787-0},
 location = {Hamburg, Germany},
 pages = {74--77},
 numpages = {4},
 url = {http://doi.acm.org/10.1145/2481449.2481466},
 doi = {10.1145/2481449.2481466},
 acmid = {2481466},
 publisher = {ACM},
 address = {New York, NY, USA},
 keywords = {computational thinking, pedagogy of programming, problem solving},
}

@inproceedings{Ginat:2010:BCN:1734263.1734393,
 author = {Ginat, David},
 title = {The Baffling CS Notions of "As-if" and "Don'T-care"},
 booktitle = {Proceedings of the 41st ACM Technical Symposium on Computer Science Education},
 series = {SIGCSE '10},
 year = {2010},
 isbn = {978-1-4503-0006-3},
 location = {Milwaukee, Wisconsin, USA},
 pages = {385--389},
 numpages = {5},
 url = {http://doi.acm.org/10.1145/1734263.1734393},
 doi = {10.1145/1734263.1734393},
 acmid = {1734393},
 publisher = {ACM},
 address = {New York, NY, USA},
 keywords = {abstraction, non-determinism, task reformulation},
}

@inproceedings{Enstrom:2010:CLW:1822090.1822118,
 author = {Enstr\"{o}m, Emma and Kann, Viggo},
 title = {Computer Lab Work on Theory},
 booktitle = {Proceedings of the Fifteenth Annual Conference on Innovation and Technology in Computer Science Education},
 series = {ITiCSE '10},
 year = {2010},
 isbn = {978-1-60558-820-9},
 location = {Bilkent, Ankara, Turkey},
 pages = {93--97},
 numpages = {5},
 url = {http://doi.acm.org/10.1145/1822090.1822118},
 doi = {10.1145/1822090.1822118},
 acmid = {1822118},
 publisher = {ACM},
 address = {New York, NY, USA},
 keywords = {computer lab work, learning theoretical computer science, reductions},
}

@inproceedings{Malmi:2014:TUC:2632320.2632358,
 author = {Malmi, Lauri and Sheard, Judy and Simon and Bednarik, Roman and Helminen, Juha and Kinnunen, P\"{a}ivi and Korhonen, Ari and Myller, Niko and Sorva, Juha and Taherkhani, Ahmad},
 title = {Theoretical Underpinnings of Computing Education Research: What is the Evidence?},
 booktitle = {Proceedings of the Tenth Annual Conference on International Computing Education Research},
 series = {ICER '14},
 year = {2014},
 isbn = {978-1-4503-2755-8},
 location = {Glasgow, Scotland, United Kingdom},
 pages = {27--34},
 numpages = {8},
 url = {http://doi.acm.org/10.1145/2632320.2632358},
 doi = {10.1145/2632320.2632358},
 acmid = {2632358},
 publisher = {ACM},
 address = {New York, NY, USA},
 keywords = {classifying publications, computing education, research methods},
}

@article{Tenenberg:2008:GST:1362787.1362788,
 author = {Tenenberg, Josh and Mccartney, Robert},
 title = {Grounding the Scholarship of Teaching and Learning in Practice},
 journal = {J. Educ. Resour. Comput.},
 issue_date = {June 2008},
 volume = {8},
 number = {2},
 month = may,
 year = {2008},
 issn = {1531-4278},
 pages = {4:1--4:3},
 articleno = {4},
 numpages = {3},
 url = {http://doi.acm.org/10.1145/1362787.1362788},
 doi = {10.1145/1362787.1362788},
 acmid = {1362788},
 publisher = {ACM},
 address = {New York, NY, USA},
 keywords = {Scholarship of teaching and learning, practitioner knowledge},
}

@article{Hazzan:2002:RAL:637610.544461,
 author = {Hazzan, Orit},
 title = {Reducing Abstraction Level when Learning Computability Theory Concepts},
 journal = {SIGCSE Bull.},
 issue_date = {September 2002},
 volume = {34},
 number = {3},
 month = jun,
 year = {2002},
 issn = {0097-8418},
 pages = {156--160},
 numpages = {5},
 url = {http://doi.acm.org/10.1145/637610.544461},
 doi = {10.1145/637610.544461},
 acmid = {544461},
 publisher = {ACM},
 address = {New York, NY, USA},
 keywords = {abstraction, computability, computer science education, mental processes},
}

@inproceedings{Hazzan:2002:RAL:544414.544461,
 author = {Hazzan, Orit},
 title = {Reducing Abstraction Level when Learning Computability Theory Concepts},
 booktitle = {Proceedings of the 7th Annual Conference on Innovation and Technology in Computer Science Education},
 series = {ITiCSE '02},
 year = {2002},
 isbn = {1-58113-499-1},
 location = {Aarhus, Denmark},
 pages = {156--160},
 numpages = {5},
 url = {http://doi.acm.org/10.1145/544414.544461},
 doi = {10.1145/544414.544461},
 acmid = {544461},
 publisher = {ACM},
 address = {New York, NY, USA},
 keywords = {abstraction, computability, computer science education, mental processes},
}

@inproceedings{Hill:2008:AAM:1370164.1370169,
 author = {Hill, Jonathan H. and Houle, Bernice J. and Merritt, Susan M. and Stix, Allen},
 title = {Applying Abstraction to Master Complexity},
 booktitle = {Proceedings of the 2Nd International Workshop on The Role of Abstraction in Software Engineering},
 series = {ROA '08},
 year = {2008},
 isbn = {978-1-60558-028-9},
 location = {Leipzig, Germany},
 pages = {15--21},
 numpages = {7},
 url = {http://doi.acm.org/10.1145/1370164.1370169},
 doi = {10.1145/1370164.1370169},
 acmid = {1370169},
 publisher = {ACM},
 address = {New York, NY, USA},
 keywords = {abstraction, cognition, computer science education, discipline, testing},
}

@article{Perrenet:2005:ESU:1151954.1067467,
 author = {Perrenet, Jacob and Groote, Jan Friso and Kaasenbrood, Eric},
 title = {Exploring Students' Understanding of the Concept of Algorithm: Levels of Abstraction},
 journal = {SIGCSE Bull.},
 issue_date = {September 2005},
 volume = {37},
 number = {3},
 month = jun,
 year = {2005},
 issn = {0097-8418},
 pages = {64--68},
 numpages = {5},
 url = {http://doi.acm.org/10.1145/1151954.1067467},
 doi = {10.1145/1151954.1067467},
 acmid = {1067467},
 publisher = {ACM},
 address = {New York, NY, USA},
 keywords = {abstraction, computer science education},
}

@inproceedings{Perrenet:2005:ESU:1067445.1067467,
 author = {Perrenet, Jacob and Groote, Jan Friso and Kaasenbrood, Eric},
 title = {Exploring Students' Understanding of the Concept of Algorithm: Levels of Abstraction},
 booktitle = {Proceedings of the 10th Annual SIGCSE Conference on Innovation and Technology in Computer Science Education},
 series = {ITiCSE '05},
 year = {2005},
 isbn = {1-59593-024-8},
 location = {Caparica, Portugal},
 pages = {64--68},
 numpages = {5},
 url = {http://doi.acm.org/10.1145/1067445.1067467},
 doi = {10.1145/1067445.1067467},
 acmid = {1067467},
 publisher = {ACM},
 address = {New York, NY, USA},
 keywords = {abstraction, computer science education},
}

@article{Kramer:2007:AKC:1232743.1232745,
 author = {Kramer, Jeff},
 title = {Is Abstraction the Key to Computing?},
 journal = {Commun. ACM},
 issue_date = {April 2007},
 volume = {50},
 number = {4},
 month = apr,
 year = {2007},
 issn = {0001-0782},
 pages = {36--42},
 numpages = {7},
 url = {http://doi.acm.org/10.1145/1232743.1232745},
 doi = {10.1145/1232743.1232745},
 acmid = {1232745},
 publisher = {ACM},
 address = {New York, NY, USA},
}

@article{Qualls:2011:CSU:1961574.1961590,
 author = {Qualls, Jake A. and Grant, Michael M. and Sherrell, Linda B.},
 title = {CS1 Students' Understanding of Computational Thinking Concepts},
 journal = {J. Comput. Sci. Coll.},
 issue_date = {May 2011},
 volume = {26},
 number = {5},
 month = may,
 year = {2011},
 issn = {1937-4771},
 pages = {62--71},
 numpages = {10},
 url = {http://dl.acm.org/citation.cfm?id=1961574.1961590},
 acmid = {1961590},
 publisher = {Consortium for Computing Sciences in Colleges},
 address = {USA},
}

@inproceedings{Ginat:2017:MLA:3017680.3017801,
 author = {Ginat, David and Blau, Yoav},
 title = {Multiple Levels of Abstraction in Algorithmic Problem Solving},
 booktitle = {Proceedings of the 2017 ACM SIGCSE Technical Symposium on Computer Science Education},
 series = {SIGCSE '17},
 year = {2017},
 isbn = {978-1-4503-4698-6},
 location = {Seattle, Washington, USA},
 pages = {237--242},
 numpages = {6},
 url = {http://doi.acm.org/10.1145/3017680.3017801},
 doi = {10.1145/3017680.3017801},
 acmid = {3017801},
 publisher = {ACM},
 address = {New York, NY, USA},
 keywords = {abstraction, algorithm design},
}

@article{Perrenet:2006:LAS:1140123.1140196,
 author = {Perrenet, Jacob and Kaasenbrood, Eric},
 title = {Levels of Abstraction in Students' Understanding of the Concept of Algorithm: The Qualitative Perspective},
 journal = {SIGCSE Bull.},
 issue_date = {September 2006},
 volume = {38},
 number = {3},
 month = jun,
 year = {2006},
 issn = {0097-8418},
 pages = {270--274},
 numpages = {5},
 url = {http://doi.acm.org/10.1145/1140123.1140196},
 doi = {10.1145/1140123.1140196},
 acmid = {1140196},
 publisher = {ACM},
 address = {New York, NY, USA},
 keywords = {abstraction, computer science education, research methods},
}

@inproceedings{Perrenet:2006:LAS:1140124.1140196,
 author = {Perrenet, Jacob and Kaasenbrood, Eric},
 title = {Levels of Abstraction in Students' Understanding of the Concept of Algorithm: The Qualitative Perspective},
 booktitle = {Proceedings of the 11th Annual SIGCSE Conference on Innovation and Technology in Computer Science Education},
 series = {ITICSE '06},
 year = {2006},
 isbn = {1-59593-055-8},
 location = {Bologna, Italy},
 pages = {270--274},
 numpages = {5},
 url = {http://doi.acm.org/10.1145/1140124.1140196},
 doi = {10.1145/1140124.1140196},
 acmid = {1140196},
 publisher = {ACM},
 address = {New York, NY, USA},
 keywords = {abstraction, computer science education, research methods},
}

@inproceedings{Ginat:2012:PAC:2325296.2325307,
 author = {Ginat, David and Alankry, Ronnie},
 title = {Pseudo Abstract Composition: The Case of Language Concatenation},
 booktitle = {Proceedings of the 17th ACM Annual Conference on Innovation and Technology in Computer Science Education},
 series = {ITiCSE '12},
 year = {2012},
 isbn = {978-1-4503-1246-2},
 location = {Haifa, Israel},
 pages = {28--33},
 numpages = {6},
 url = {http://doi.acm.org/10.1145/2325296.2325307},
 doi = {10.1145/2325296.2325307},
 acmid = {2325307},
 publisher = {ACM},
 address = {New York, NY, USA},
 keywords = {abstraction, composition, computational models, concatenation, non-determinism},
}

@inproceedings{Selby:2015:RCT:2818314.2818315,
 author = {Selby, Cynthia C.},
 title = {Relationships: Computational Thinking, Pedagogy of Programming, and Bloom's Taxonomy},
 booktitle = {Proceedings of the Workshop in Primary and Secondary Computing Education},
 series = {WiPSCE '15},
 year = {2015},
 isbn = {978-1-4503-3753-3},
 location = {London, United Kingdom},
 pages = {80--87},
 numpages = {8},
 url = {http://doi.acm.org/10.1145/2818314.2818315},
 doi = {10.1145/2818314.2818315},
 acmid = {2818315},
 publisher = {ACM},
 address = {New York, NY, USA},
 keywords = {Bloom's Taxonomy, Computational thinking, pedagogy, programming},
}

@article{Chesnevar:2004:DSP:1026487.1008002,
 author = {Ches\~{n}evar, Carlos I. and Gonz\'{a}lez, Maria P. and Maguitman, Ana G.},
 title = {Didactic Strategies for Promoting Significant Learning in Formal Languages and Automata Theory},
 journal = {SIGCSE Bull.},
 issue_date = {September 2004},
 volume = {36},
 number = {3},
 month = jun,
 year = {2004},
 issn = {0097-8418},
 pages = {7--11},
 numpages = {5},
 url = {http://doi.acm.org/10.1145/1026487.1008002},
 doi = {10.1145/1026487.1008002},
 acmid = {1008002},
 publisher = {ACM},
 address = {New York, NY, USA},
 keywords = {automata theory, constructivism, formal languages},
}

@inproceedings{Chesnevar:2004:DSP:1007996.1008002,
 author = {Ches\~{n}evar, Carlos I. and Gonz\'{a}lez, Maria P. and Maguitman, Ana G.},
 title = {Didactic Strategies for Promoting Significant Learning in Formal Languages and Automata Theory},
 booktitle = {Proceedings of the 9th Annual SIGCSE Conference on Innovation and Technology in Computer Science Education},
 series = {ITiCSE '04},
 year = {2004},
 isbn = {1-58113-836-9},
 location = {Leeds, United Kingdom},
 pages = {7--11},
 numpages = {5},
 url = {http://doi.acm.org/10.1145/1007996.1008002},
 doi = {10.1145/1007996.1008002},
 acmid = {1008002},
 publisher = {ACM},
 address = {New York, NY, USA},
 keywords = {automata theory, constructivism, formal languages},
}

@inproceedings{Alexandron:2012:EPP:2401796.2401821,
 author = {Alexandron, Giora and Armoni, Michal and Gordon, Michal and Harel, David},
 title = {The Effect of Previous Programming Experience on the Learning of Scenario-based Programming},
 booktitle = {Proceedings of the 12th Koli Calling International Conference on Computing Education Research},
 series = {Koli Calling '12},
 year = {2012},
 isbn = {978-1-4503-1795-5},
 location = {Koli, Finland},
 pages = {151--159},
 numpages = {9},
 url = {http://doi.acm.org/10.1145/2401796.2401821},
 doi = {10.1145/2401796.2401821},
 acmid = {2401821},
 publisher = {ACM},
 address = {New York, NY, USA},
 keywords = {constructivism, scenario-based programming, visual languages},
}

@inproceedings{Eckerdal:2005:TLP:1089786.1089799,
 author = {Eckerdal, Anna and Thun{\'e}, Michael and Berglund, Anders},
 title = {What Does It Take to Learn 'Programming Thinking'?},
 booktitle = {Proceedings of the First International Workshop on Computing Education Research},
 series = {ICER '05},
 year = {2005},
 isbn = {1-59593-043-4},
 location = {Seattle, WA, USA},
 pages = {135--142},
 numpages = {8},
 url = {http://doi.acm.org/10.1145/1089786.1089799},
 doi = {10.1145/1089786.1089799},
 acmid = {1089799},
 publisher = {ACM},
 address = {New York, NY, USA},
 keywords = {levels of abstraction, phenomenography, process-object duality},
}

@inproceedings{Lister:2011:CON:2459936.2459938,
 author = {Lister, Raymond},
 title = {Concrete and Other neo-Piagetian Forms of Reasoning in the Novice Programmer},
 booktitle = {Proceedings of the Thirteenth Australasian Computing Education Conference - Volume 114},
 series = {ACE '11},
 year = {2011},
 isbn = {978-1-920682-94-1},
 location = {Perth, Australia},
 pages = {9--18},
 numpages = {10},
 url = {http://dl.acm.org/citation.cfm?id=2459936.2459938},
 acmid = {2459938},
 publisher = {Australian Computer Society, Inc.},
 address = {Darlinghurst, Australia, Australia},
 keywords = {neo-Piagetian, novice programmer},
}

@inproceedings{Bennedssen:2008:AAI:1404520.1404523,
 author = {Bennedssen, Jens and Caspersen, Michael E.},
 title = {Abstraction Ability As an Indicator of Success for Learning Computing Science?},
 booktitle = {Proceedings of the Fourth International Workshop on Computing Education Research},
 series = {ICER '08},
 year = {2008},
 isbn = {978-1-60558-216-0},
 location = {Sydney, Australia},
 pages = {15--26},
 numpages = {12},
 url = {http://doi.acm.org/10.1145/1404520.1404523},
 doi = {10.1145/1404520.1404523},
 acmid = {1404523},
 publisher = {ACM},
 address = {New York, NY, USA},
 keywords = {CS, abstraction, computer science, indicator, learning, success},
}

@article{Verma:2005:VIA:1151954.1067535,
 author = {Verma, Rakesh M.},
 title = {A Visual and Interactive Automata Theory Course Emphasizing Breadth of Automata},
 journal = {SIGCSE Bull.},
 issue_date = {September 2005},
 volume = {37},
 number = {3},
 month = jun,
 year = {2005},
 issn = {0097-8418},
 pages = {325--329},
 numpages = {5},
 url = {http://doi.acm.org/10.1145/1151954.1067535},
 doi = {10.1145/1151954.1067535},
 acmid = {1067535},
 publisher = {ACM},
 address = {New York, NY, USA},
 keywords = {formal languages, rule-based programming, string automata, tree automata},
}

@inproceedings{Verma:2005:VIA:1067445.1067535,
 author = {Verma, Rakesh M.},
 title = {A Visual and Interactive Automata Theory Course Emphasizing Breadth of Automata},
 booktitle = {Proceedings of the 10th Annual SIGCSE Conference on Innovation and Technology in Computer Science Education},
 series = {ITiCSE '05},
 year = {2005},
 isbn = {1-59593-024-8},
 location = {Caparica, Portugal},
 pages = {325--329},
 numpages = {5},
 url = {http://doi.acm.org/10.1145/1067445.1067535},
 doi = {10.1145/1067445.1067535},
 acmid = {1067535},
 publisher = {ACM},
 address = {New York, NY, USA},
 keywords = {formal languages, rule-based programming, string automata, tree automata},
}

@article{Enstrom:2017:IIL:3003827.3018109,
 author = {Enstr\"{o}m, Emma and Kann, Viggo},
 title = {Iteratively Intervening with the \&Ldquo;Most Difficult\&Rdquo; Topics of an Algorithms and Complexity Course},
 journal = {Trans. Comput. Educ.},
 issue_date = {January 2017},
 volume = {17},
 number = {1},
 month = jan,
 year = {2017},
 issn = {1946-6226},
 pages = {4:1--4:38},
 articleno = {4},
 numpages = {38},
 url = {http://doi.acm.org/10.1145/3018109},
 doi = {10.1145/3018109},
 acmid = {3018109},
 publisher = {ACM},
 address = {New York, NY, USA},
 keywords = {Algorithm visualization, NP-completeness, assessment, dynamic programming, pattern-oriented instruction, proofs, self-efficacy},
}

@article{Armoni:2009:RCQ:1482348.1482350,
 author = {Armoni, Michal},
 title = {Reduction in CS: A (Mostly) Quantitative Analysis of Reductive Solutions to Algorithmic Problems},
 journal = {J. Educ. Resour. Comput.},
 issue_date = {January 2009},
 volume = {8},
 number = {4},
 month = jan,
 year = {2009},
 issn = {1531-4278},
 pages = {11:1--11:30},
 articleno = {11},
 numpages = {30},
 url = {http://doi.acm.org/10.1145/1482348.1482350},
 doi = {10.1145/1482348.1482350},
 acmid = {1482350},
 publisher = {ACM},
 address = {New York, NY, USA},
 keywords = {Reduction, black box, reductive thinking},
}

@inproceedings{Dodson:2013:MGC:2516604.2516626,
 author = {Dodson, Leslie L. and Sterling, S. Revi and Bennett, John K.},
 title = {Minding the Gaps: Cultural, Technical and Gender-based Barriers to Mobile Use in Oral-language Berber Communities in Morocco},
 booktitle = {Proceedings of the Sixth International Conference on Information and Communication Technologies and Development: Full Papers - Volume 1},
 series = {ICTD '13},
 year = {2013},
 isbn = {978-1-4503-1906-5},
 location = {Cape Town, South Africa},
 pages = {79--88},
 numpages = {10},
 url = {http://doi.acm.org/10.1145/2516604.2516626},
 doi = {10.1145/2516604.2516626},
 acmid = {2516626},
 publisher = {ACM},
 address = {New York, NY, USA},
 keywords = {Berber, HCI, HCID, ICTD, M4D, Morocco, gender, mobile phones, mobiles for development},
}

@inproceedings{delVadoVirseda:2019:CAC:3300115.3309507,
 author = {del Vado V\'{\i}rseda, Rafael},
 title = {Computability and Algorithmic Complexity Questions in Secondary Education},
 booktitle = {Proceedings of the ACM Conference on Global Computing Education},
 series = {CompEd '19},
 year = {2019},
 isbn = {978-1-4503-6259-7},
 location = {Chengdu,Sichuan, China},
 pages = {51--57},
 numpages = {7},
 url = {http://doi.acm.org/10.1145/3300115.3309507},
 doi = {10.1145/3300115.3309507},
 acmid = {3309507},
 publisher = {ACM},
 address = {New York, NY, USA},
 keywords = {algorithmic complexity, computability theory, computing curricula, curriculum issues, undergraduate studies},
}

