@inproceedings{Vihavainen:2015:BSI:2676723.2677260,
 author = {Vihavainen, Arto and Miller, Craig S. and Settle, Amber},
 title = {Benefits of Self-explanation in Introductory Programming},
 booktitle = {Proceedings of the 46th ACM Technical Symposium on Computer Science Education},
 series = {SIGCSE '15},
 year = {2015},
 isbn = {978-1-4503-2966-8},
 location = {Kansas City, Missouri, USA},
 pages = {284--289},
 numpages = {6},
 url = {http://doi.acm.org/10.1145/2676723.2677260},
 doi = {10.1145/2676723.2677260},
 acmid = {2677260},
 publisher = {ACM},
 address = {New York, NY, USA},
 keywords = {cs1, introductory programming, programming education, scaffolding, self-explanation, self-explanation questions},
}

@inproceedings{Miller:2012:MTC:2148131.2148185,
 author = {Miller, Andrea and Rosenbaum, Claire and Blikstein, Paulo},
 title = {MagneTracks: A Tangible Constructionist Toolkit for Newtonian Physics},
 booktitle = {Proceedings of the Sixth International Conference on Tangible, Embedded and Embodied Interaction},
 series = {TEI '12},
 year = {2012},
 isbn = {978-1-4503-1174-8},
 location = {Kingston, Ontario, Canada},
 pages = {253--256},
 numpages = {4},
 url = {http://doi.acm.org/10.1145/2148131.2148185},
 doi = {10.1145/2148131.2148185},
 acmid = {2148185},
 publisher = {ACM},
 address = {New York, NY, USA},
 keywords = {cognitive load, constructionism, constructivism, design, dynamic tangible interaction, scaffolding, vertical interfaces},
}

