@inproceedings{Seo:2018:MAV:3275495.3275505,
 author = {Seo, Jinsil Hwaryoung and Smith, Brian Michael and Bruner, Michael and Payne, Austin and Cook, Margaret and Pine, Michelle and Malone, Erica and Sueda, Shinjiro and Sueda, Shinjiro and Heymann, Ben},
 title = {Muscle Action VR: To Support Embodied Learning Foundations of Biomechanics in Musculoskeletal System},
 booktitle = {SIGGRAPH Asia 2018 Virtual \& Augmented Reality},
 series = {SA '18},
 year = {2018},
 isbn = {978-1-4503-6028-9},
 location = {Tokyo, Japan},
 pages = {12:1--12:2},
 articleno = {12},
 numpages = {2},
 url = {http://doi.acm.org/10.1145/3275495.3275505},
 doi = {10.1145/3275495.3275505},
 acmid = {3275505},
 publisher = {ACM},
 address = {New York, NY, USA},
 keywords = {anatomy education, biomechanics, embodied learning, muscle movement, virtual reality},
}

@inproceedings{Lowe:2019:TAM:3304221.3325600,
 author = {Lowe, Tony},
 title = {A Theory of Applied Mind of Programming: Understanding the Challenges in Learning to Program},
 booktitle = {Proceedings of the 2019 ACM Conference on Innovation and Technology in Computer Science Education},
 series = {ITiCSE '19},
 year = {2019},
 isbn = {978-1-4503-6301-3},
 location = {Aberdeen, Scotland Uk},
 pages = {340--341},
 numpages = {2},
 url = {http://doi.acm.org/10.1145/3304221.3325600},
 doi = {10.1145/3304221.3325600},
 acmid = {3325600},
 publisher = {ACM},
 address = {New York, NY, USA},
 keywords = {bruner, computer science, dual process theory, education, education theory, neuroscience, programming},
}

