@article{Anderson:2011:AAF:2003616.2003635,
 author = {Anderson, Monica and McKenzie, Andrew and Wellman, Briana and Brown, Marcus and Vrbsky, Susan},
 title = {Affecting Attitudes in First-year Computer Science Using Syntaxfree Robotics Programming},
 journal = {ACM Inroads},
 issue_date = {September 2011},
 volume = {2},
 number = {3},
 month = aug,
 year = {2011},
 issn = {2153-2184},
 pages = {51--57},
 numpages = {7},
 url = {http://doi.acm.org/10.1145/2003616.2003635},
 doi = {10.1145/2003616.2003635},
 acmid = {2003635},
 publisher = {ACM},
 address = {New York, NY, USA},
 keywords = {robotics, self-efficacy, tools},
}

@inproceedings{Yadav:2017:CST:3137065.3137066,
 author = {Yadav, Aman},
 title = {Computer Science Teacher Professional Development: Towards a Research Agenda on Teacher Thinking and Learning},
 booktitle = {Proceedings of the 12th Workshop on Primary and Secondary Computing Education},
 series = {WiPSCE '17},
 year = {2017},
 isbn = {978-1-4503-5428-8},
 location = {Nijmegen, Netherlands},
 pages = {1--2},
 numpages = {2},
 url = {http://doi.acm.org/10.1145/3137065.3137066},
 doi = {10.1145/3137065.3137066},
 acmid = {3137066},
 publisher = {ACM},
 address = {New York, NY, USA},
 keywords = {Professional Development, Self-efficacy, Teachers},
}

@inproceedings{Kinnunen:2011:CMS:2016911.2016917,
 author = {Kinnunen, P\"{a}ivi and Simon, Beth},
 title = {CS Majors' Self-efficacy Perceptions in CS1: Results in Light of Social Cognitive Theory},
 booktitle = {Proceedings of the Seventh International Workshop on Computing Education Research},
 series = {ICER '11},
 year = {2011},
 isbn = {978-1-4503-0829-8},
 location = {Providence, Rhode Island, USA},
 pages = {19--26},
 numpages = {8},
 url = {http://doi.acm.org/10.1145/2016911.2016917},
 doi = {10.1145/2016911.2016917},
 acmid = {2016917},
 publisher = {ACM},
 address = {New York, NY, USA},
 keywords = {cs1, grounded theory, programming assignments, self-efficacy},
}

@article{Ramalingam:2004:SMM:1026487.1008042,
 author = {Ramalingam, Vennila and LaBelle, Deborah and Wiedenbeck, Susan},
 title = {Self-efficacy and Mental Models in Learning to Program},
 journal = {SIGCSE Bull.},
 issue_date = {September 2004},
 volume = {36},
 number = {3},
 month = jun,
 year = {2004},
 issn = {0097-8418},
 pages = {171--175},
 numpages = {5},
 url = {http://doi.acm.org/10.1145/1026487.1008042},
 doi = {10.1145/1026487.1008042},
 acmid = {1008042},
 publisher = {ACM},
 address = {New York, NY, USA},
 keywords = {learning to program, mental models, self-efficacy},
}

@inproceedings{Ramalingam:2004:SMM:1007996.1008042,
 author = {Ramalingam, Vennila and LaBelle, Deborah and Wiedenbeck, Susan},
 title = {Self-efficacy and Mental Models in Learning to Program},
 booktitle = {Proceedings of the 9th Annual SIGCSE Conference on Innovation and Technology in Computer Science Education},
 series = {ITiCSE '04},
 year = {2004},
 isbn = {1-58113-836-9},
 location = {Leeds, United Kingdom},
 pages = {171--175},
 numpages = {5},
 url = {http://doi.acm.org/10.1145/1007996.1008042},
 doi = {10.1145/1007996.1008042},
 acmid = {1008042},
 publisher = {ACM},
 address = {New York, NY, USA},
 keywords = {learning to program, mental models, self-efficacy},
}

@inproceedings{Haungs:2012:IFS:2157136.2157307,
 author = {Haungs, Michael and Clark, Christopher and Clements, John and Janzen, David},
 title = {Improving First-year Success and Retention Through Interest-based CS0 Courses},
 booktitle = {Proceedings of the 43rd ACM Technical Symposium on Computer Science Education},
 series = {SIGCSE '12},
 year = {2012},
 isbn = {978-1-4503-1098-7},
 location = {Raleigh, North Carolina, USA},
 pages = {589--594},
 numpages = {6},
 url = {http://doi.acm.org/10.1145/2157136.2157307},
 doi = {10.1145/2157136.2157307},
 acmid = {2157307},
 publisher = {ACM},
 address = {New York, NY, USA},
 keywords = {CS0, CS1, cornerstone, motivation, self-efficacy},
}

@inproceedings{Kallia:2019:LUF:3287324.3287377,
 author = {Kallia, Maria and Sentance, Sue},
 title = {Learning to Use Functions: The Relationship Between Misconceptions and Self-Efficacy},
 booktitle = {Proceedings of the 50th ACM Technical Symposium on Computer Science Education},
 series = {SIGCSE '19},
 year = {2019},
 isbn = {978-1-4503-5890-3},
 location = {Minneapolis, MN, USA},
 pages = {752--758},
 numpages = {7},
 url = {http://doi.acm.org/10.1145/3287324.3287377},
 doi = {10.1145/3287324.3287377},
 acmid = {3287377},
 publisher = {ACM},
 address = {New York, NY, USA},
 keywords = {functions, misconceptions in programming, self-efficacy},
}

@inproceedings{Danielsiek:2017:IAS:3105726.3106171,
 author = {Danielsiek, Holger and Toma, Laura and Vahrenhold, Jan},
 title = {An Instrument to Assess Self-Efficacy in Introductory Algorithms Courses},
 booktitle = {Proceedings of the 2017 ACM Conference on International Computing Education Research},
 series = {ICER '17},
 year = {2017},
 isbn = {978-1-4503-4968-0},
 location = {Tacoma, Washington, USA},
 pages = {217--225},
 numpages = {9},
 url = {http://doi.acm.org/10.1145/3105726.3106171},
 doi = {10.1145/3105726.3106171},
 acmid = {3106171},
 publisher = {ACM},
 address = {New York, NY, USA},
 keywords = {algorithms, computer science education, self-efficacy},
}

@inproceedings{Sharmin:2019:IOA:3300115.3309532,
 author = {Sharmin, Sadia and Zingaro, Daniel and Zhang, Lisa and Brett, Clare},
 title = {Impact of Open-Ended Assignments on Student Self-Efficacy in CS1},
 booktitle = {Proceedings of the ACM Conference on Global Computing Education},
 series = {CompEd '19},
 year = {2019},
 isbn = {978-1-4503-6259-7},
 location = {Chengdu,Sichuan, China},
 pages = {215--221},
 numpages = {7},
 url = {http://doi.acm.org/10.1145/3300115.3309532},
 doi = {10.1145/3300115.3309532},
 acmid = {3309532},
 publisher = {ACM},
 address = {New York, NY, USA},
 keywords = {CS1, assignments, open-ended, self-efficacy},
}

@inproceedings{Roldan:2014:CSI:2599990.2599997,
 author = {Roldan, Malu and Kothari, Tanvi},
 title = {Case Study: An Integrated First Year Experience and Tablet Program for Current Generations of Future It Savvy Personnel},
 booktitle = {Proceedings of the 52Nd ACM Conference on Computers and People Research},
 series = {SIGSIM-CPR '14},
 year = {2014},
 isbn = {978-1-4503-2625-4},
 location = {Singapore, Singapore},
 pages = {35--35},
 numpages = {1},
 url = {http://doi.acm.org/10.1145/2599990.2599997},
 doi = {10.1145/2599990.2599997},
 acmid = {2599997},
 publisher = {ACM},
 address = {New York, NY, USA},
 keywords = {computer self efficacy, it education, millennials},
}

@inproceedings{Weese:2016:MMA:2960310.2960347,
 author = {Weese, Joshua Levi},
 title = {Mixed Methods for the Assessment and Incorporation of Computational Thinking in K-12 and Higher Education},
 booktitle = {Proceedings of the 2016 ACM Conference on International Computing Education Research},
 series = {ICER '16},
 year = {2016},
 isbn = {978-1-4503-4449-4},
 location = {Melbourne, VIC, Australia},
 pages = {279--280},
 numpages = {2},
 url = {http://doi.acm.org/10.1145/2960310.2960347},
 doi = {10.1145/2960310.2960347},
 acmid = {2960347},
 publisher = {ACM},
 address = {New York, NY, USA},
 keywords = {assessment, computational thinking, outreach, self-efficacy},
}

@inproceedings{Provost:2019:UCC:3287324.3293850,
 author = {Provost, Lauren Elizabeth. and Harrington, Christopher},
 title = {University-Industry Collaboration in Curriculum Design: A Case Study of Curriculum Design for Early Undergraduate Computer Science Coursework with an Eye on Equity},
 booktitle = {Proceedings of the 50th ACM Technical Symposium on Computer Science Education},
 series = {SIGCSE '19},
 year = {2019},
 isbn = {978-1-4503-5890-3},
 location = {Minneapolis, MN, USA},
 pages = {1259--1259},
 numpages = {1},
 url = {http://doi.acm.org/10.1145/3287324.3293850},
 doi = {10.1145/3287324.3293850},
 acmid = {3293850},
 publisher = {ACM},
 address = {New York, NY, USA},
 keywords = {curriculum, diversity, equity, identity, self-efficacy, undergraduate},
}

@inproceedings{Toma:2018:SCL:3230977.3230980,
 author = {Toma, Laura and Vahrenhold, Jan},
 title = {Self-Efficacy, Cognitive Load, and Emotional Reactions in Collaborative Algorithms Labs - A Case Study},
 booktitle = {Proceedings of the 2018 ACM Conference on International Computing Education Research},
 series = {ICER '18},
 year = {2018},
 isbn = {978-1-4503-5628-2},
 location = {Espoo, Finland},
 pages = {1--10},
 numpages = {10},
 url = {http://doi.acm.org/10.1145/3230977.3230980},
 doi = {10.1145/3230977.3230980},
 acmid = {3230980},
 publisher = {ACM},
 address = {New York, NY, USA},
 keywords = {algorithms, computer science education, self-efficacy},
}

@inproceedings{Kim:2017:FAL:3175536.3175565,
 author = {Kim, Namsun and Kim, JeongAh and Son, Hyunjeong},
 title = {Factors Affecting Learning Flow in Cooperative Learning with Closed Type SNS},
 booktitle = {Proceedings of the 2017 9th International Conference on Education Technology and Computers},
 series = {ICETC 2017},
 year = {2017},
 isbn = {978-1-4503-5435-6},
 location = {Barcelona, Spain},
 pages = {79--83},
 numpages = {5},
 url = {http://doi.acm.org/10.1145/3175536.3175565},
 doi = {10.1145/3175536.3175565},
 acmid = {3175565},
 publisher = {ACM},
 address = {New York, NY, USA},
 keywords = {Learning, Self-efficacy, Smartphone, Students, literacy, nursing},
}

@inproceedings{Olugbade:2017:CAS:3139513.3139522,
 author = {Olugbade, Temitayo and Cuturi, Luigi and Cappagli, Giulia and Volta, Erica and Alborno, Paolo and Newbold, Joseph and Bianchi-Berthouze, Nadia and Baud-Bovy, Gabriel and Volpe, Gualtiero and Gori, Monica},
 title = {What Cognitive and Affective States Should Technology Monitor to Support Learning?},
 booktitle = {Proceedings of the 1st ACM SIGCHI International Workshop on Multimodal Interaction for Education},
 series = {MIE 2017},
 year = {2017},
 isbn = {978-1-4503-5557-5},
 location = {Glasgow, UK},
 pages = {22--25},
 numpages = {4},
 url = {http://doi.acm.org/10.1145/3139513.3139522},
 doi = {10.1145/3139513.3139522},
 acmid = {3139522},
 publisher = {ACM},
 address = {New York, NY, USA},
 keywords = {Learning, affect, cognition, curiosity, reflectivity, self-efficacy},
}

@inproceedings{Crescenzi:2013:TPN:2462476.2465582,
 author = {Crescenzi, Pierluigi and Enstr\"{o}m, Emma and Kann, Viggo},
 title = {From Theory to Practice: NP-completeness for Every CS Student},
 booktitle = {Proceedings of the 18th ACM Conference on Innovation and Technology in Computer Science Education},
 series = {ITiCSE '13},
 year = {2013},
 isbn = {978-1-4503-2078-8},
 location = {Canterbury, England, UK},
 pages = {16--21},
 numpages = {6},
 url = {http://doi.acm.org/10.1145/2462476.2465582},
 doi = {10.1145/2462476.2465582},
 acmid = {2465582},
 publisher = {ACM},
 address = {New York, NY, USA},
 keywords = {algorithm visualization, assessment, np-completeness, self-efficacy},
}

@inproceedings{Marsh:2010:SCS:1822090.1822102,
 author = {Marsh, Cecille J.},
 title = {A Sub-saharan Comparative Study of University Students' Attitudes Towards Computer Programming},
 booktitle = {Proceedings of the Fifteenth Annual Conference on Innovation and Technology in Computer Science Education},
 series = {ITiCSE '10},
 year = {2010},
 isbn = {978-1-60558-820-9},
 location = {Bilkent, Ankara, Turkey},
 pages = {33--37},
 numpages = {5},
 url = {http://doi.acm.org/10.1145/1822090.1822102},
 doi = {10.1145/1822090.1822102},
 acmid = {1822102},
 publisher = {ACM},
 address = {New York, NY, USA},
 keywords = {computer programming, computer self-efficacy, gender and computing, gender stereotyping},
}

@inproceedings{Sabourin:2018:SCS:3159450.3162274,
 author = {Sabourin, Jennifer and Kosturko, Lucy and McQuiggan, Scott},
 title = {SpatialCS: CS to Support Spatial Reasoning (Abstract Only)},
 booktitle = {Proceedings of the 49th ACM Technical Symposium on Computer Science Education},
 series = {SIGCSE '18},
 year = {2018},
 isbn = {978-1-4503-5103-4},
 location = {Baltimore, Maryland, USA},
 pages = {1095--1095},
 numpages = {1},
 url = {http://doi.acm.org/10.1145/3159450.3162274},
 doi = {10.1145/3159450.3162274},
 acmid = {3162274},
 publisher = {ACM},
 address = {New York, NY, USA},
 keywords = {K-12 education, spatial reasoning, stem self-efficacy},
}

@inproceedings{Mohd:2014:FIE:2557977.2558013,
 author = {Mohd, Norhatta and Maat, Siti Mistima and Mat, Salwah Che},
 title = {Factors Influencing Entrepreneurial Intention Among Engineering Technology Students},
 booktitle = {Proceedings of the 8th International Conference on Ubiquitous Information Management and Communication},
 series = {ICUIMC '14},
 year = {2014},
 isbn = {978-1-4503-2644-5},
 location = {Siem Reap, Cambodia},
 pages = {82:1--82:6},
 articleno = {82},
 numpages = {6},
 url = {http://doi.acm.org/10.1145/2557977.2558013},
 doi = {10.1145/2557977.2558013},
 acmid = {2558013},
 publisher = {ACM},
 address = {New York, NY, USA},
 keywords = {entrepreneurial intention, entrepreneurship, need for achievement, self-efficacy},
}

@inproceedings{Lassig:2009:PCE:1640233.1640269,
 author = {Lassig, Carly J.},
 title = {Promoting Creativity in Education -- from Policy to Practice: An Australian Perspective},
 booktitle = {Proceedings of the Seventh ACM Conference on Creativity and Cognition},
 series = {C\&\#38;C '09},
 year = {2009},
 isbn = {978-1-60558-865-0},
 location = {Berkeley, California, USA},
 pages = {229--238},
 numpages = {10},
 url = {http://doi.acm.org/10.1145/1640233.1640269},
 doi = {10.1145/1640233.1640269},
 acmid = {1640269},
 publisher = {ACM},
 address = {New York, NY, USA},
 keywords = {australia, creativity, education, policy, school, self-efficacy, student, teacher},
}

@inproceedings{Clarke-Midura:2016:IRM:2839509.2844581,
 author = {Clarke-Midura, Jody and Allan, Vicki and Close, Kevin},
 title = {Investigating the Role of Being a Mentor As a Way of Increasing Interest in CS},
 booktitle = {Proceedings of the 47th ACM Technical Symposium on Computing Science Education},
 series = {SIGCSE '16},
 year = {2016},
 isbn = {978-1-4503-3685-7},
 location = {Memphis, Tennessee, USA},
 pages = {297--302},
 numpages = {6},
 url = {http://doi.acm.org/10.1145/2839509.2844581},
 doi = {10.1145/2839509.2844581},
 acmid = {2844581},
 publisher = {ACM},
 address = {New York, NY, USA},
 keywords = {app inventor, girls, near peer mentoring, self-efficacy},
}

@inproceedings{Theodoropoulos:2018:CPW:3265757.3265770,
 author = {Theodoropoulos, Anastasios and Leon, Prokopis and Antoniou, Angeliki and Lepouras, George},
 title = {Computing in the Physical World Engages Students: Impact on Their Attitudes and Self-efficacy Towards Computer Science Through Robotic Activities},
 booktitle = {Proceedings of the 13th Workshop in Primary and Secondary Computing Education},
 series = {WiPSCE '18},
 year = {2018},
 isbn = {978-1-4503-6588-8},
 location = {Potsdam, Germany},
 pages = {13:1--13:4},
 articleno = {13},
 numpages = {4},
 url = {http://doi.acm.org/10.1145/3265757.3265770},
 doi = {10.1145/3265757.3265770},
 acmid = {3265770},
 publisher = {ACM},
 address = {New York, NY, USA},
 keywords = {attitudes, computer science education, middle school, physical computing, self-efficacy},
}

@article{Luse:2014:USE:2668970.2623198,
 author = {Luse, Andy and Rursch, Julie A. and Jacobson, Doug},
 title = {Utilizing Structural Equation Modeling and Social Cognitive Career Theory to Identify Factors in Choice of IT As a Major},
 journal = {Trans. Comput. Educ.},
 issue_date = {November 2014},
 volume = {14},
 number = {3},
 month = sep,
 year = {2014},
 issn = {1946-6226},
 pages = {19:1--19:19},
 articleno = {19},
 numpages = {19},
 url = {http://doi.acm.org/10.1145/2623198},
 doi = {10.1145/2623198},
 acmid = {2623198},
 publisher = {ACM},
 address = {New York, NY, USA},
 keywords = {Structural equation modeling, interest, self-efficacy, social cognitive career theory},
}

@inproceedings{Miller:2011:EUL:1953163.1953183,
 author = {Miller, L. D. and Soh, Leen-Kiat and Nugent, Gwen and Kupzyk, Kevin and Masmaliyeva, Leyla and Samal, Ashok},
 title = {Evaluating the Use of Learning Objects in CS1},
 booktitle = {Proceedings of the 42Nd ACM Technical Symposium on Computer Science Education},
 series = {SIGCSE '11},
 year = {2011},
 isbn = {978-1-4503-0500-6},
 location = {Dallas, TX, USA},
 pages = {57--62},
 numpages = {6},
 url = {http://doi.acm.org/10.1145/1953163.1953183},
 doi = {10.1145/1953163.1953183},
 acmid = {1953183},
 publisher = {ACM},
 address = {New York, NY, USA},
 keywords = {active learning, feedback, learning objects, motivation, self-efficacy},
}

@inproceedings{Kvasny:2011:ISG:1940761.1940831,
 author = {Kvasny, Lynette and Joshi, KD and Trauth, Eileen},
 title = {The Influence of Self-efficacy, Gender Stereotypes and the Importance of It Skills on College Students' Intentions to Pursue IT Careers},
 booktitle = {Proceedings of the 2011 iConference},
 series = {iConference '11},
 year = {2011},
 isbn = {978-1-4503-0121-3},
 location = {Seattle, Washington, USA},
 pages = {508--513},
 numpages = {6},
 url = {http://doi.acm.org/10.1145/1940761.1940831},
 doi = {10.1145/1940761.1940831},
 acmid = {1940831},
 publisher = {ACM},
 address = {New York, NY, USA},
 keywords = {IT skills, career choice, ethnicity, race, self-efficacy},
}

@inproceedings{Lishinski:2016:LPG:2960310.2960329,
 author = {Lishinski, Alex and Yadav, Aman and Good, Jon and Enbody, Richard},
 title = {Learning to Program: Gender Differences and Interactive Effects of Students' Motivation, Goals, and Self-Efficacy on Performance},
 booktitle = {Proceedings of the 2016 ACM Conference on International Computing Education Research},
 series = {ICER '16},
 year = {2016},
 isbn = {978-1-4503-4449-4},
 location = {Melbourne, VIC, Australia},
 pages = {211--220},
 numpages = {10},
 url = {http://doi.acm.org/10.1145/2960310.2960329},
 doi = {10.1145/2960310.2960329},
 acmid = {2960329},
 publisher = {ACM},
 address = {New York, NY, USA},
 keywords = {cs1, goal orientation, metacognitive strategies, predictors, self-efficacy},
}

@inproceedings{Iyer:2017:RSG:3084381.3084415,
 author = {Iyer, L. S. and Dissanayake, I. and Bedeley, R. T.},
 title = {"RISE IT for Social Good": An Experimental Investigation of Context to Improve Programming Skills},
 booktitle = {Proceedings of the 2017 ACM SIGMIS Conference on Computers and People Research},
 series = {SIGMIS-CPR '17},
 year = {2017},
 isbn = {978-1-4503-5037-2},
 location = {Bangalore, India},
 pages = {49--52},
 numpages = {4},
 url = {http://doi.acm.org/10.1145/3084381.3084415},
 doi = {10.1145/3084381.3084415},
 acmid = {3084415},
 publisher = {ACM},
 address = {New York, NY, USA},
 keywords = {context, experiment, gender, programming skills, retention, self-efficacy},
}

@inproceedings{Aivaloglou:2019:EPE:3287324.3287358,
 author = {Aivaloglou, Efthimia and Hermans, Felienne},
 title = {Early Programming Education and Career Orientation: The Effects of Gender, Self-Efficacy, Motivation and Stereotypes},
 booktitle = {Proceedings of the 50th ACM Technical Symposium on Computer Science Education},
 series = {SIGCSE '19},
 year = {2019},
 isbn = {978-1-4503-5890-3},
 location = {Minneapolis, MN, USA},
 pages = {679--685},
 numpages = {7},
 url = {http://doi.acm.org/10.1145/3287324.3287358},
 doi = {10.1145/3287324.3287358},
 acmid = {3287358},
 publisher = {ACM},
 address = {New York, NY, USA},
 keywords = {cs career orientation, k12, programming education, scratch, self-efficacy},
}

@inproceedings{Kallia:2018:BMC:3265757.3265773,
 author = {Kallia, Maria and Sentance, Sue},
 title = {Are Boys More Confident Than Girls?: The Role of Calibration and Students' Self-efficacy in Programming Tasks and Computer Science},
 booktitle = {Proceedings of the 13th Workshop in Primary and Secondary Computing Education},
 series = {WiPSCE '18},
 year = {2018},
 isbn = {978-1-4503-6588-8},
 location = {Potsdam, Germany},
 pages = {16:1--16:4},
 articleno = {16},
 numpages = {4},
 url = {http://doi.acm.org/10.1145/3265757.3265773},
 doi = {10.1145/3265757.3265773},
 acmid = {3265773},
 publisher = {ACM},
 address = {New York, NY, USA},
 keywords = {calibration, computer programming, computer science education, gender differences, self-efficacy},
}

@article{Ryan:2000:ACD:506760.506762,
 author = {Ryan, Sherry D. and Bordoloi, Bijoy and Harrison, David A.},
 title = {Acquiring Conceptual Data Modeling Skills: The Effect of Cooperative Learning and Self-efficacy on Learning Outcomes},
 journal = {SIGMIS Database},
 issue_date = {Fall 2000},
 volume = {31},
 number = {4},
 month = sep,
 year = {2000},
 issn = {0095-0033},
 pages = {9--24},
 numpages = {16},
 url = {http://doi.acm.org/10.1145/506760.506762},
 doi = {10.1145/506760.506762},
 acmid = {506762},
 publisher = {ACM},
 address = {New York, NY, USA},
 keywords = {cooperative learning, data modeling, database design, self-efficacy, skill acquisition},
}

@inproceedings{Koehler:2019:ISS:3287324.3293720,
 author = {Koehler, Adam},
 title = {Improving Student Self-efficacy in CS 1 Using Examples of Erroneous Code},
 booktitle = {Proceedings of the 50th ACM Technical Symposium on Computer Science Education},
 series = {SIGCSE '19},
 year = {2019},
 isbn = {978-1-4503-5890-3},
 location = {Minneapolis, MN, USA},
 pages = {1294--1294},
 numpages = {1},
 url = {http://doi.acm.org/10.1145/3287324.3293720},
 doi = {10.1145/3287324.3293720},
 acmid = {3293720},
 publisher = {ACM},
 address = {New York, NY, USA},
 keywords = {computer science education, cs 1, erroneous examples, self-efficacy},
}

@inproceedings{Chun:2018:EFL:3178158.3178206,
 author = {Chun, Bo Ae and Heo, Hae Ja},
 title = {The Effect of Flipped Learning on Academic Performance As an Innovative Method for Overcoming Ebbinghaus' Forgetting Curve},
 booktitle = {Proceedings of the 6th International Conference on Information and Education Technology},
 series = {ICIET '18},
 year = {2018},
 isbn = {978-1-4503-5359-5},
 location = {Osaka, Japan},
 pages = {56--60},
 numpages = {5},
 url = {http://doi.acm.org/10.1145/3178158.3178206},
 doi = {10.1145/3178158.3178206},
 acmid = {3178206},
 publisher = {ACM},
 address = {New York, NY, USA},
 keywords = {LMS, ebbinghaus' forgetting curve, flipped learning, motivation, self-efficacy},
}

@inproceedings{Craig:2016:BWU:2899415.2899418,
 author = {Craig, Annemieke and Lang, Catherine and Egan, MaryAnne and Ayfer, Reyyan},
 title = {The Best Way to Unblock the Pipeline in CS is by Getting Everyone to Code in Schools: A Debate},
 booktitle = {Proceedings of the 2016 ACM Conference on Innovation and Technology in Computer Science Education},
 series = {ITiCSE '16},
 year = {2016},
 isbn = {978-1-4503-4231-5},
 location = {Arequipa, Peru},
 pages = {3--4},
 numpages = {2},
 url = {http://doi.acm.org/10.1145/2899415.2899418},
 doi = {10.1145/2899415.2899418},
 acmid = {2899418},
 publisher = {ACM},
 address = {New York, NY, USA},
 keywords = {computing curricula, gender diversity, teacher technical self-efficacy},
}

@article{Sethuraman:2009:ASP:1629036.1629056,
 author = {Sethuraman, Sankara and Medley, M. Dee},
 title = {Age and Self-efficacy in Programming},
 journal = {J. Comput. Sci. Coll.},
 issue_date = {December 2009},
 volume = {25},
 number = {2},
 month = dec,
 year = {2009},
 issn = {1937-4771},
 pages = {122--128},
 numpages = {7},
 url = {http://dl.acm.org/citation.cfm?id=1629036.1629056},
 acmid = {1629056},
 publisher = {Consortium for Computing Sciences in Colleges},
 address = {USA},
}

@article{Rosson:2011:OUT:2037276.2037278,
 author = {Rosson, Mary Beth and Carroll, John M. and Sinha, Hansa},
 title = {Orientation of Undergraduates Toward Careers in the Computer and Information Sciences: Gender, Self-Efficacy and Social Support},
 journal = {Trans. Comput. Educ.},
 issue_date = {October 2011},
 volume = {11},
 number = {3},
 month = oct,
 year = {2011},
 issn = {1946-6226},
 pages = {14:1--14:23},
 articleno = {14},
 numpages = {23},
 url = {http://doi.acm.org/10.1145/2037276.2037278},
 doi = {10.1145/2037276.2037278},
 acmid = {2037278},
 publisher = {ACM},
 address = {New York, NY, USA},
 keywords = {Women in computing, self-efficacy, social constructivist learning, social networks},
}

@inproceedings{Quille:2017:IGD:3059009.3059048,
 author = {Quille, Keith and Culligan, Natalie and Bergin, Susan},
 title = {Insights on Gender Differences in CS1: A Multi-institutional, Multi-variate Study.},
 booktitle = {Proceedings of the 2017 ACM Conference on Innovation and Technology in Computer Science Education},
 series = {ITiCSE '17},
 year = {2017},
 isbn = {978-1-4503-4704-4},
 location = {Bologna, Italy},
 pages = {263--268},
 numpages = {6},
 url = {http://doi.acm.org/10.1145/3059009.3059048},
 doi = {10.1145/3059009.3059048},
 acmid = {3059048},
 publisher = {ACM},
 address = {New York, NY, USA},
 keywords = {computer science education, cs1., female, gender, programming, programming self-efficacy},
}

@inproceedings{Voigt:2019:DTC:3311890.3311912,
 author = {Voigt, Christian and Unterfrauner, E. and Aslan, Tamer and Hofer, Margit},
 title = {Design Thinking with Children: The Role of Empathy, Creativity and Self-Efficacy},
 booktitle = {Proceedings of FabLearn 2019},
 series = {FL2019},
 year = {2019},
 isbn = {978-1-4503-6244-3},
 location = {New York, NY, USA},
 pages = {144--147},
 numpages = {4},
 url = {http://doi.acm.org/10.1145/3311890.3311912},
 doi = {10.1145/3311890.3311912},
 acmid = {3311912},
 publisher = {ACM},
 address = {New York, NY, USA},
 keywords = {co-design, design thinking, digital fabrication, early education},
}

@inproceedings{Feldhausen:2018:ISS:3159450.3159593,
 author = {Feldhausen, Russell and Weese, Joshua Levi and Bean, Nathan H.},
 title = {Increasing Student Self-Efficacy in Computational Thinking via STEM Outreach Programs},
 booktitle = {Proceedings of the 49th ACM Technical Symposium on Computer Science Education},
 series = {SIGCSE '18},
 year = {2018},
 isbn = {978-1-4503-5103-4},
 location = {Baltimore, Maryland, USA},
 pages = {302--307},
 numpages = {6},
 url = {http://doi.acm.org/10.1145/3159450.3159593},
 doi = {10.1145/3159450.3159593},
 acmid = {3159593},
 publisher = {ACM},
 address = {New York, NY, USA},
 keywords = {K-12, STEM, middle school, outreach, pedagogy, self-efficacy},
}

@inproceedings{Wiedenbeck:2005:FAS:1089786.1089788,
 author = {Wiedenbeck, Susan},
 title = {Factors Affecting the Success of Non-majors in Learning to Program},
 booktitle = {Proceedings of the First International Workshop on Computing Education Research},
 series = {ICER '05},
 year = {2005},
 isbn = {1-59593-043-4},
 location = {Seattle, WA, USA},
 pages = {13--24},
 numpages = {12},
 url = {http://doi.acm.org/10.1145/1089786.1089788},
 doi = {10.1145/1089786.1089788},
 acmid = {1089788},
 publisher = {ACM},
 address = {New York, NY, USA},
 keywords = {debugging, end-user programmers, knowledge organization, learning to program, non-majors, self-efficacy},
}

@inproceedings{Aritajati:2015:SAS:2676723.2677292,
 author = {Aritajati, Chulakorn and Rosson, Mary Beth and Pena, Joslenne and Cinque, Dana and Segura, Ana},
 title = {A Socio-Cognitive Analysis of Summer Camp Outcomes and Experiences},
 booktitle = {Proceedings of the 46th ACM Technical Symposium on Computer Science Education},
 series = {SIGCSE '15},
 year = {2015},
 isbn = {978-1-4503-2966-8},
 location = {Kansas City, Missouri, USA},
 pages = {581--586},
 numpages = {6},
 url = {http://doi.acm.org/10.1145/2676723.2677292},
 doi = {10.1145/2676723.2677292},
 acmid = {2677292},
 publisher = {ACM},
 address = {New York, NY, USA},
 keywords = {career orientation, intrinsic motivation, introductory programming, self-efficacy, social-cognitive factors, summer camps},
}

@inproceedings{Lopez:2006:LDO:1185448.1185484,
 author = {Lopez,Jr., Antonio M. and Giguette, Marguerite S. and Schulte, Lisa J.},
 title = {Large Dataset Offers View of Math and Computer Self-efficacy Among Computer Science Undergraduates},
 booktitle = {Proceedings of the 44th Annual Southeast Regional Conference},
 series = {ACM-SE 44},
 year = {2006},
 isbn = {1-59593-315-8},
 location = {Melbourne, Florida},
 pages = {158--163},
 numpages = {6},
 url = {http://doi.acm.org/10.1145/1185448.1185484},
 doi = {10.1145/1185448.1185484},
 acmid = {1185484},
 publisher = {ACM},
 address = {New York, NY, USA},
 keywords = {ethnicity, gender, university type},
}

@inproceedings{Zingaro:2014:PIC:2538862.2538878,
 author = {Zingaro, Daniel},
 title = {Peer Instruction Contributes to Self-efficacy in CS1},
 booktitle = {Proceedings of the 45th ACM Technical Symposium on Computer Science Education},
 series = {SIGCSE '14},
 year = {2014},
 isbn = {978-1-4503-2605-6},
 location = {Atlanta, Georgia, USA},
 pages = {373--378},
 numpages = {6},
 url = {http://doi.acm.org/10.1145/2538862.2538878},
 doi = {10.1145/2538862.2538878},
 acmid = {2538878},
 publisher = {ACM},
 address = {New York, NY, USA},
 keywords = {CS1, classroom response, clickers, outcomes, peer instruction},
}

@inproceedings{Giannakos:2012:SPD:2481449.2481455,
 author = {Giannakos, Michail N. and Hubwieser, Peter and Ruf, Alexander},
 title = {Is Self-efficacy in Programming Decreasing with the Level of Programming Skills?},
 booktitle = {Proceedings of the 7th Workshop in Primary and Secondary Computing Education},
 series = {WiPSCE '12},
 year = {2012},
 isbn = {978-1-4503-1787-0},
 location = {Hamburg, Germany},
 pages = {16--21},
 numpages = {6},
 url = {http://doi.acm.org/10.1145/2481449.2481455},
 doi = {10.1145/2481449.2481455},
 acmid = {2481455},
 publisher = {ACM},
 address = {New York, NY, USA},
 keywords = {ICT courses, cross-cultural, informatics, programming courses, secondary education, students' beliefs},
}

@inproceedings{Blaney:2017:ERI:3017680.3017751,
 author = {Blaney, Jennifer M. and Stout, Jane G.},
 title = {Examining the Relationship Between Introductory Computing Course Experiences, Self-Efficacy, and Belonging Among First-Generation College Women},
 booktitle = {Proceedings of the 2017 ACM SIGCSE Technical Symposium on Computer Science Education},
 series = {SIGCSE '17},
 year = {2017},
 isbn = {978-1-4503-4698-6},
 location = {Seattle, Washington, USA},
 pages = {69--74},
 numpages = {6},
 url = {http://doi.acm.org/10.1145/3017680.3017751},
 doi = {10.1145/3017680.3017751},
 acmid = {3017751},
 publisher = {ACM},
 address = {New York, NY, USA},
 keywords = {first-generation students, gender, introductory computing courses, self-efficacy, sense of belonging, undergraduate students},
}

@inproceedings{Edwards:2015:ECI:2729094.2742632,
 author = {Edwards, Stephen H. and Martin, Joshua and Shaffer, Clfford A.},
 title = {Examining Classroom Interventions to Reduce Procrastination},
 booktitle = {Proceedings of the 2015 ACM Conference on Innovation and Technology in Computer Science Education},
 series = {ITiCSE '15},
 year = {2015},
 isbn = {978-1-4503-3440-2},
 location = {Vilnius, Lithuania},
 pages = {254--259},
 numpages = {6},
 url = {http://doi.acm.org/10.1145/2729094.2742632},
 doi = {10.1145/2729094.2742632},
 acmid = {2742632},
 publisher = {ACM},
 address = {New York, NY, USA},
 keywords = {e-mail alerts, procrastination, schedule sheets, scheduling, self-efficacy, self-regulation},
}

@inproceedings{Brauner:2018:GIS:3196839.3196857,
 author = {Brauner, Philipp and Ziefle, Martina and Schroeder, Ulrik and Leonhardt, Thiemo and Bergner, Nadine and Ziegler, Birgit},
 title = {Gender Influences on School Students' Mental Models of Computer Science: A Quantitative Rich Picture Analysis with Sixth Graders},
 booktitle = {Proceedings of the 4th Conference on Gender \& IT},
 series = {GenderIT '18},
 year = {2018},
 isbn = {978-1-4503-5346-5},
 location = {Heilbronn, Germany},
 pages = {113--122},
 numpages = {10},
 url = {http://doi.acm.org/10.1145/3196839.3196857},
 doi = {10.1145/3196839.3196857},
 acmid = {3196857},
 publisher = {ACM},
 address = {New York, NY, USA},
 keywords = {STEM, computer science, gender, mental models, rich picture analysis, science and technology education, self-efficacy, stereotype},
}

@inproceedings{Mannila:2018:DCT:3230977.3230993,
 author = {Mannila, Linda and Nord{\'e}n, Lars-\AAke and Pears, Arnold},
 title = {Digital Competence, Teacher Self-Efficacy and Training Needs},
 booktitle = {Proceedings of the 2018 ACM Conference on International Computing Education Research},
 series = {ICER '18},
 year = {2018},
 isbn = {978-1-4503-5628-2},
 location = {Espoo, Finland},
 pages = {78--85},
 numpages = {8},
 url = {http://doi.acm.org/10.1145/3230977.3230993},
 doi = {10.1145/3230977.3230993},
 acmid = {3230993},
 publisher = {ACM},
 address = {New York, NY, USA},
 keywords = {digital competence, k-9 education, professional development, self-efficacy, teacher training},
}

@inproceedings{Ghergulescu:2019:IPS:3314183.3323678,
 author = {Ghergulescu, Ioana and Moldovan, Arghir-Nicolae and Muntean, Cristina Hava and Muntean, Gabriel-Miro},
 title = {Interactive Personalised STEM Virtual Lab Based on Self-Directed Learning and Self-Efficacy},
 booktitle = {Adjunct Publication of the 27th Conference on User Modeling, Adaptation and Personalization},
 series = {UMAP'19 Adjunct},
 year = {2019},
 isbn = {978-1-4503-6711-0},
 location = {Larnaca, Cyprus},
 pages = {355--358},
 numpages = {4},
 url = {http://doi.acm.org/10.1145/3314183.3323678},
 doi = {10.1145/3314183.3323678},
 acmid = {3323678},
 publisher = {ACM},
 address = {New York, NY, USA},
 keywords = {inquiry-based learning, personalisation, self-directed learning, self-efficacy, stem education, virtual labs},
}

@inproceedings{Martin:2015:EPI:2787622.2787730,
 author = {Martin, Joshua and Edwards, Stephen H. and Shaffer, Clfford A.},
 title = {The Effects of Procrastination Interventions on Programming Project Success},
 booktitle = {Proceedings of the Eleventh Annual International Conference on International Computing Education Research},
 series = {ICER '15},
 year = {2015},
 isbn = {978-1-4503-3630-7},
 location = {Omaha, Nebraska, USA},
 pages = {3--11},
 numpages = {9},
 url = {http://doi.acm.org/10.1145/2787622.2787730},
 doi = {10.1145/2787622.2787730},
 acmid = {2787730},
 publisher = {ACM},
 address = {New York, NY, USA},
 keywords = {e-mail alerts, procrastination, programming, reflective writing, schedule sheets, scheduling, self-efficacy, self-regulation},
}

@inproceedings{Ericson:2018:HUS:3159450.3159517,
 author = {Ericson, Barbara and McKlin, Tom},
 title = {Helping Underrepresented Students Succeed in AP CSA and Beyond},
 booktitle = {Proceedings of the 49th ACM Technical Symposium on Computer Science Education},
 series = {SIGCSE '18},
 year = {2018},
 isbn = {978-1-4503-5103-4},
 location = {Baltimore, Maryland, USA},
 pages = {356--361},
 numpages = {6},
 url = {http://doi.acm.org/10.1145/3159450.3159517},
 doi = {10.1145/3159450.3159517},
 acmid = {3159517},
 publisher = {ACM},
 address = {New York, NY, USA},
 keywords = {African Americans, advanced placement (AP), females, hispanics, identity, outreach, self-efficacy, urm},
}

@inproceedings{Nguyen:2018:APT:3159450.3162282,
 author = {Nguyen, N. Rich},
 title = {Affective Peer Tutoring: (Abstract Only)},
 booktitle = {Proceedings of the 49th ACM Technical Symposium on Computer Science Education},
 series = {SIGCSE '18},
 year = {2018},
 isbn = {978-1-4503-5103-4},
 location = {Baltimore, Maryland, USA},
 pages = {1085--1085},
 numpages = {1},
 url = {http://doi.acm.org/10.1145/3159450.3162282},
 doi = {10.1145/3159450.3162282},
 acmid = {3162282},
 publisher = {ACM},
 address = {New York, NY, USA},
 keywords = {affective peer tutoring, peer-led learning, self-efficacy, sense of belonging, women in computing},
}

@inproceedings{Lamers:2018:ACD:3160489.3160497,
 author = {Lamers, Dixie and Mason, Raina},
 title = {Advertising CS/IT Degrees to Female Students in Australia},
 booktitle = {Proceedings of the 20th Australasian Computing Education Conference},
 series = {ACE '18},
 year = {2018},
 isbn = {978-1-4503-6340-2},
 location = {Brisbane, Queensland, Australia},
 pages = {1--8},
 numpages = {8},
 url = {http://doi.acm.org/10.1145/3160489.3160497},
 doi = {10.1145/3160489.3160497},
 acmid = {3160497},
 publisher = {ACM},
 address = {New York, NY, USA},
 keywords = {computing education, confidence, diversity, education pipeline, gender, gender attitudes, self-efficacy, technical skills},
}

@inproceedings{Jovanovic:2019:IMC:3303772.3303782,
 author = {Jovanovi\'{c}, Jelena and Ga\v{s}evi\'{c}, Dragan and Pardo, Abelardo and Dawson, Shane and Whitelock-Wainwright, Alexander},
 title = {Introducing Meaning to Clicks: Towards Traced-measures of Self-efficacy and Cognitive Load},
 booktitle = {Proceedings of the 9th International Conference on Learning Analytics \& Knowledge},
 series = {LAK19},
 year = {2019},
 isbn = {978-1-4503-6256-6},
 location = {Tempe, AZ, USA},
 pages = {511--520},
 numpages = {10},
 url = {http://doi.acm.org/10.1145/3303772.3303782},
 doi = {10.1145/3303772.3303782},
 acmid = {3303782},
 publisher = {ACM},
 address = {New York, NY, USA},
 keywords = {cognitive load, learning analytics, perceived difficulty, self-efficacy, self-reports, trace data},
}

@article{Lester:2004:CGP:1060071.1060076,
 author = {Lester, Cynthia Y. and Brown, Marcus},
 title = {Creating Gender Parity: An Instruction Aide's Influence},
 journal = {J. Educ. Resour. Comput.},
 issue_date = {March 2004},
 volume = {4},
 number = {1},
 month = mar,
 year = {2004},
 issn = {1531-4278},
 articleno = {5},
 url = {http://doi.acm.org/10.1145/1060071.1060076},
 doi = {10.1145/1060071.1060076},
 acmid = {1060076},
 publisher = {ACM},
 address = {New York, NY, USA},
 keywords = {Computer self-efficacy, IT instruction, education, gender, social cognitive theory, social modeling, vicarious learning},
}

@inproceedings{Hampton:2019:ICS:3322385.3322399,
 author = {Hampton, Lelia and Cummings, Robert and Gosha, Kinnis},
 title = {Improving Computer Science Instruction and Computer Use for African American Secondary School Students: A Focus Group Exploration of Computer Science Identity of African American Teachers},
 booktitle = {Proceedings of the 2019 on Computers and People Research Conference},
 series = {SIGMIS-CPR '19},
 year = {2019},
 isbn = {978-1-4503-6088-3},
 location = {Nashville, TN, USA},
 pages = {78--84},
 numpages = {7},
 url = {http://doi.acm.org/10.1145/3322385.3322399},
 doi = {10.1145/3322385.3322399},
 acmid = {3322399},
 publisher = {ACM},
 address = {New York, NY, USA},
 keywords = {computing education, computing identity, k-12 education, self-efficacy, sense of belonging, underrepresented minorities},
}

@inproceedings{Nelson:2007:EEG:1599600.1599700,
 author = {Nelson, Brian C. and Ketelhut, Diane Jass},
 title = {Exploring Embedded Guidance and Self-efficacy in Educational Multiuser Virtual Environments},
 booktitle = {Proceedings of the 8th Iternational Conference on Computer Supported Collaborative Learning},
 series = {CSCL'07},
 year = {2007},
 isbn = {978-0-6151-5436-7},
 location = {New Brunswick, New Jersey, USA},
 pages = {548--550},
 numpages = {3},
 url = {http://dl.acm.org/citation.cfm?id=1599600.1599700},
 acmid = {1599700},
 publisher = {International Society of the Learning Sciences},
}

@article{Enstrom:2017:IIL:3003827.3018109,
 author = {Enstr\"{o}m, Emma and Kann, Viggo},
 title = {Iteratively Intervening with the \&Ldquo;Most Difficult\&Rdquo; Topics of an Algorithms and Complexity Course},
 journal = {Trans. Comput. Educ.},
 issue_date = {January 2017},
 volume = {17},
 number = {1},
 month = jan,
 year = {2017},
 issn = {1946-6226},
 pages = {4:1--4:38},
 articleno = {4},
 numpages = {38},
 url = {http://doi.acm.org/10.1145/3018109},
 doi = {10.1145/3018109},
 acmid = {3018109},
 publisher = {ACM},
 address = {New York, NY, USA},
 keywords = {Algorithm visualization, NP-completeness, assessment, dynamic programming, pattern-oriented instruction, proofs, self-efficacy},
}

@article{Struve:2009:VMT:1525840.1525844,
 author = {Struve, Doreen and Wandke, Hartmut},
 title = {Video Modeling for Training Older Adults to Use New Technologies},
 journal = {ACM Trans. Access. Comput.},
 issue_date = {May 2009},
 volume = {2},
 number = {1},
 month = may,
 year = {2009},
 issn = {1936-7228},
 pages = {4:1--4:24},
 articleno = {4},
 numpages = {24},
 url = {http://doi.acm.org/10.1145/1525840.1525844},
 doi = {10.1145/1525840.1525844},
 acmid = {1525844},
 publisher = {ACM},
 address = {New York, NY, USA},
 keywords = {Instruction, guided error training, older adults, self-efficacy, technology use, video modeling},
}

@article{Boverie:1998:PSD:281083.281086,
 author = {Boverie, Patricia and Nagel, Liza and McGee, Melissa and Garcia, Susan},
 title = {Predictors of Satisfaction for Distance Learners: A Study of Variable Conditions},
 journal = {SIGCUE Outlook},
 issue_date = {April 1998},
 volume = {26},
 number = {2},
 month = apr,
 year = {1998},
 issn = {0163-5735},
 pages = {2--7},
 numpages = {6},
 url = {http://doi.acm.org/10.1145/281083.281086},
 doi = {10.1145/281083.281086},
 acmid = {281086},
 publisher = {ACM},
 address = {New York, NY, USA},
 keywords = {distance learners, emotional intelligence, learning strategies, learning style, self-efficacy, social presence, student satisfaction},
}

@article{Moores:2006:CRS:1161345.1161360,
 author = {Moores, Trevor T. and Chang, Jerry Cha-Jan and Smith, Deborah K.},
 title = {Clarifying the Role of Self-efficacy and Metacognition As Predictors of Performance: Construct Development and Test},
 journal = {SIGMIS Database},
 issue_date = {Spring-Summer 2006},
 volume = {37},
 number = {2-3},
 month = sep,
 year = {2006},
 issn = {0095-0033},
 pages = {125--132},
 numpages = {8},
 url = {http://doi.acm.org/10.1145/1161345.1161360},
 doi = {10.1145/1161345.1161360},
 acmid = {1161360},
 publisher = {ACM},
 address = {New York, NY, USA},
 keywords = {data flow diagrams (DFDs), declarative knowledge, entity-relationship diagrams (ERDs), metacognition, procedural knowledge, self-efficacy},
}

@inproceedings{Scott:2014:MEA:2632320.2632350,
 author = {Scott, Michael James and Ghinea, Gheorghita},
 title = {Measuring Enrichment: The Assembly and Validation of an Instrument to Assess Student Self-beliefs in CS1},
 booktitle = {Proceedings of the Tenth Annual Conference on International Computing Education Research},
 series = {ICER '14},
 year = {2014},
 isbn = {978-1-4503-2755-8},
 location = {Glasgow, Scotland, United Kingdom},
 pages = {123--130},
 numpages = {8},
 url = {http://doi.acm.org/10.1145/2632320.2632350},
 doi = {10.1145/2632320.2632350},
 acmid = {2632350},
 publisher = {ACM},
 address = {New York, NY, USA},
 keywords = {anxiety, cs1, interest, measurement, mindset, practice, programming, self-beliefs, self-concept, self-efficacy},
}

@inproceedings{Li:2012:DIE:2382336.2382400,
 author = {Li, Yan and Ranieri, Maria},
 title = {Design, Implementation and Effectiveness of a Web-based Media Education Program for Teenagers: An Exploratory Study in China},
 booktitle = {Proceedings of the 4th International Conference on Internet Multimedia Computing and Service},
 series = {ICIMCS '12},
 year = {2012},
 isbn = {978-1-4503-1600-2},
 location = {Wuhan, China},
 pages = {227--230},
 numpages = {4},
 url = {http://doi.acm.org/10.1145/2382336.2382400},
 doi = {10.1145/2382336.2382400},
 acmid = {2382400},
 publisher = {ACM},
 address = {New York, NY, USA},
 keywords = {internet self-efficacy, keywords media education, media competence, media literacy, teenagers, web-based learning program},
}

@inproceedings{Brannock:2015:ICE:2676723.2691929,
 author = {Brannock, Evelyn and Lutz, Robert and Tsoi, Mai Yin},
 title = {Integrating Cutting Edge Devices to Increase Student Retention in Programming (Abstract Only)},
 booktitle = {Proceedings of the 46th ACM Technical Symposium on Computer Science Education},
 series = {SIGCSE '15},
 year = {2015},
 isbn = {978-1-4503-2966-8},
 location = {Kansas City, Missouri, USA},
 pages = {679--679},
 numpages = {1},
 url = {http://doi.acm.org/10.1145/2676723.2691929},
 doi = {10.1145/2676723.2691929},
 acmid = {2691929},
 publisher = {ACM},
 address = {New York, NY, USA},
 keywords = {active learning model, college instruction, cutting edge devices, motivation, programming instruction, retention, self-efficacy},
}

@inproceedings{Qiu:2013:CTC:2485760.2485787,
 author = {Qiu, Kanjun and Buechley, Leah and Baafi, Edward and Dubow, Wendy},
 title = {A Curriculum for Teaching Computer Science Through Computational Textiles},
 booktitle = {Proceedings of the 12th International Conference on Interaction Design and Children},
 series = {IDC '13},
 year = {2013},
 isbn = {978-1-4503-1918-8},
 location = {New York, New York, USA},
 pages = {20--27},
 numpages = {8},
 url = {http://doi.acm.org/10.1145/2485760.2485787},
 doi = {10.1145/2485760.2485787},
 acmid = {2485787},
 publisher = {ACM},
 address = {New York, NY, USA},
 keywords = {LilyPad arduino, computational textiles, computer science education, curriculum development, e-textiles, electronic textiles, technological self-efficacy, tutorial},
}

@inproceedings{Seaborn:2012:PPU:2157136.2157169,
 author = {Seaborn, Katie and Seif El-Nasr, Magy and Milam, David and Yung, Darren},
 title = {Programming, PWNed: Using Digital Game Development to Enhance Learners' Competency and Self-efficacy in a High School Computing Science Course},
 booktitle = {Proceedings of the 43rd ACM Technical Symposium on Computer Science Education},
 series = {SIGCSE '12},
 year = {2012},
 isbn = {978-1-4503-1098-7},
 location = {Raleigh, North Carolina, USA},
 pages = {93--98},
 numpages = {6},
 url = {http://doi.acm.org/10.1145/2157136.2157169},
 doi = {10.1145/2157136.2157169},
 acmid = {2157169},
 publisher = {ACM},
 address = {New York, NY, USA},
 keywords = {computer science curriculum, constructionist learning, game design curriculum, games and learning},
}

@inproceedings{Estey:2017:SHE:3059009.3059056,
 author = {Estey, Anthony and Coady, Yvonne},
 title = {Study Habits, Exam Performance, and Confidence: How Do Workflow Practices and Self-Efficacy Ratings Align?},
 booktitle = {Proceedings of the 2017 ACM Conference on Innovation and Technology in Computer Science Education},
 series = {ITiCSE '17},
 year = {2017},
 isbn = {978-1-4503-4704-4},
 location = {Bologna, Italy},
 pages = {158--163},
 numpages = {6},
 url = {http://doi.acm.org/10.1145/3059009.3059056},
 doi = {10.1145/3059009.3059056},
 acmid = {3059056},
 publisher = {ACM},
 address = {New York, NY, USA},
 keywords = {cs1, educational data mining, study behaviour},
}

@inproceedings{Peteranetz:2018:EIC:3159450.3159459,
 author = {Peteranetz, Markeya S. and Wang, Shiyuan and Shell, Duane F. and Flanigan, Abraham E. and Soh, Leen-Kiat},
 title = {Examining the Impact of Computational Creativity Exercises on College Computer Science Students' Learning, Achievement, Self-Efficacy, and Creativity},
 booktitle = {Proceedings of the 49th ACM Technical Symposium on Computer Science Education},
 series = {SIGCSE '18},
 year = {2018},
 isbn = {978-1-4503-5103-4},
 location = {Baltimore, Maryland, USA},
 pages = {155--160},
 numpages = {6},
 url = {http://doi.acm.org/10.1145/3159450.3159459},
 doi = {10.1145/3159450.3159459},
 acmid = {3159459},
 publisher = {ACM},
 address = {New York, NY, USA},
 keywords = {computational creativity, computational thinking, computer science education},
}

@inproceedings{Vivian:2018:SAT:3265757.3265762,
 author = {Vivian, Rebecca and Falkner, Katrina},
 title = {A Survey of Australian Teachers' Self-efficacy and Assessment Approaches for the K-12 Digital Technologies Curriculum},
 booktitle = {Proceedings of the 13th Workshop in Primary and Secondary Computing Education},
 series = {WiPSCE '18},
 year = {2018},
 isbn = {978-1-4503-6588-8},
 location = {Potsdam, Germany},
 pages = {5:1--5:10},
 articleno = {5},
 numpages = {10},
 url = {http://doi.acm.org/10.1145/3265757.3265762},
 doi = {10.1145/3265757.3265762},
 acmid = {3265762},
 publisher = {ACM},
 address = {New York, NY, USA},
 keywords = {K-12 education, assessment, computer science education, curriculum, teacher professional development},
}

@inproceedings{Qian:2016:PSL:2839509.2850552,
 author = {Qian, Kai and Lo, Dan and Chen, Wei and Qian, Ying},
 title = {Promote Self-efficacy in Learning of Mobile App and Security with Real-world Relevant Laboratory (Abstract Only)},
 booktitle = {Proceedings of the 47th ACM Technical Symposium on Computing Science Education},
 series = {SIGCSE '16},
 year = {2016},
 isbn = {978-1-4503-3685-7},
 location = {Memphis, Tennessee, USA},
 pages = {691--691},
 numpages = {1},
 url = {http://doi.acm.org/10.1145/2839509.2850552},
 doi = {10.1145/2839509.2850552},
 acmid = {2850552},
 publisher = {ACM},
 address = {New York, NY, USA},
 keywords = {authentic learning, lab, mobile, real world},
}

@inproceedings{Repenning:2019:MCS:3304221.3319758,
 author = {Repenning, Alexander and Lamprou, Anna and Petralito, Serge and Basawapatna, Ashok},
 title = {Making Computer Science Education Mandatory: Exploring a Demographic Shift in Switzerland.},
 booktitle = {Proceedings of the 2019 ACM Conference on Innovation and Technology in Computer Science Education},
 series = {ITiCSE '19},
 year = {2019},
 isbn = {978-1-4503-6301-3},
 location = {Aberdeen, Scotland Uk},
 pages = {422--428},
 numpages = {7},
 url = {http://doi.acm.org/10.1145/3304221.3319758},
 doi = {10.1145/3304221.3319758},
 acmid = {3319758},
 publisher = {ACM},
 address = {New York, NY, USA},
 keywords = {computer science education, gender issues in computer science education, k-12, mandatory computer science education, pre-service teacher education, self -efficacy},
}

@inproceedings{Tran:2014:CCS:2684200.2684318,
 author = {Tran, Tri and Glowatz, Matthias},
 title = {A Comparative Case Study of Irish and Vietnamese Students' eLearning Perceptions and Acceptance},
 booktitle = {Proceedings of the 16th International Conference on Information Integration and Web-based Applications \&\#38; Services},
 series = {iiWAS '14},
 year = {2014},
 isbn = {978-1-4503-3001-5},
 location = {Hanoi, Viet Nam},
 pages = {44--48},
 numpages = {5},
 url = {http://doi.acm.org/10.1145/2684200.2684318},
 doi = {10.1145/2684200.2684318},
 acmid = {2684318},
 publisher = {ACM},
 address = {New York, NY, USA},
 keywords = {Case Study, Electronic Learning, Ireland, Technology Acceptance Model (TAM), Vietnam},
}

@inproceedings{Ryu:2017:EEO:3160908.3160923,
 author = {Ryu, Jiyoung and Kim, Jiseon},
 title = {Educational Effects of an Online Learning Program of Economically Disadvantaged Potentially Gifted Elementary Students},
 booktitle = {Proceedings of the 2017 International Conference on Education and E-Learning},
 series = {ICEEL 2017},
 year = {2017},
 isbn = {978-1-4503-5377-9},
 location = {Bangkok, Thailand},
 pages = {50--53},
 numpages = {4},
 url = {http://doi.acm.org/10.1145/3160908.3160923},
 doi = {10.1145/3160908.3160923},
 acmid = {3160923},
 publisher = {ACM},
 address = {New York, NY, USA},
 keywords = {Economically disadvantaged students, Mentoring, Potentially gifted students, online-learning program},
}

@inproceedings{LaMarche:2013:UIC:2493394.2493423,
 author = {La Marche, Jeffrey Steven},
 title = {User Interface Computation As a Contextualized Approach for Introductory Computing Instruction},
 booktitle = {Proceedings of the Ninth Annual International ACM Conference on International Computing Education Research},
 series = {ICER '13},
 year = {2013},
 isbn = {978-1-4503-2243-0},
 location = {San Diego, San California, USA},
 pages = {179--180},
 numpages = {2},
 url = {http://doi.acm.org/10.1145/2493394.2493423},
 doi = {10.1145/2493394.2493423},
 acmid = {2493423},
 publisher = {ACM},
 address = {New York, NY, USA},
 keywords = {active learning, contextualized computing, cs1, pair programming, peer instruction, programming, user interface computation},
}

@inproceedings{Clarke-Midura:2018:NPM:3159450.3159525,
 author = {Clarke-Midura, Jody and Poole, Frederick and Pantic, Katarina and Hamilton, Megan and Sun, Chongning and Allan, Vicki},
 title = {How Near Peer Mentoring Affects Middle School Mentees},
 booktitle = {Proceedings of the 49th ACM Technical Symposium on Computer Science Education},
 series = {SIGCSE '18},
 year = {2018},
 isbn = {978-1-4503-5103-4},
 location = {Baltimore, Maryland, USA},
 pages = {664--669},
 numpages = {6},
 url = {http://doi.acm.org/10.1145/3159450.3159525},
 doi = {10.1145/3159450.3159525},
 acmid = {3159525},
 publisher = {ACM},
 address = {New York, NY, USA},
 keywords = {app inventor, middle school youth, near-peer mentors},
}

@inproceedings{Dasgupta:2010:MPI:1900008.1900142,
 author = {Dasgupta, Chandan},
 title = {That is Not My Program: Investigating the Relation Between Program Comprehension and Program Authorship},
 booktitle = {Proceedings of the 48th Annual Southeast Regional Conference},
 series = {ACM SE '10},
 year = {2010},
 isbn = {978-1-4503-0064-3},
 location = {Oxford, Mississippi},
 pages = {103:1--103:4},
 articleno = {103},
 numpages = {4},
 url = {http://doi.acm.org/10.1145/1900008.1900142},
 doi = {10.1145/1900008.1900142},
 acmid = {1900142},
 publisher = {ACM},
 address = {New York, NY, USA},
 keywords = {program authorship, program comprehension},
}

@inproceedings{Roessler:2018:GGS:3206157.3206161,
 author = {Roessler, Sarah and Allison, Mark},
 title = {A Gender-Aware Gamified Scaffolding of Mathematics for the Middle School Level},
 booktitle = {Proceedings of the 2018 International Conference on Big Data and Education},
 series = {ICBDE '18},
 year = {2018},
 isbn = {978-1-4503-6358-7},
 location = {Honolulu, HI, USA},
 pages = {121--126},
 numpages = {6},
 url = {http://doi.acm.org/10.1145/3206157.3206161},
 doi = {10.1145/3206157.3206161},
 acmid = {3206161},
 publisher = {ACM},
 address = {New York, NY, USA},
 keywords = {Constructionist Theory, Gamification, Learning Objects},
}

@inproceedings{Stout:2016:CLE:2839509.2850515,
 author = {Stout, Jane and Tamer, Bur\c{c}in},
 title = {Collaborative Learning Eliminates the Negative Impact of Gender Stereotypes on Women's Self-Concept (Abstract Only)},
 booktitle = {Proceedings of the 47th ACM Technical Symposium on Computing Science Education},
 series = {SIGCSE '16},
 year = {2016},
 isbn = {978-1-4503-3685-7},
 location = {Memphis, Tennessee, USA},
 pages = {496--496},
 numpages = {1},
 url = {http://doi.acm.org/10.1145/2839509.2850515},
 doi = {10.1145/2839509.2850515},
 acmid = {2850515},
 publisher = {ACM},
 address = {New York, NY, USA},
 keywords = {collaborative learning, gender stereotypes, self-concept, women},
}

@inproceedings{Ketelhut:2008:RPU:1599812.1599865,
 author = {Ketelhut, Diane Jass and Clarke, Jody and Nelson, Brian C. and Dukas, Geordie},
 title = {Rethinking Pedagogy: Using Multi-user Virtual Environments to Foster Authentic Science Learning},
 booktitle = {Proceedings of the 8th International Conference on International Conference for the Learning Sciences - Volume 1},
 series = {ICLS'08},
 year = {2008},
 location = {Utrecht, The Netherlands},
 pages = {438--445},
 numpages = {8},
 url = {http://dl.acm.org/citation.cfm?id=1599812.1599865},
 acmid = {1599865},
 publisher = {International Society of the Learning Sciences},
}

@inproceedings{Boyer:2008:LCF:1631836.1631843,
 author = {Boyer, Kristy Elizabeth and Phillips, Robert and Wallis, Michael D. and Vouk, Mladen A. and Lester, James C.},
 title = {Learner Characteristics and Feedback in Tutorial Dialogue},
 booktitle = {Proceedings of the Third Workshop on Innovative Use of NLP for Building Educational Applications},
 series = {EANL '08},
 year = {2008},
 isbn = {978-1-932432-08-4},
 location = {Columbus, Ohio},
 pages = {53--61},
 numpages = {9},
 url = {http://dl.acm.org/citation.cfm?id=1631836.1631843},
 acmid = {1631843},
 publisher = {Association for Computational Linguistics},
 address = {Stroudsburg, PA, USA},
}

@inproceedings{Boyer:2008:SDC:1414558.1414585,
 author = {Boyer, Naomi R. and Langevin, Sara and Gaspar, Alessio},
 title = {Self Direction \& Constructivism in Programming Education},
 booktitle = {Proceedings of the 9th ACM SIGITE Conference on Information Technology Education},
 series = {SIGITE '08},
 year = {2008},
 isbn = {978-1-60558-329-7},
 location = {Cincinnati, OH, USA},
 pages = {89--94},
 numpages = {6},
 url = {http://doi.acm.org/10.1145/1414558.1414585},
 doi = {10.1145/1414558.1414585},
 acmid = {1414585},
 publisher = {ACM},
 address = {New York, NY, USA},
 keywords = {cs-1, introductory programming, self-directed learning},
}

@inproceedings{Garcia:2018:WLE:3173574.3173830,
 author = {Garcia, Brittany and Chu, Sharon Lynn and Nam, Beth and Banigan, Colin},
 title = {Wearables for Learning: Examining the Smartwatch As a Tool for Situated Science Reflection},
 booktitle = {Proceedings of the 2018 CHI Conference on Human Factors in Computing Systems},
 series = {CHI '18},
 year = {2018},
 isbn = {978-1-4503-5620-6},
 location = {Montreal QC, Canada},
 pages = {256:1--256:13},
 articleno = {256},
 numpages = {13},
 url = {http://doi.acm.org/10.1145/3173574.3173830},
 doi = {10.1145/3173574.3173830},
 acmid = {3173830},
 publisher = {ACM},
 address = {New York, NY, USA},
 keywords = {children, education, everyday cognition, science learning, situated cognition, smartwatch, wearables},
}

@inproceedings{Cain:2013:STC:2487294.2487305,
 author = {Cain, Curtis C. and Trauth, Eileen M.},
 title = {Stereotype Threat: The Case of Black Males in the IT Profession},
 booktitle = {Proceedings of the 2013 Annual Conference on Computers and People Research},
 series = {SIGMIS-CPR '13},
 year = {2013},
 isbn = {978-1-4503-1975-1},
 location = {Cincinnati, Ohio, USA},
 pages = {57--62},
 numpages = {6},
 url = {http://doi.acm.org/10.1145/2487294.2487305},
 doi = {10.1145/2487294.2487305},
 acmid = {2487305},
 publisher = {ACM},
 address = {New York, NY, USA},
 keywords = {ethniticy, individual differences, it education, it workforce, race, stereotype threat, stereotypes},
}

@inproceedings{McGill:2019:GAN:3287324.3287362,
 author = {McGill, Monica M. and Decker, Adrienne and McKlin, Tom and Haynie, Kathy},
 title = {A Gap Analysis of Noncognitive Constructs in Evaluation Instruments Designed for Computing Education},
 booktitle = {Proceedings of the 50th ACM Technical Symposium on Computer Science Education},
 series = {SIGCSE '19},
 year = {2019},
 isbn = {978-1-4503-5890-3},
 location = {Minneapolis, MN, USA},
 pages = {706--712},
 numpages = {7},
 url = {http://doi.acm.org/10.1145/3287324.3287362},
 doi = {10.1145/3287324.3287362},
 acmid = {3287362},
 publisher = {ACM},
 address = {New York, NY, USA},
 keywords = {assessment, constructs, education, evaluation, noncognitive},
}

@article{Ravitz:2017:ELE:3134765.3077617,
 author = {Ravitz, Jason and Stephenson, Chris and Parker, Karen and Blazevski, Juliane},
 title = {Early Lessons from Evaluation of Computer Science Teacher Professional Development in Google\&\#x2019;s CS4HS Program},
 journal = {ACM Trans. Comput. Educ.},
 issue_date = {September 2017},
 volume = {17},
 number = {4},
 month = aug,
 year = {2017},
 issn = {1946-6226},
 pages = {21:1--21:16},
 articleno = {21},
 numpages = {16},
 url = {http://doi.acm.org/10.1145/3077617},
 doi = {10.1145/3077617},
 acmid = {3077617},
 publisher = {ACM},
 address = {New York, NY, USA},
 keywords = {K12 education, attitudes, hybrid learning},
}

@inproceedings{Prieto:2015:MAP:2808580.2808601,
 author = {Prieto, Jos{\'e} Carlos S\'{a}nchez and Miguel\'{a}\~{n}ez, Susana Olmos and Garc\'{\i}a-Pe\~{n}alvo, Francisco J.},
 title = {Mobile Acceptance Among Pre-service Teachers: A Descriptive Study Using a TAM-based Model},
 booktitle = {Proceedings of the 3rd International Conference on Technological Ecosystems for Enhancing Multiculturality},
 series = {TEEM '15},
 year = {2015},
 isbn = {978-1-4503-3442-6},
 location = {Porto, Portugal},
 pages = {131--137},
 numpages = {7},
 url = {http://doi.acm.org/10.1145/2808580.2808601},
 doi = {10.1145/2808580.2808601},
 acmid = {2808601},
 publisher = {ACM},
 address = {New York, NY, USA},
 keywords = {TAM, higher education, mobile learning, pre-service teachers, technology adoption},
}

@inproceedings{Pena:2019:CHE:3287324.3293852,
 author = {Pena, Joslenne and Cole, Carmen and Rosson, Mary Beth},
 title = {Code For Her: Exploring Female and Gender-Diverse Computing Workshops for Faculty, Staff, and Students},
 booktitle = {Proceedings of the 50th ACM Technical Symposium on Computer Science Education},
 series = {SIGCSE '19},
 year = {2019},
 isbn = {978-1-4503-5890-3},
 location = {Minneapolis, MN, USA},
 pages = {1280--1280},
 numpages = {1},
 url = {http://doi.acm.org/10.1145/3287324.3293852},
 doi = {10.1145/3287324.3293852},
 acmid = {3293852},
 publisher = {ACM},
 address = {New York, NY, USA},
 keywords = {coding workshop, gender and diversity, programming},
}

@inproceedings{Kaczmarczyk:2003:TWC:611892.612003,
 author = {Kaczmarczyk, Lisa C.},
 title = {A Technical Writing Class for Computer Science Majors: Measuring Student Perceptions of Learning},
 booktitle = {Proceedings of the 34th SIGCSE Technical Symposium on Computer Science Education},
 series = {SIGCSE '03},
 year = {2003},
 isbn = {1-58113-648-X},
 location = {Reno, Navada, USA},
 pages = {341--345},
 numpages = {5},
 url = {http://doi.acm.org/10.1145/611892.612003},
 doi = {10.1145/611892.612003},
 acmid = {612003},
 publisher = {ACM},
 address = {New York, NY, USA},
 keywords = {pedagogy, writing},
}

@article{Kaczmarczyk:2003:TWC:792548.612003,
 author = {Kaczmarczyk, Lisa C.},
 title = {A Technical Writing Class for Computer Science Majors: Measuring Student Perceptions of Learning},
 journal = {SIGCSE Bull.},
 issue_date = {January 2003},
 volume = {35},
 number = {1},
 month = jan,
 year = {2003},
 issn = {0097-8418},
 pages = {341--345},
 numpages = {5},
 url = {http://doi.acm.org/10.1145/792548.612003},
 doi = {10.1145/792548.612003},
 acmid = {612003},
 publisher = {ACM},
 address = {New York, NY, USA},
 keywords = {pedagogy, writing},
}

@article{Grandon:2005:FIS:1047846.1047853,
 author = {Grandon, Elizabeth E. and Alshare, Khaled and Kwun, Obyung},
 title = {Factors Influencing Student Intention to Adopt Online Classes: A Cross-cultural Study},
 journal = {J. Comput. Sci. Coll.},
 issue_date = {April 2005},
 volume = {20},
 number = {4},
 month = apr,
 year = {2005},
 issn = {1937-4771},
 pages = {46--56},
 numpages = {11},
 url = {http://dl.acm.org/citation.cfm?id=1047846.1047853},
 acmid = {1047853},
 publisher = {Consortium for Computing Sciences in Colleges},
 address = {USA},
}

@inproceedings{Wang:2018:RIF:3290511.3290567,
 author = {Wang, Lamei and Xiao, Jun},
 title = {Research on Influencing Factors of Learners' Intention of Online Learning Behaviour in Open Education Based on UTAUT Model},
 booktitle = {Proceedings of the 10th International Conference on Education Technology and Computers},
 series = {ICETC '18},
 year = {2018},
 isbn = {978-1-4503-6517-8},
 location = {Tokyo, Japan},
 pages = {92--98},
 numpages = {7},
 url = {http://doi.acm.org/10.1145/3290511.3290567},
 doi = {10.1145/3290511.3290567},
 acmid = {3290567},
 publisher = {ACM},
 address = {New York, NY, USA},
 keywords = {UTAUT model, influencing factor, learning behavior, online learning},
}

@inproceedings{Yang:2018:RWA:3178158.3178168,
 author = {Yang, Shuxia},
 title = {Riding the Waves of Augmented Reality in Preservice EFL Teacher Education: Model Development},
 booktitle = {Proceedings of the 6th International Conference on Information and Education Technology},
 series = {ICIET '18},
 year = {2018},
 isbn = {978-1-4503-5359-5},
 location = {Osaka, Japan},
 pages = {185--189},
 numpages = {5},
 url = {http://doi.acm.org/10.1145/3178158.3178168},
 doi = {10.1145/3178158.3178168},
 acmid = {3178168},
 publisher = {ACM},
 address = {New York, NY, USA},
 keywords = {EFL teacher education, augmented reality mobile systems, technology acceptance},
}

@inproceedings{Qian:2017:LSM:3059009.3072983,
 author = {Qian, Kai and Shahriar, Hossain and Wu, Fan and Tao, Lixin and Bhattacharya, Prabir},
 title = {Labware for Secure Mobile Software Development (SMSD) Education},
 booktitle = {Proceedings of the 2017 ACM Conference on Innovation and Technology in Computer Science Education},
 series = {ITiCSE '17},
 year = {2017},
 isbn = {978-1-4503-4704-4},
 location = {Bologna, Italy},
 pages = {375--375},
 numpages = {1},
 url = {http://doi.acm.org/10.1145/3059009.3072983},
 doi = {10.1145/3059009.3072983},
 acmid = {3072983},
 publisher = {ACM},
 address = {New York, NY, USA},
 keywords = {android, labware, secure mobile software development},
}

@inproceedings{Nyame-Mensah:2015:EFU:2676723.2691903,
 author = {Nyame-Mensah, Ama},
 title = {The Effects of Formal Undergraduate Research Experiences on Student Aspirations for Graduate Study in Computer Science (Abstract Only): Explaining the Relative Influence of Racial Identity Status},
 booktitle = {Proceedings of the 46th ACM Technical Symposium on Computer Science Education},
 series = {SIGCSE '15},
 year = {2015},
 isbn = {978-1-4503-2966-8},
 location = {Kansas City, Missouri, USA},
 pages = {686--686},
 numpages = {1},
 url = {http://doi.acm.org/10.1145/2676723.2691903},
 doi = {10.1145/2676723.2691903},
 acmid = {2691903},
 publisher = {ACM},
 address = {New York, NY, USA},
 keywords = {computing research pipeline, graduate degree aspirations, undergraduate research, underrepresented students},
}

@inproceedings{Veilleux:2013:RBA:2445196.2445220,
 author = {Veilleux, Nanette and Bates, Rebecca and Allendoerfer, Cheryl and Jones, Diane and Crawford, Joyous and Floyd Smith, Tamara},
 title = {The Relationship Between Belonging and Ability in Computer Science},
 booktitle = {Proceeding of the 44th ACM Technical Symposium on Computer Science Education},
 series = {SIGCSE '13},
 year = {2013},
 isbn = {978-1-4503-1868-6},
 location = {Denver, Colorado, USA},
 pages = {65--70},
 numpages = {6},
 url = {http://doi.acm.org/10.1145/2445196.2445220},
 doi = {10.1145/2445196.2445220},
 acmid = {2445220},
 publisher = {ACM},
 address = {New York, NY, USA},
 keywords = {belonging, computer science education research, mixed-methods research},
}

@inproceedings{Brinkman:2016:ACG:2839509.2844562,
 author = {Brinkman, Bo and Diekman, Amanda},
 title = {Applying the Communal Goal Congruity Perspective to Enhance Diversity and Inclusion in Undergraduate Computing Degrees},
 booktitle = {Proceedings of the 47th ACM Technical Symposium on Computing Science Education},
 series = {SIGCSE '16},
 year = {2016},
 isbn = {978-1-4503-3685-7},
 location = {Memphis, Tennessee, USA},
 pages = {102--107},
 numpages = {6},
 url = {http://doi.acm.org/10.1145/2839509.2844562},
 doi = {10.1145/2839509.2844562},
 acmid = {2844562},
 publisher = {ACM},
 address = {New York, NY, USA},
 keywords = {diversity, service learning},
}

@inproceedings{Boyer:2010:ITE:1734263.1734320,
 author = {Boyer, Kristy Elizabeth and Thomas, E. Nathan and Rorrer, Audrey S. and Cooper, Deonte and Vouk, Mladen A.},
 title = {Increasing Technical Excellence, Leadership and Commitment of Computing Students Through Identity-based Mentoring},
 booktitle = {Proceedings of the 41st ACM Technical Symposium on Computer Science Education},
 series = {SIGCSE '10},
 year = {2010},
 isbn = {978-1-4503-0006-3},
 location = {Milwaukee, Wisconsin, USA},
 pages = {167--171},
 numpages = {5},
 url = {http://doi.acm.org/10.1145/1734263.1734320},
 doi = {10.1145/1734263.1734320},
 acmid = {1734320},
 publisher = {ACM},
 address = {New York, NY, USA},
 keywords = {broadening participation, computing pipeline, diversity, mentoring, project-based initiatives},
}

@inproceedings{Loksa:2016:PPS:2858036.2858252,
 author = {Loksa, Dastyni and Ko, Andrew J. and Jernigan, Will and Oleson, Alannah and Mendez, Christopher J. and Burnett, Margaret M.},
 title = {Programming, Problem Solving, and Self-Awareness: Effects of Explicit Guidance},
 booktitle = {Proceedings of the 2016 CHI Conference on Human Factors in Computing Systems},
 series = {CHI '16},
 year = {2016},
 isbn = {978-1-4503-3362-7},
 location = {San Jose, California, USA},
 pages = {1449--1461},
 numpages = {13},
 url = {http://doi.acm.org/10.1145/2858036.2858252},
 doi = {10.1145/2858036.2858252},
 acmid = {2858252},
 publisher = {ACM},
 address = {New York, NY, USA},
 keywords = {computer science education, metacognition, problem-solving, programming},
}

@inproceedings{Hermans:2017:SSC:3137065.3137072,
 author = {Hermans, Felienne and Aivaloglou, Efthimia},
 title = {To Scratch or Not to Scratch?: A Controlled Experiment Comparing Plugged First and Unplugged First Programming Lessons},
 booktitle = {Proceedings of the 12th Workshop on Primary and Secondary Computing Education},
 series = {WiPSCE '17},
 year = {2017},
 isbn = {978-1-4503-5428-8},
 location = {Nijmegen, Netherlands},
 pages = {49--56},
 numpages = {8},
 url = {http://doi.acm.org/10.1145/3137065.3137072},
 doi = {10.1145/3137065.3137072},
 acmid = {3137072},
 publisher = {ACM},
 address = {New York, NY, USA},
 keywords = {Scratch, programming education, unplugged},
}

@inproceedings{Bell:2014:SWI:2538862.2538963,
 author = {Bell, Scott and Frey, Tim and Vasserman, Eugene},
 title = {Spreading the Word: Introducing Pre-service Teachers to Programming in the K12 Classroom},
 booktitle = {Proceedings of the 45th ACM Technical Symposium on Computer Science Education},
 series = {SIGCSE '14},
 year = {2014},
 isbn = {978-1-4503-2605-6},
 location = {Atlanta, Georgia, USA},
 pages = {187--192},
 numpages = {6},
 url = {http://doi.acm.org/10.1145/2538862.2538963},
 doi = {10.1145/2538862.2538963},
 acmid = {2538963},
 publisher = {ACM},
 address = {New York, NY, USA},
 keywords = {K-12, camp, outreach, pre-service teachers, programming, scratch},
}

@inproceedings{Sysoev:2017:SCE:3078072.3079720,
 author = {Sysoev, Ivan and Hershman, Anneli and Fine, Susan and Traweek, Claire and Roy, Deb},
 title = {SpeechBlocks: A Constructionist Early Literacy App},
 booktitle = {Proceedings of the 2017 Conference on Interaction Design and Children},
 series = {IDC '17},
 year = {2017},
 isbn = {978-1-4503-4921-5},
 location = {Stanford, California, USA},
 pages = {248--257},
 numpages = {10},
 url = {http://doi.acm.org/10.1145/3078072.3079720},
 doi = {10.1145/3078072.3079720},
 acmid = {3079720},
 publisher = {ACM},
 address = {New York, NY, USA},
 keywords = {constructionism, early literacy, phonics, phonological awareness},
}

@inproceedings{Robertson:2018:DRC:3197091.3211885,
 author = {Robertson, Judy},
 title = {Dancing Rainbots: Computing Education with Girl Guiding},
 booktitle = {Proceedings of the 23rd Annual ACM Conference on Innovation and Technology in Computer Science Education},
 series = {ITiCSE 2018},
 year = {2018},
 isbn = {978-1-4503-5707-4},
 location = {Larnaca, Cyprus},
 pages = {1--1},
 numpages = {1},
 url = {http://doi.acm.org/10.1145/3197091.3211885},
 doi = {10.1145/3197091.3211885},
 acmid = {3211885},
 publisher = {ACM},
 address = {New York, NY, USA},
 keywords = {Women in computing, barriers, inclusion},
}

@inproceedings{Pon-Barry:2019:FCP:3287324.3287434,
 author = {Pon-Barry, Heather and St. John, Audrey and Packard, Becky Wai-Ling and Rotundo, Barbara},
 title = {A Flexible Curriculum for Promoting Inclusion Through Peer Mentorship},
 booktitle = {Proceedings of the 50th ACM Technical Symposium on Computer Science Education},
 series = {SIGCSE '19},
 year = {2019},
 isbn = {978-1-4503-5890-3},
 location = {Minneapolis, MN, USA},
 pages = {1116--1122},
 numpages = {7},
 url = {http://doi.acm.org/10.1145/3287324.3287434},
 doi = {10.1145/3287324.3287434},
 acmid = {3287434},
 publisher = {ACM},
 address = {New York, NY, USA},
 keywords = {effective learning, inclusion, modular curriculum, peer mentor preparation},
}

@inproceedings{DeWitt:2017:ACS:3017680.3017795,
 author = {DeWitt, Anita and Fay, Julia and Goldman, Madeleine and Nicolson, Eleanor and Oyolu, Linda and Resch, Lukas and Salda\~{n}a, Jovan Martinez and Sounalath, Soulideth and Williams, Tyler and Yetter, Kathryn and Zak, Elizabeth and Brown, Narren and Rebelsky, Samuel A.},
 title = {Arts Coding for Social Good: A Pilot Project for Middle-School Outreach},
 booktitle = {Proceedings of the 2017 ACM SIGCSE Technical Symposium on Computer Science Education},
 series = {SIGCSE '17},
 year = {2017},
 isbn = {978-1-4503-4698-6},
 location = {Seattle, Washington, USA},
 pages = {159--164},
 numpages = {6},
 url = {http://doi.acm.org/10.1145/3017680.3017795},
 doi = {10.1145/3017680.3017795},
 acmid = {3017795},
 publisher = {ACM},
 address = {New York, NY, USA},
 keywords = {CSG-ED, code camp, coding for social good, gender, media computation, middle school, processing, race},
}

@article{Armoni:2015:SLP:2698235.2677087,
 author = {Armoni, Michal and Meerbaum-Salant, Orni and Ben-Ari, Mordechai},
 title = {From Scratch to \&Ldquo;Real\&Rdquo; Programming},
 journal = {Trans. Comput. Educ.},
 issue_date = {February 2015},
 volume = {14},
 number = {4},
 month = feb,
 year = {2015},
 issn = {1946-6226},
 pages = {25:1--25:15},
 articleno = {25},
 numpages = {15},
 url = {http://doi.acm.org/10.1145/2677087},
 doi = {10.1145/2677087},
 acmid = {2677087},
 publisher = {ACM},
 address = {New York, NY, USA},
 keywords = {Scratch, computer programming, middle schools, spiral curriculum},
}

@inproceedings{Vivian:2013:CSS:2526968.2526982,
 author = {Vivian, Rebecca and Falkner, Katrina and Falkner, Nickolas},
 title = {Computer Science Students' Causal Attributions for Successful and Unsuccessful Outcomes in Programming Assignments},
 booktitle = {Proceedings of the 13th Koli Calling International Conference on Computing Education Research},
 series = {Koli Calling '13},
 year = {2013},
 isbn = {978-1-4503-2482-3},
 location = {Koli, Finland},
 pages = {125--134},
 numpages = {10},
 url = {http://doi.acm.org/10.1145/2526968.2526982},
 doi = {10.1145/2526968.2526982},
 acmid = {2526982},
 publisher = {ACM},
 address = {New York, NY, USA},
 keywords = {attributes, attribution theory, computer science education and self-assessment, failure, programming assignments, self-reflection, success, university students},
}

@inproceedings{Ko:2019:TEP:3287324.3287371,
 author = {Ko, Andrew J. and LaToza, Thomas D. and Hull, Stephen and Ko, Ellen A. and Kwok, William and Quichocho, Jane and Akkaraju, Harshitha and Pandit, Rishin},
 title = {Teaching Explicit Programming Strategies to Adolescents},
 booktitle = {Proceedings of the 50th ACM Technical Symposium on Computer Science Education},
 series = {SIGCSE '19},
 year = {2019},
 isbn = {978-1-4503-5890-3},
 location = {Minneapolis, MN, USA},
 pages = {469--475},
 numpages = {7},
 url = {http://doi.acm.org/10.1145/3287324.3287371},
 doi = {10.1145/3287324.3287371},
 acmid = {3287371},
 publisher = {ACM},
 address = {New York, NY, USA},
 keywords = {programming, self-regulation, strategy},
}

@inproceedings{Bryant:2019:MCE:3287324.3287510,
 author = {Bryant, Caelin and Chen, Yesheng and Chen, Zhen and Gilmour, Jonathan and Gumidyala, Shyamala and Herce-Hagiwara, Beatriz and Koures, Annabella and Lee, Seoyeon and Msekela, James and Pham, Anh Thu and Remash, Halle and Remash, Marli and Schoenle, Nolan and Zimmerman, Jonah and Dahlby Albright, Sarah and Rebelsky, Samuel A.},
 title = {A Middle-School Camp Emphasizing Data Science and Computing for Social Good},
 booktitle = {Proceedings of the 50th ACM Technical Symposium on Computer Science Education},
 series = {SIGCSE '19},
 year = {2019},
 isbn = {978-1-4503-5890-3},
 location = {Minneapolis, MN, USA},
 pages = {358--364},
 numpages = {7},
 url = {http://doi.acm.org/10.1145/3287324.3287510},
 doi = {10.1145/3287324.3287510},
 acmid = {3287510},
 publisher = {ACM},
 address = {New York, NY, USA},
 keywords = {bbc micro:bits, code camp, csg-ed, data science, ds4sg, jupyter, outreach (middle school)},
}

@article{McWhorter:2009:LMM:1539024.1509019,
 author = {McWhorter, William Isaac and O'Connor, Brian C.},
 title = {Do LEGO\textregistered Mindstorms\textregistered Motivate Students in CS1?},
 journal = {SIGCSE Bull.},
 issue_date = {March 2009},
 volume = {41},
 number = {1},
 month = mar,
 year = {2009},
 issn = {0097-8418},
 pages = {438--442},
 numpages = {5},
 url = {http://doi.acm.org/10.1145/1539024.1509019},
 doi = {10.1145/1539024.1509019},
 acmid = {1509019},
 publisher = {ACM},
 address = {New York, NY, USA},
 keywords = {cs1, lego, motivation, programming environments, robotics},
}

@inproceedings{McWhorter:2009:LMM:1508865.1509019,
 author = {McWhorter, William Isaac and O'Connor, Brian C.},
 title = {Do LEGO\textregistered Mindstorms\textregistered Motivate Students in CS1?},
 booktitle = {Proceedings of the 40th ACM Technical Symposium on Computer Science Education},
 series = {SIGCSE '09},
 year = {2009},
 isbn = {978-1-60558-183-5},
 location = {Chattanooga, TN, USA},
 pages = {438--442},
 numpages = {5},
 url = {http://doi.acm.org/10.1145/1508865.1509019},
 doi = {10.1145/1508865.1509019},
 acmid = {1509019},
 publisher = {ACM},
 address = {New York, NY, USA},
 keywords = {cs1, lego, motivation, programming environments, robotics},
}

@inproceedings{Prieto:2017:ADF:3144826.3145374,
 author = {Prieto, Jos{\'e} Carlos S\'{a}nchez and Miguel\'{a}\~{n}ez, Susana Olmos and Garc\'{\i}a-Pe\~{n}alvo, Francisco J.},
 title = {Assessment of the Disposition of Future Secondary Education Teachers Towards Mobile Learning},
 booktitle = {Proceedings of the 5th International Conference on Technological Ecosystems for Enhancing Multiculturality},
 series = {TEEM 2017},
 year = {2017},
 isbn = {978-1-4503-5386-1},
 location = {C\&aacute;diz, Spain},
 pages = {27:1--27:6},
 articleno = {27},
 numpages = {6},
 url = {http://doi.acm.org/10.1145/3144826.3145374},
 doi = {10.1145/3144826.3145374},
 acmid = {3145374},
 publisher = {ACM},
 address = {New York, NY, USA},
 keywords = {TAM, mobile learning, pre-service teachers, technology acceptance, university students},
}

@inproceedings{Dong:2019:PPM:3287324.3287431,
 author = {Dong, Yihuan and Catete, Veronica and Jocius, Robin and Lytle, Nicholas and Barnes, Tiffany and Albert, Jennifer and Joshi, Deepti and Robinson, Richard and Andrews, Ashley},
 title = {PRADA: A Practical Model for Integrating Computational Thinking in K-12 Education},
 booktitle = {Proceedings of the 50th ACM Technical Symposium on Computer Science Education},
 series = {SIGCSE '19},
 year = {2019},
 isbn = {978-1-4503-5890-3},
 location = {Minneapolis, MN, USA},
 pages = {906--912},
 numpages = {7},
 url = {http://doi.acm.org/10.1145/3287324.3287431},
 doi = {10.1145/3287324.3287431},
 acmid = {3287431},
 publisher = {ACM},
 address = {New York, NY, USA},
 keywords = {computational thinking, professional development},
}

@article{Akbulut:2007:ISP:1290958.1290964,
 author = {Akbulut, Asli Yagmur and Looney, Clayton Arlen},
 title = {Inspiring Students to Pursue Computing Degrees},
 journal = {Commun. ACM},
 issue_date = {October 2007},
 volume = {50},
 number = {10},
 month = oct,
 year = {2007},
 issn = {0001-0782},
 pages = {67--71},
 numpages = {5},
 url = {http://doi.acm.org/10.1145/1290958.1290964},
 doi = {10.1145/1290958.1290964},
 acmid = {1290964},
 publisher = {ACM},
 address = {New York, NY, USA},
}

@inproceedings{Stefik:2011:DEI:1953163.1953323,
 author = {Stefik, Andreas M. and Hundhausen, Christopher and Smith, Derrick},
 title = {On the Design of an Educational Infrastructure for the Blind and Visually Impaired in Computer Science},
 booktitle = {Proceedings of the 42Nd ACM Technical Symposium on Computer Science Education},
 series = {SIGCSE '11},
 year = {2011},
 isbn = {978-1-4503-0500-6},
 location = {Dallas, TX, USA},
 pages = {571--576},
 numpages = {6},
 url = {http://doi.acm.org/10.1145/1953163.1953323},
 doi = {10.1145/1953163.1953323},
 acmid = {1953323},
 publisher = {ACM},
 address = {New York, NY, USA},
 keywords = {accessibility, assistive technology, auditory debugging, visual impairments},
}

@article{Rizvi:2011:CCU:1859159.1859166,
 author = {Rizvi, Mona and Humphries, Thorna and Major, Debra and Jones, Meghan and Lauzun, Heather},
 title = {A CS0 Course Using Scratch},
 journal = {J. Comput. Sci. Coll.},
 issue_date = {January 2011},
 volume = {26},
 number = {3},
 month = jan,
 year = {2011},
 issn = {1937-4771},
 pages = {19--27},
 numpages = {9},
 url = {http://dl.acm.org/citation.cfm?id=1859159.1859166},
 acmid = {1859166},
 publisher = {Consortium for Computing Sciences in Colleges},
 address = {USA},
}

@inproceedings{Linnell:2019:CPI:3287324.3293845,
 author = {Linnell, Natalie and Gonsalves, Phil and Kakodkar, Mayank and Martinez, Vanessa and Urdan, Tim and Ribiero, Bruno and Zdankus, Janice},
 title = {Curated Pathways to Innovation: Personalized CS Education to Promote Diversity},
 booktitle = {Proceedings of the 50th ACM Technical Symposium on Computer Science Education},
 series = {SIGCSE '19},
 year = {2019},
 isbn = {978-1-4503-5890-3},
 location = {Minneapolis, MN, USA},
 pages = {1277--1277},
 numpages = {1},
 url = {http://doi.acm.org/10.1145/3287324.3293845},
 doi = {10.1145/3287324.3293845},
 acmid = {3293845},
 publisher = {ACM},
 address = {New York, NY, USA},
 keywords = {diversity, machine learning, tools},
}

@inproceedings{Alshahrani:2018:USC:3230977.3230994,
 author = {Alshahrani, Amnah and Ross, Isla and Wood, Murray I.},
 title = {Using Social Cognitive Career Theory to Understand Why Students Choose to Study Computer Science},
 booktitle = {Proceedings of the 2018 ACM Conference on International Computing Education Research},
 series = {ICER '18},
 year = {2018},
 isbn = {978-1-4503-5628-2},
 location = {Espoo, Finland},
 pages = {205--214},
 numpages = {10},
 url = {http://doi.acm.org/10.1145/3230977.3230994},
 doi = {10.1145/3230977.3230994},
 acmid = {3230994},
 publisher = {ACM},
 address = {New York, NY, USA},
 keywords = {careers, computer science, education, gender, social cognitive career theory, students},
}

@inproceedings{Guo:2013:LMS:2445196.2445394,
 author = {Guo, Minzhe and Bhattacharya, Prabir and Yang, Ming and Qian, Kai and Yang, Li},
 title = {Learning Mobile Security with Android Security Labware},
 booktitle = {Proceeding of the 44th ACM Technical Symposium on Computer Science Education},
 series = {SIGCSE '13},
 year = {2013},
 isbn = {978-1-4503-1868-6},
 location = {Denver, Colorado, USA},
 pages = {675--680},
 numpages = {6},
 url = {http://doi.acm.org/10.1145/2445196.2445394},
 doi = {10.1145/2445196.2445394},
 acmid = {2445394},
 publisher = {ACM},
 address = {New York, NY, USA},
 keywords = {android, labware, mobile security},
}

@inproceedings{Hundhausen:2011:OVF:1953163.1953201,
 author = {Hundhausen, Christopher D. and Agarwal, Pawan and Trevisan, Michael},
 title = {Online vs. Face-to-face Pedagogical Code Reviews: An Empirical Comparison},
 booktitle = {Proceedings of the 42Nd ACM Technical Symposium on Computer Science Education},
 series = {SIGCSE '11},
 year = {2011},
 isbn = {978-1-4503-0500-6},
 location = {Dallas, TX, USA},
 pages = {117--122},
 numpages = {6},
 url = {http://doi.acm.org/10.1145/1953163.1953201},
 doi = {10.1145/1953163.1953201},
 acmid = {1953201},
 publisher = {ACM},
 address = {New York, NY, USA},
 keywords = {CS1, code inspection, pedagogical code review, peer review, studio-based learning and instruction},
}

@inproceedings{Lishinski:2017:SER:3105726.3106187,
 author = {Lishinski, Alex and Yadav, Aman and Enbody, Richard},
 title = {Students' Emotional Reactions to Programming Projects in Introduction to Programming: Measurement Approach and Influence on Learning Outcomes},
 booktitle = {Proceedings of the 2017 ACM Conference on International Computing Education Research},
 series = {ICER '17},
 year = {2017},
 isbn = {978-1-4503-4968-0},
 location = {Tacoma, Washington, USA},
 pages = {30--38},
 numpages = {9},
 url = {http://doi.acm.org/10.1145/3105726.3106187},
 doi = {10.1145/3105726.3106187},
 acmid = {3106187},
 publisher = {ACM},
 address = {New York, NY, USA},
 keywords = {cs1, emotion},
}

@inproceedings{Campbell:2016:FSO:2899415.2899457,
 author = {Campbell, Jennifer and Horton, Diane and Craig, Michelle},
 title = {Factors for Success in Online CS1},
 booktitle = {Proceedings of the 2016 ACM Conference on Innovation and Technology in Computer Science Education},
 series = {ITiCSE '16},
 year = {2016},
 isbn = {978-1-4503-4231-5},
 location = {Arequipa, Peru},
 pages = {320--325},
 numpages = {6},
 url = {http://doi.acm.org/10.1145/2899415.2899457},
 doi = {10.1145/2899415.2899457},
 acmid = {2899457},
 publisher = {ACM},
 address = {New York, NY, USA},
 keywords = {cs1, novice programming, online, self-regulated learning},
}

@inproceedings{Qazi:2019:ESE:3287324.3293866,
 author = {Qazi, Mohammed A. and Gray, Jeff and Russell, Melody and Shannon, David M.},
 title = {ECS4Alabama: A State-Wide Effort to Provide Access to Authentic Computer Science Education in Predominantly Rural and High Minority Schools},
 booktitle = {Proceedings of the 50th ACM Technical Symposium on Computer Science Education},
 series = {SIGCSE '19},
 year = {2019},
 isbn = {978-1-4503-5890-3},
 location = {Minneapolis, MN, USA},
 pages = {1279--1279},
 numpages = {1},
 url = {http://doi.acm.org/10.1145/3287324.3293866},
 doi = {10.1145/3287324.3293866},
 acmid = {3293866},
 publisher = {ACM},
 address = {New York, NY, USA},
 keywords = {diversity, equity, exploring computer science, girls, k-12, mixed methods study, under-represented minorities},
}

@inproceedings{Shell:2016:SIC:2839509.2844606,
 author = {Shell, Duane F. and Soh, Leen-Kiat and Flanigan, Abraham E. and Peteranetz, Markeya S.},
 title = {Students' Initial Course Motivation and Their Achievement and Retention in College CS1 Courses},
 booktitle = {Proceedings of the 47th ACM Technical Symposium on Computing Science Education},
 series = {SIGCSE '16},
 year = {2016},
 isbn = {978-1-4503-3685-7},
 location = {Memphis, Tennessee, USA},
 pages = {639--644},
 numpages = {6},
 url = {http://doi.acm.org/10.1145/2839509.2844606},
 doi = {10.1145/2839509.2844606},
 acmid = {2844606},
 publisher = {ACM},
 address = {New York, NY, USA},
 keywords = {cs1 achievement., goal orientation, retention, student motivation},
}

@inproceedings{Garcia:2017:CPI:3105726.3105727,
 author = {Garcia, Rita},
 title = {Codification Pedagogy for Introductory Courses},
 booktitle = {Proceedings of the 2017 ACM Conference on International Computing Education Research},
 series = {ICER '17},
 year = {2017},
 isbn = {978-1-4503-4968-0},
 location = {Tacoma, Washington, USA},
 pages = {263--264},
 numpages = {2},
 url = {http://doi.acm.org/10.1145/3105726.3105727},
 doi = {10.1145/3105726.3105727},
 acmid = {3105727},
 publisher = {ACM},
 address = {New York, NY, USA},
 keywords = {codification, program comprehension, teaching pedagogy},
}

@inproceedings{Hundhausen:2010:SIW:1734263.1734432,
 author = {Hundhausen, Christopher and Agrawal, Anukrati and Fairbrother, Dana and Trevisan, Michael},
 title = {Does Studio-based Instruction Work in CS 1?: An Empirical Comparison with a Traditional Approach},
 booktitle = {Proceedings of the 41st ACM Technical Symposium on Computer Science Education},
 series = {SIGCSE '10},
 year = {2010},
 isbn = {978-1-4503-0006-3},
 location = {Milwaukee, Wisconsin, USA},
 pages = {500--504},
 numpages = {5},
 url = {http://doi.acm.org/10.1145/1734263.1734432},
 doi = {10.1145/1734263.1734432},
 acmid = {1734432},
 publisher = {ACM},
 address = {New York, NY, USA},
 keywords = {code inspection, cs1, pedagogical code review, peer review, studio-based learning and instruction},
}

@inproceedings{Mishkin:2019:AST:3287324.3287389,
 author = {Mishkin, Allison},
 title = {Applying Self-Determination Theory Towards Motivating Young Women in Computer Science},
 booktitle = {Proceedings of the 50th ACM Technical Symposium on Computer Science Education},
 series = {SIGCSE '19},
 year = {2019},
 isbn = {978-1-4503-5890-3},
 location = {Minneapolis, MN, USA},
 pages = {1025--1031},
 numpages = {7},
 url = {http://doi.acm.org/10.1145/3287324.3287389},
 doi = {10.1145/3287324.3287389},
 acmid = {3287389},
 publisher = {ACM},
 address = {New York, NY, USA},
 keywords = {belonging, gender, psychology, self-determination theory},
}

@inproceedings{Izu:2018:DAM:3159450.3162212,
 author = {Izu, Cruz and Sanchez Castro, Olga},
 title = {Designing Active Mediated Learning Tasks: Can Small Failures Enhance Student Learning? (Abstract Only)},
 booktitle = {Proceedings of the 49th ACM Technical Symposium on Computer Science Education},
 series = {SIGCSE '18},
 year = {2018},
 isbn = {978-1-4503-5103-4},
 location = {Baltimore, Maryland, USA},
 pages = {1102--1102},
 numpages = {1},
 url = {http://doi.acm.org/10.1145/3159450.3162212},
 doi = {10.1145/3159450.3162212},
 acmid = {3162212},
 publisher = {ACM},
 address = {New York, NY, USA},
 keywords = {knowledge gap, learning mechanisms, productive failure},
}

@inproceedings{Alekh:2018:ASF:3213818.3213830,
 author = {Alekh, Velayudhan and Vennila, Vilvanathan and Nair, Rahul and Susmitha, Vattigunta and Muraleedharan, Anirudh and Alkoyak-Yildiz, Meltem and Akshay, Nagarajan and Bhavani, Rao R.},
 title = {Aim for the Sky: Fostering a Constructionist Learning Environment for Teaching Maker Skills to Children in India},
 booktitle = {Proceedings of the Conference on Creativity and Making in Education},
 series = {FabLearn Europe'18},
 year = {2018},
 isbn = {978-1-4503-5371-7},
 location = {Trondheim, Norway},
 pages = {87--94},
 numpages = {8},
 url = {http://doi.acm.org/10.1145/3213818.3213830},
 doi = {10.1145/3213818.3213830},
 acmid = {3213830},
 publisher = {ACM},
 address = {New York, NY, USA},
 keywords = {21st century skills, Experiential learning, Higher order thinking skills, Product design, STEM, co-creation, constraint based design, constructionism, middle school education, participatory design},
}

@inproceedings{Martinez-Abad:2018:BDE:3284179.3284206,
 author = {Mart\'{\i}nez-Abad, Fernando and Gamazo, Adriana and Rodr\'{\i}guez-Conde, Mar\'{\i}a Jos{\'e}},
 title = {Big Data in Education: Detection of ICT Factors Associated with School Effectiveness with Data Mining Techniques},
 booktitle = {Proceedings of the Sixth International Conference on Technological Ecosystems for Enhancing Multiculturality},
 series = {TEEM'18},
 year = {2018},
 isbn = {978-1-4503-6518-5},
 location = {Salamanca, Spain},
 pages = {145--150},
 numpages = {6},
 url = {http://doi.acm.org/10.1145/3284179.3284206},
 doi = {10.1145/3284179.3284206},
 acmid = {3284206},
 publisher = {ACM},
 address = {New York, NY, USA},
 keywords = {Data Mining, Educational Evaluation, Information and Communication Technologies, School Effectiveness, Secondary Education},
}

@inproceedings{Wright:2018:CSL:3159450.3162277,
 author = {Wright, Rebecca N. and Stout, Jane and Cochran, Geraldine and Nguyen, Thu and Sanchez Gomez, Cynthia},
 title = {Computer Science Living-Learning Community for Women at Rutgers: Initial Experiences and Outcomes (Abstract Only)},
 booktitle = {Proceedings of the 49th ACM Technical Symposium on Computer Science Education},
 series = {SIGCSE '18},
 year = {2018},
 isbn = {978-1-4503-5103-4},
 location = {Baltimore, Maryland, USA},
 pages = {1075--1075},
 numpages = {1},
 url = {http://doi.acm.org/10.1145/3159450.3162277},
 doi = {10.1145/3159450.3162277},
 acmid = {3162277},
 publisher = {ACM},
 address = {New York, NY, USA},
 keywords = {living-learning communities, retention, women in computing},
}

@inproceedings{Statter:2017:LAC:3137065.3137081,
 author = {Statter, David and Armoni, Michal},
 title = {Learning Abstraction in Computer Science: A Gender Perspective},
 booktitle = {Proceedings of the 12th Workshop on Primary and Secondary Computing Education},
 series = {WiPSCE '17},
 year = {2017},
 isbn = {978-1-4503-5428-8},
 location = {Nijmegen, Netherlands},
 pages = {5--14},
 numpages = {10},
 url = {http://doi.acm.org/10.1145/3137065.3137081},
 doi = {10.1145/3137065.3137081},
 acmid = {3137081},
 publisher = {ACM},
 address = {New York, NY, USA},
 keywords = {ANOVA, Abstraction, Gender, Scratch, problem-solving},
}

@inproceedings{UreelII:2019:EPI:3287324.3293739,
 author = {Ureel II, Leo C. and Jarvie-Eggart, Michelle and Watkins, Melanie Kueber and Looks, Russell and Bettin, Briana},
 title = {Exploring Programming Instruction in Multidisciplinary Contexts},
 booktitle = {Proceedings of the 50th ACM Technical Symposium on Computer Science Education},
 series = {SIGCSE '19},
 year = {2019},
 isbn = {978-1-4503-5890-3},
 location = {Minneapolis, MN, USA},
 pages = {1251--1251},
 numpages = {1},
 url = {http://doi.acm.org/10.1145/3287324.3293739},
 doi = {10.1145/3287324.3293739},
 acmid = {3293739},
 publisher = {ACM},
 address = {New York, NY, USA},
 keywords = {cs0, multidisciplinary, non-cs faculty, non-majors, teaching programming},
}

@article{Dahlberg:2011:SAV:2037276.2037282,
 author = {Dahlberg, Teresa and Barnes, Tiffany and Buch, Kim and Rorrer, Audrey},
 title = {The STARS Alliance: Viable Strategies for Broadening Participation in Computing},
 journal = {Trans. Comput. Educ.},
 issue_date = {October 2011},
 volume = {11},
 number = {3},
 month = oct,
 year = {2011},
 issn = {1946-6226},
 pages = {18:1--18:25},
 articleno = {18},
 numpages = {25},
 url = {http://doi.acm.org/10.1145/2037276.2037282},
 doi = {10.1145/2037276.2037282},
 acmid = {2037282},
 publisher = {ACM},
 address = {New York, NY, USA},
 keywords = {BPC, Broadening participation in computing, computing curricula, education, service-learning},
}

@inproceedings{OrdonezFranco:2018:ICT:3159450.3159544,
 author = {Ord\'{o}\~{n}ez Franco, Patricia and Carroll-Miranda, Joseph and L\'{o}pez Delgado, Mar\'{\i}a and Gerena L\'{o}pez, Eliud and Rodr\'{\i}guez G\'{o}mez, Grace},
 title = {Incorporating Computational Thinking in the Classrooms of Puerto Rico: How a MOOC Served As an Outreach and Recruitment Tool for Computer Science Education},
 booktitle = {Proceedings of the 49th ACM Technical Symposium on Computer Science Education},
 series = {SIGCSE '18},
 year = {2018},
 isbn = {978-1-4503-5103-4},
 location = {Baltimore, Maryland, USA},
 pages = {296--301},
 numpages = {6},
 url = {http://doi.acm.org/10.1145/3159450.3159544},
 doi = {10.1145/3159450.3159544},
 acmid = {3159544},
 publisher = {ACM},
 address = {New York, NY, USA},
 keywords = {K-12 professional development, MOOC, computational thinking, cultural relevance},
}

@article{Wilson:2001:CSI:366413.364581,
 author = {Wilson, Brenda Cantwell and Shrock, Sharon},
 title = {Contributing to Success in an Introductory Computer Science Course: A Study of Twelve Factors},
 journal = {SIGCSE Bull.},
 issue_date = {March 2001},
 volume = {33},
 number = {1},
 month = feb,
 year = {2001},
 issn = {0097-8418},
 pages = {184--188},
 numpages = {5},
 url = {http://doi.acm.org/10.1145/366413.364581},
 doi = {10.1145/366413.364581},
 acmid = {364581},
 publisher = {ACM},
 address = {New York, NY, USA},
}

@inproceedings{Wilson:2001:CSI:364447.364581,
 author = {Wilson, Brenda Cantwell and Shrock, Sharon},
 title = {Contributing to Success in an Introductory Computer Science Course: A Study of Twelve Factors},
 booktitle = {Proceedings of the Thirty-second SIGCSE Technical Symposium on Computer Science Education},
 series = {SIGCSE '01},
 year = {2001},
 isbn = {1-58113-329-4},
 location = {Charlotte, North Carolina, USA},
 pages = {184--188},
 numpages = {5},
 url = {http://doi.acm.org/10.1145/364447.364581},
 doi = {10.1145/364447.364581},
 acmid = {364581},
 publisher = {ACM},
 address = {New York, NY, USA},
}

@inproceedings{Koorsse:2010:MLP:1899503.1899519,
 author = {Koorsse, Melisa and Cilliers, Charmain B. and Calitz, Andr{\'e} P.},
 title = {Motivation and Learning Preferences of Information Technology Learners in South African Secondary Schools},
 booktitle = {Proceedings of the 2010 Annual Research Conference of the South African Institute of Computer Scientists and Information Technologists},
 series = {SAICSIT '10},
 year = {2010},
 isbn = {978-1-60558-950-3},
 location = {Bela Bela, South Africa},
 pages = {144--152},
 numpages = {9},
 url = {http://doi.acm.org/10.1145/1899503.1899519},
 doi = {10.1145/1899503.1899519},
 acmid = {1899519},
 publisher = {ACM},
 address = {New York, NY, USA},
 keywords = {VARK questionnaire, information technology, introductory programming, motivated strategies for learning questionnaire (MSLQ)},
}

@inproceedings{Meysenburg:2018:DON:3159450.3159537,
 author = {Meysenburg, Mark and Durham Brooks, Tessa and Burks, Raychelle and Doyle, Erin and Frey, Timothy},
 title = {DIVAS: Outreach to the Natural Sciences Through Image Processing},
 booktitle = {Proceedings of the 49th ACM Technical Symposium on Computer Science Education},
 series = {SIGCSE '18},
 year = {2018},
 isbn = {978-1-4503-5103-4},
 location = {Baltimore, Maryland, USA},
 pages = {777--782},
 numpages = {6},
 url = {http://doi.acm.org/10.1145/3159450.3159537},
 doi = {10.1145/3159450.3159537},
 acmid = {3159537},
 publisher = {ACM},
 address = {New York, NY, USA},
 keywords = {assessment, outreach, undergraduate instruction},
}

@inproceedings{Seibel:2018:SMI:3159450.3162342,
 author = {Seibel, Sherry},
 title = {Social Motivators and Inhibitors for Women Entering Software Engineering Through Coding Bootcamps vs. Computer Science Bachelor's Degrees: (Abstract Only)},
 booktitle = {Proceedings of the 49th ACM Technical Symposium on Computer Science Education},
 series = {SIGCSE '18},
 year = {2018},
 isbn = {978-1-4503-5103-4},
 location = {Baltimore, Maryland, USA},
 pages = {274--274},
 numpages = {1},
 url = {http://doi.acm.org/10.1145/3159450.3162342},
 doi = {10.1145/3159450.3162342},
 acmid = {3162342},
 publisher = {ACM},
 address = {New York, NY, USA},
 keywords = {coding bootcamps, gender disparities, women in technology},
}

@inproceedings{Milliken:2019:ECS:3304221.3319779,
 author = {Milliken, Alexandra and Cody, Christa and Catete, Veronica and Barnes, Tiffany},
 title = {Effective Computer Science Teacher Professional Development: Beauty and Joy of Computing 2018},
 booktitle = {Proceedings of the 2019 ACM Conference on Innovation and Technology in Computer Science Education},
 series = {ITiCSE '19},
 year = {2019},
 isbn = {978-1-4503-6301-3},
 location = {Aberdeen, Scotland Uk},
 pages = {271--277},
 numpages = {7},
 url = {http://doi.acm.org/10.1145/3304221.3319779},
 doi = {10.1145/3304221.3319779},
 acmid = {3319779},
 publisher = {ACM},
 address = {New York, NY, USA},
 keywords = {computer science principles, k12 education, professional development},
}

@inproceedings{Alderfer:2018:LLI:3159450.3162289,
 author = {Alderfer, Katelyn Bright and Smith, Brian K. and Onta\~{n}\'{o}n, Santiago and Char, Bruce and Nebolsky, Jessica and Zhu, Jichen and Furqan, Anushay and Freed, Evan and Patterson, Justin and Valls-Vargas, Josep},
 title = {Lessons Learned From an Interactive Educational Computer Game About Concurrent Programming: (Abstract Only)},
 booktitle = {Proceedings of the 49th ACM Technical Symposium on Computer Science Education},
 series = {SIGCSE '18},
 year = {2018},
 isbn = {978-1-4503-5103-4},
 location = {Baltimore, Maryland, USA},
 pages = {1077--1077},
 numpages = {1},
 url = {http://doi.acm.org/10.1145/3159450.3162289},
 doi = {10.1145/3159450.3162289},
 acmid = {3162289},
 publisher = {ACM},
 address = {New York, NY, USA},
 keywords = {computer science education, concurrent programming, game design, parallel programming, user study},
}

@inproceedings{Vail:2016:GDF:2930238.2930257,
 author = {Vail, Alexandria K. and Grafsgaard, Joseph F. and Boyer, Kristy Elizabeth and Wiebe, Eric N. and Lester, James C.},
 title = {Gender Differences in Facial Expressions of Affect During Learning},
 booktitle = {Proceedings of the 2016 Conference on User Modeling Adaptation and Personalization},
 series = {UMAP '16},
 year = {2016},
 isbn = {978-1-4503-4368-8},
 location = {Halifax, Nova Scotia, Canada},
 pages = {65--73},
 numpages = {9},
 url = {http://doi.acm.org/10.1145/2930238.2930257},
 doi = {10.1145/2930238.2930257},
 acmid = {2930257},
 publisher = {ACM},
 address = {New York, NY, USA},
 keywords = {affect, facial expression, gender effects, intelligent tutoring systems},
}

@article{Kori:2018:ASP:3278118.3183343,
 author = {Kori, K\"{u}lli and Pedaste, Margus and Must, Olev},
 title = {The Academic, Social, and Professional Integration Profiles of Information Technology Students},
 journal = {ACM Trans. Comput. Educ.},
 issue_date = {November 2018},
 volume = {18},
 number = {4},
 month = oct,
 year = {2018},
 issn = {1946-6226},
 pages = {20:1--20:19},
 articleno = {20},
 numpages = {19},
 url = {http://doi.acm.org/10.1145/3183343},
 doi = {10.1145/3183343},
 acmid = {3183343},
 publisher = {ACM},
 address = {New York, NY, USA},
 keywords = {Higher education, retention, students\&\#x2019; profiles},
}

@inproceedings{Larmuseau:2018:ISC:3170358.3170363,
 author = {Larmuseau, Charlotte and Elen, Jan and Depaepe, Fien},
 title = {The Influence of Students' Cognitive and Motivational Characteristics on Students' Use of a 4C/ID-based Online Learning Environment and Their Learning Gain},
 booktitle = {Proceedings of the 8th International Conference on Learning Analytics and Knowledge},
 series = {LAK '18},
 year = {2018},
 isbn = {978-1-4503-6400-3},
 location = {Sydney, New South Wales, Australia},
 pages = {171--180},
 numpages = {10},
 url = {http://doi.acm.org/10.1145/3170358.3170363},
 doi = {10.1145/3170358.3170363},
 acmid = {3170363},
 publisher = {ACM},
 address = {New York, NY, USA},
 keywords = {adaptive learning, instructional design, online learning},
}

@inproceedings{Kaloti-Hallak:2015:SAM:2818314.2818317,
 author = {Kaloti-Hallak, Fatima and Armoni, Michal and Ben-Ari, Mordechai (Moti)},
 title = {Students' Attitudes and Motivation During Robotics Activities},
 booktitle = {Proceedings of the Workshop in Primary and Secondary Computing Education},
 series = {WiPSCE '15},
 year = {2015},
 isbn = {978-1-4503-3753-3},
 location = {London, United Kingdom},
 pages = {102--110},
 numpages = {9},
 url = {http://doi.acm.org/10.1145/2818314.2818317},
 doi = {10.1145/2818314.2818317},
 acmid = {2818317},
 publisher = {ACM},
 address = {New York, NY, USA},
 keywords = {Attitudes, middle-school, motivation, robotics},
}

@inproceedings{Lin:2017:CCA:3119881.3119884,
 author = {Lin, Lorraine and Parmar, Dhaval and Babu, Sabarish V. and Leonard, Alison E. and Daily, Shaundra B. and J\"{o}rg, Sophie},
 title = {How Character Customization Affects Learning in Computational Thinking},
 booktitle = {Proceedings of the ACM Symposium on Applied Perception},
 series = {SAP '17},
 year = {2017},
 isbn = {978-1-4503-5148-5},
 location = {Cottbus, Germany},
 pages = {1:1--1:8},
 articleno = {1},
 numpages = {8},
 url = {http://doi.acm.org/10.1145/3119881.3119884},
 doi = {10.1145/3119881.3119884},
 acmid = {3119884},
 publisher = {ACM},
 address = {New York, NY, USA},
 keywords = {character appearance, character customization, pedagogical agent, virtual character},
}

@inproceedings{Bryant:2018:MCC:3159450.3162313,
 author = {Bryant, Caelin and Gilmour, Jonathan and Herce-Hagiwara, Beatriz and Pham, Anh Thu and Remash, Halle and Remash, Marli and Zimmerman, Jonah and Dahlby Albright, Sarah and Rebelsky, Samuel A.},
 title = {A Middle-School Code Camp Experience Emphasizing Data Science for Social Good: (Abstract Only)},
 booktitle = {Proceedings of the 49th ACM Technical Symposium on Computer Science Education},
 series = {SIGCSE '18},
 year = {2018},
 isbn = {978-1-4503-5103-4},
 location = {Baltimore, Maryland, USA},
 pages = {1088--1088},
 numpages = {1},
 url = {http://doi.acm.org/10.1145/3159450.3162313},
 doi = {10.1145/3159450.3162313},
 acmid = {3162313},
 publisher = {ACM},
 address = {New York, NY, USA},
 keywords = {bbc micro:bits, code camp, csg-ed, data science, ds4sg, outreach (middle school)},
}

@inproceedings{Chen:2019:MCC:3287324.3287509,
 author = {Chen, Yesheng and Chen, Zhen and Gumidyala, Shyamala and Koures, Annabella and Lee, Seoyeon and Msekela, James and Remash, Halle and Schoenle, Nolan and Dahlby Albright, Sarah and Rebelsky, Samuel A.},
 title = {A Middle-School Code Camp Emphasizing Digital Humanities},
 booktitle = {Proceedings of the 50th ACM Technical Symposium on Computer Science Education},
 series = {SIGCSE '19},
 year = {2019},
 isbn = {978-1-4503-5890-3},
 location = {Minneapolis, MN, USA},
 pages = {351--357},
 numpages = {7},
 url = {http://doi.acm.org/10.1145/3287324.3287509},
 doi = {10.1145/3287324.3287509},
 acmid = {3287509},
 publisher = {ACM},
 address = {New York, NY, USA},
 keywords = {code camp, digital humanities, natural language, outreach (middle school), racket},
}

@inproceedings{Paredes:2012:MLP:2330601.2330617,
 author = {Paredes, Walter Christian and Chung, Kon Shing Kenneth},
 title = {Modelling Learning \&\#38; Performance: A Social Networks Perspective},
 booktitle = {Proceedings of the 2Nd International Conference on Learning Analytics and Knowledge},
 series = {LAK '12},
 year = {2012},
 isbn = {978-1-4503-1111-3},
 location = {Vancouver, British Columbia, Canada},
 pages = {34--42},
 numpages = {9},
 url = {http://doi.acm.org/10.1145/2330601.2330617},
 doi = {10.1145/2330601.2330617},
 acmid = {2330617},
 publisher = {ACM},
 address = {New York, NY, USA},
 keywords = {computer mediated communication, connectivism, learning, learning analytics, performance, situated learning, social learning, social networks},
}

