@inproceedings{Blanchard:2019:SLS:3287324.3293818,
 author = {Blanchard, Jeremiah},
 title = {Situated Learning in Systems-Level Coursework},
 booktitle = {Proceedings of the 50th ACM Technical Symposium on Computer Science Education},
 series = {SIGCSE '19},
 year = {2019},
 isbn = {978-1-4503-5890-3},
 location = {Minneapolis, MN, USA},
 pages = {1255--1256},
 numpages = {2},
 url = {http://doi.acm.org/10.1145/3287324.3293818},
 doi = {10.1145/3287324.3293818},
 acmid = {3293818},
 publisher = {ACM},
 address = {New York, NY, USA},
 keywords = {android, operating systems, situated learning},
}

@inproceedings{Heckman:2016:TSE:2839509.2850562,
 author = {Heckman, Sarah and King, Jason},
 title = {Teaching Software Engineering Skills in CS1.5: Incorporating Real-world Practices and Tools (Abstract Only)},
 booktitle = {Proceedings of the 47th ACM Technical Symposium on Computing Science Education},
 series = {SIGCSE '16},
 year = {2016},
 isbn = {978-1-4503-3685-7},
 location = {Memphis, Tennessee, USA},
 pages = {696--697},
 numpages = {2},
 url = {http://doi.acm.org/10.1145/2839509.2850562},
 doi = {10.1145/2839509.2850562},
 acmid = {2850562},
 publisher = {ACM},
 address = {New York, NY, USA},
 keywords = {cs1.5, situated learning, software engineering best practices},
}

@inproceedings{Knox:2012:CPS:2361276.2361311,
 author = {Knox, Daniel},
 title = {Communities of Practice and Situated Learning in Computer Science},
 booktitle = {Proceedings of the Ninth Annual International Conference on International Computing Education Research},
 series = {ICER '12},
 year = {2012},
 isbn = {978-1-4503-1604-0},
 location = {Auckland, New Zealand},
 pages = {161--162},
 numpages = {2},
 url = {http://doi.acm.org/10.1145/2361276.2361311},
 doi = {10.1145/2361276.2361311},
 acmid = {2361311},
 publisher = {ACM},
 address = {New York, NY, USA},
 keywords = {communities of practice, motivation, situated learning},
}

@inproceedings{Karatsolis:2011:GCU:1999747.1999827,
 author = {Karatsolis, Andreas and Cervasato, Iliano and Harras, Khaled and Cooper, Yonina and Oflazer, Kemal and Abu-Ghazaleh, Nael and Sans, Thierry},
 title = {Getting CS Undergraduates to Communicate Effectively},
 booktitle = {Proceedings of the 16th Annual Joint Conference on Innovation and Technology in Computer Science Education},
 series = {ITiCSE '11},
 year = {2011},
 isbn = {978-1-4503-0697-3},
 location = {Darmstadt, Germany},
 pages = {283--287},
 numpages = {5},
 url = {http://doi.acm.org/10.1145/1999747.1999827},
 doi = {10.1145/1999747.1999827},
 acmid = {1999827},
 publisher = {ACM},
 address = {New York, NY, USA},
 keywords = {applied communication, curriculum alignment, situated learning},
}

@inproceedings{Warner:2017:HEC:3105726.3106174,
 author = {Warner, Jeremy and Guo, Philip J.},
 title = {Hack.Edu: Examining How College Hackathons Are Perceived By Student Attendees and Non-Attendees},
 booktitle = {Proceedings of the 2017 ACM Conference on International Computing Education Research},
 series = {ICER '17},
 year = {2017},
 isbn = {978-1-4503-4968-0},
 location = {Tacoma, Washington, USA},
 pages = {254--262},
 numpages = {9},
 url = {http://doi.acm.org/10.1145/3105726.3106174},
 doi = {10.1145/3105726.3106174},
 acmid = {3106174},
 publisher = {ACM},
 address = {New York, NY, USA},
 keywords = {college hackathon, informal learning, situated learning},
}

@inproceedings{Gama:2018:HFL:3197091.3197138,
 author = {Gama, Kiev and Alencar Gon\c{c}alves, Breno and Alessio, Pedro},
 title = {Hackathons in the Formal Learning Process},
 booktitle = {Proceedings of the 23rd Annual ACM Conference on Innovation and Technology in Computer Science Education},
 series = {ITiCSE 2018},
 year = {2018},
 isbn = {978-1-4503-5707-4},
 location = {Larnaca, Cyprus},
 pages = {248--253},
 numpages = {6},
 url = {http://doi.acm.org/10.1145/3197091.3197138},
 doi = {10.1145/3197091.3197138},
 acmid = {3197138},
 publisher = {ACM},
 address = {New York, NY, USA},
 keywords = {Challenge-based learning, Hackathon, IoT, Situated Learning},
}

@inproceedings{Suzuki:1997:IFP:1599773.1599808,
 author = {Suzuki, Hideyuki and Kato, Hiroshi},
 title = {Identity Formation/Transformation As the Process of Collaborative Learning Through AlgoArena},
 booktitle = {Proceedings of the 2Nd International Conference on Computer Support for Collaborative Learning},
 series = {CSCL '97},
 year = {1997},
 location = {Toronto, Ontario, Canada},
 pages = {283--291},
 numpages = {9},
 url = {http://dl.acm.org/citation.cfm?id=1599773.1599808},
 acmid = {1599808},
 publisher = {International Society of the Learning Sciences},
 keywords = {identity, interaction analysis, situated learning, software education},
}

@inproceedings{Wen:2019:WEA:3290605.3300338,
 author = {Wen, Zikai Alex and Lin, Zhiqiu and Chen, Rowena and Andersen, Erik},
 title = {What.Hack: Engaging Anti-Phishing Training Through a Role-playing Phishing Simulation Game},
 booktitle = {Proceedings of the 2019 CHI Conference on Human Factors in Computing Systems},
 series = {CHI '19},
 year = {2019},
 isbn = {978-1-4503-5970-2},
 location = {Glasgow, Scotland Uk},
 pages = {108:1--108:12},
 articleno = {108},
 numpages = {12},
 url = {http://doi.acm.org/10.1145/3290605.3300338},
 doi = {10.1145/3290605.3300338},
 acmid = {3300338},
 publisher = {ACM},
 address = {New York, NY, USA},
 keywords = {anti-phishing, applied game, situated learning},
}

@inproceedings{Vihavainen:2013:SSL:2462476.2462501,
 author = {Vihavainen, Arto and Vikberg, Thomas and Luukkainen, Matti and P\"{a}rtel, Martin},
 title = {Scaffolding Students' Learning Using Test My Code},
 booktitle = {Proceedings of the 18th ACM Conference on Innovation and Technology in Computer Science Education},
 series = {ITiCSE '13},
 year = {2013},
 isbn = {978-1-4503-2078-8},
 location = {Canterbury, England, UK},
 pages = {117--122},
 numpages = {6},
 url = {http://doi.acm.org/10.1145/2462476.2462501},
 doi = {10.1145/2462476.2462501},
 acmid = {2462501},
 publisher = {ACM},
 address = {New York, NY, USA},
 keywords = {automatic assessment, extreme apprenticeship, programming, situated learning, testing, verification},
}

@inproceedings{McDermott:2017:FYC:3059009.3059062,
 author = {McDermott, Roger and Zarb, Mark and Daniels, Mats and Isom\"{o}tt\"{o}nen, Ville},
 title = {First Year Computing Students' Perceptions of Authenticity in Assessment},
 booktitle = {Proceedings of the 2017 ACM Conference on Innovation and Technology in Computer Science Education},
 series = {ITiCSE '17},
 year = {2017},
 isbn = {978-1-4503-4704-4},
 location = {Bologna, Italy},
 pages = {10--15},
 numpages = {6},
 url = {http://doi.acm.org/10.1145/3059009.3059062},
 doi = {10.1145/3059009.3059062},
 acmid = {3059062},
 publisher = {ACM},
 address = {New York, NY, USA},
 keywords = {authentic assessment, authentic learning, first year computer science, situated learning},
}

@inproceedings{Hoffman:2014:WSI:2538862.2538916,
 author = {Hoffman, Mark E. and Anderson, Paul V. and Gustafsson, Magnus},
 title = {Workplace Scenarios to Integrate Communication Skills and Content: A Case Study},
 booktitle = {Proceedings of the 45th ACM Technical Symposium on Computer Science Education},
 series = {SIGCSE '14},
 year = {2014},
 isbn = {978-1-4503-2605-6},
 location = {Atlanta, Georgia, USA},
 pages = {349--354},
 numpages = {6},
 url = {http://doi.acm.org/10.1145/2538862.2538916},
 doi = {10.1145/2538862.2538916},
 acmid = {2538916},
 publisher = {ACM},
 address = {New York, NY, USA},
 keywords = {activity systems, communication skills, genre, situated learning, workplace scenario},
}

@inproceedings{Holz:2007:SRS:1227310.1227424,
 author = {Holz, Hilary and Applin, Anne and Joel, William},
 title = {Status Report of the SIGCSE Committee on Teaching Computer Science Research Methods},
 booktitle = {Proceedings of the 38th SIGCSE Technical Symposium on Computer Science Education},
 series = {SIGCSE '07},
 year = {2007},
 isbn = {1-59593-361-1},
 location = {Covington, Kentucky, USA},
 pages = {327--328},
 numpages = {2},
 url = {http://doi.acm.org/10.1145/1227310.1227424},
 doi = {10.1145/1227310.1227424},
 acmid = {1227424},
 publisher = {ACM},
 address = {New York, NY, USA},
 keywords = {constructivism, learning activities, pedagogy, research methods, situated learning},
}

@article{Holz:2007:SRS:1227504.1227424,
 author = {Holz, Hilary and Applin, Anne and Joel, William},
 title = {Status Report of the SIGCSE Committee on Teaching Computer Science Research Methods},
 journal = {SIGCSE Bull.},
 issue_date = {March 2007},
 volume = {39},
 number = {1},
 month = mar,
 year = {2007},
 issn = {0097-8418},
 pages = {327--328},
 numpages = {2},
 url = {http://doi.acm.org/10.1145/1227504.1227424},
 doi = {10.1145/1227504.1227424},
 acmid = {1227424},
 publisher = {ACM},
 address = {New York, NY, USA},
 keywords = {constructivism, learning activities, pedagogy, research methods, situated learning},
}

@article{Holz:2006:RMC:1189136.1189180,
 author = {Holz, Hilary J. and Applin, Anne and Haberman, Bruria and Joyce, Donald and Purchase, Helen and Reed, Catherine},
 title = {Research Methods in Computing: What Are They, and How Should We Teach Them?},
 journal = {SIGCSE Bull.},
 issue_date = {December 2006},
 volume = {38},
 number = {4},
 month = jun,
 year = {2006},
 issn = {0097-8418},
 pages = {96--114},
 numpages = {19},
 url = {http://doi.acm.org/10.1145/1189136.1189180},
 doi = {10.1145/1189136.1189180},
 acmid = {1189180},
 publisher = {ACM},
 address = {New York, NY, USA},
 keywords = {constructivism, learning activities, pedagogy, research methods, situated learning},
}

@inproceedings{Holz:2006:RMC:1189215.1189180,
 author = {Holz, Hilary J. and Applin, Anne and Haberman, Bruria and Joyce, Donald and Purchase, Helen and Reed, Catherine},
 title = {Research Methods in Computing: What Are They, and How Should We Teach Them?},
 booktitle = {Working Group Reports on ITiCSE on Innovation and Technology in Computer Science Education},
 series = {ITiCSE-WGR '06},
 year = {2006},
 isbn = {1-59593-603-3},
 location = {Bologna, Italy},
 pages = {96--114},
 numpages = {19},
 url = {http://doi.acm.org/10.1145/1189215.1189180},
 doi = {10.1145/1189215.1189180},
 acmid = {1189180},
 publisher = {ACM},
 address = {New York, NY, USA},
 keywords = {constructivism, learning activities, pedagogy, research methods, situated learning},
}

@inproceedings{Suzuki:1995:ISC:222020.222828,
 author = {Suzuki, Hideyuki and Kato, Hiroshi},
 title = {Interaction-level Support for Collaborative Learning: AlgoBlock\&Mdash;an Open Programming Language},
 booktitle = {The First International Conference on Computer Support for Collaborative Learning},
 series = {CSCL '95},
 year = {1995},
 isbn = {0-8058-2243-7},
 location = {Indiana Univ., Bloomington, Indiana, USA},
 pages = {349--355},
 numpages = {7},
 url = {https://doi.org/10.3115/222020.222828},
 doi = {10.3115/222020.222828},
 acmid = {222828},
 publisher = {L. Erlbaum Associates Inc.},
 address = {Hillsdale, NJ, USA},
 keywords = {community of learners, open tool, situated learning, software education},
}

@inproceedings{Vogel:2015:TDA:2797433.2797465,
 author = {Vogel, Bahtijar and Kilamo, Terhi and Kurti, Arianit},
 title = {Teaching Distributed Agile Development to Software Professionals: A Flexible Approach},
 booktitle = {Proceedings of the 2015 European Conference on Software Architecture Workshops},
 series = {ECSAW '15},
 year = {2015},
 isbn = {978-1-4503-3393-1},
 location = {Dubrovnik, Cavtat, Croatia},
 pages = {31:1--31:8},
 articleno = {31},
 numpages = {8},
 url = {http://doi.acm.org/10.1145/2797433.2797465},
 doi = {10.1145/2797433.2797465},
 acmid = {2797465},
 publisher = {ACM},
 address = {New York, NY, USA},
 keywords = {Situated learning, distributed agile, flexible approach, software professionals},
}

@inproceedings{Rieger:1997:UMC:1599773.1599800,
 author = {Rieger, Robert and Gay, Geraldine},
 title = {Using Mobile Computing to Enhance Field Study},
 booktitle = {Proceedings of the 2Nd International Conference on Computer Support for Collaborative Learning},
 series = {CSCL '97},
 year = {1997},
 location = {Toronto, Ontario, Canada},
 pages = {218--226},
 numpages = {9},
 url = {http://dl.acm.org/citation.cfm?id=1599773.1599800},
 acmid = {1599800},
 publisher = {International Society of the Learning Sciences},
 keywords = {PDA's, field study, handhelds, mobile computing, probes, situated learning},
}

@inproceedings{Greenwald:2015:EHM:2702613.2732846,
 author = {Greenwald, Scott and Maes, Pattie and Khan, Mina},
 title = {Enabling Human Micro-Presence Through Small-Screen Head-up Display Devices},
 booktitle = {Proceedings of the 33rd Annual ACM Conference Extended Abstracts on Human Factors in Computing Systems},
 series = {CHI EA '15},
 year = {2015},
 isbn = {978-1-4503-3146-3},
 location = {Seoul, Republic of Korea},
 pages = {1157--1162},
 numpages = {6},
 url = {http://doi.acm.org/10.1145/2702613.2732846},
 doi = {10.1145/2702613.2732846},
 acmid = {2732846},
 publisher = {ACM},
 address = {New York, NY, USA},
 keywords = {just-in-time information, micro-presence, remote collaboration, situated learning},
}

@inproceedings{Hundhausen:1998:TEA:286498.286526,
 author = {Hundhausen, Christopher D.},
 title = {Toward Effective Algorithm Visualization Artifacts: Designing for Participation and Negotiation in an Undergraduate Algorithms Course},
 booktitle = {CHI 98 Conference Summary on Human Factors in Computing Systems},
 series = {CHI '98},
 year = {1998},
 isbn = {1-58113-028-7},
 location = {Los Angeles, California, USA},
 pages = {54--55},
 numpages = {2},
 url = {http://doi.acm.org/10.1145/286498.286526},
 doi = {10.1145/286498.286526},
 acmid = {286526},
 publisher = {ACM},
 address = {New York, NY, USA},
 keywords = {algorithm visualization, situated action theory, situated learning theory},
}

@inproceedings{Harrington:2006:SLR:1179295.1179344,
 author = {Harrington, Maria C. R.},
 title = {Situational Learning in Real and Virtual Space: Lessons Learned and Future Directions},
 booktitle = {ACM SIGGRAPH 2006 Educators Program},
 series = {SIGGRAPH '06},
 year = {2006},
 isbn = {1-59593-364-6},
 location = {Boston, Massachusetts},
 articleno = {48},
 url = {http://doi.acm.org/10.1145/1179295.1179344},
 doi = {10.1145/1179295.1179344},
 acmid = {1179344},
 publisher = {ACM},
 address = {New York, NY, USA},
 keywords = {HCI, science education and creativity, simulated virtual ecologies and virtual reality},
}

@inproceedings{Turner:2012:DPM:2157136.2157387,
 author = {Turner, Scott Alexander},
 title = {Designing with Projects in Mind: An Approach for Creating Authentic (and Manageable) Programming Projects (Abstract Only)},
 booktitle = {Proceedings of the 43rd ACM Technical Symposium on Computer Science Education},
 series = {SIGCSE '12},
 year = {2012},
 isbn = {978-1-4503-1098-7},
 location = {Raleigh, North Carolina, USA},
 pages = {670--670},
 numpages = {1},
 url = {http://doi.acm.org/10.1145/2157136.2157387},
 doi = {10.1145/2157136.2157387},
 acmid = {2157387},
 publisher = {ACM},
 address = {New York, NY, USA},
 keywords = {computer science education, problem-based learning (PBL), real-world problem, situated learning},
}

@inproceedings{Weinman:2015:TCS:2676723.2677231,
 author = {Weinman, Jerod and Jensen, David and Lopatto, David},
 title = {Teaching Computing As Science in a Research Experience},
 booktitle = {Proceedings of the 46th ACM Technical Symposium on Computer Science Education},
 series = {SIGCSE '15},
 year = {2015},
 isbn = {978-1-4503-2966-8},
 location = {Kansas City, Missouri, USA},
 pages = {24--29},
 numpages = {6},
 url = {http://doi.acm.org/10.1145/2676723.2677231},
 doi = {10.1145/2676723.2677231},
 acmid = {2677231},
 publisher = {ACM},
 address = {New York, NY, USA},
 keywords = {ergalics, research methods, situated learning, survey of undergraduate research experiences (sure), undergraduate research},
}

@article{Roschelle:1992:CTP:130893.130904,
 author = {Roschelle, Jeremy},
 title = {What Should Collaborative Technology Be?: A Perspective from Dewey and Situated Learning},
 journal = {SIGCUE Outlook},
 issue_date = {Spring 1992},
 volume = {21},
 number = {3},
 month = feb,
 year = {1992},
 issn = {0163-5735},
 pages = {39--42},
 numpages = {4},
 url = {http://doi.acm.org/10.1145/130893.130904},
 doi = {10.1145/130893.130904},
 acmid = {130904},
 publisher = {ACM},
 address = {New York, NY, USA},
}

@inproceedings{Weidler-Lewis:2017:DDS:3017680.3017776,
 author = {Weidler-Lewis, Joanna and DuBow, Wendy and Kaminsky, Alexis},
 title = {Defining a Discipline or Shaping a Community: Constraints on Broadening Participation in Computing},
 booktitle = {Proceedings of the 2017 ACM SIGCSE Technical Symposium on Computer Science Education},
 series = {SIGCSE '17},
 year = {2017},
 isbn = {978-1-4503-4698-6},
 location = {Seattle, Washington, USA},
 pages = {627--632},
 numpages = {6},
 url = {http://doi.acm.org/10.1145/3017680.3017776},
 doi = {10.1145/3017680.3017776},
 acmid = {3017776},
 publisher = {ACM},
 address = {New York, NY, USA},
 keywords = {broadening participation in computing, communities of practice, gender, history of computing, persistence in computing, situated learning},
}

@inproceedings{Kato:1995:UGS:222020.222171,
 author = {Kato, Hiroshi and Ide, Akiko},
 title = {Using a Game for Social Setting in a Learning Environment: AlgoArena\&Mdash;a Tool for Learning Software Design},
 booktitle = {The First International Conference on Computer Support for Collaborative Learning},
 series = {CSCL '95},
 year = {1995},
 isbn = {0-8058-2243-7},
 location = {Indiana Univ., Bloomington, Indiana, USA},
 pages = {195--199},
 numpages = {5},
 url = {https://doi.org/10.3115/222020.222171},
 doi = {10.3115/222020.222171},
 acmid = {222171},
 publisher = {L. Erlbaum Associates Inc.},
 address = {Hillsdale, NJ, USA},
 keywords = {collaborative learning, computer literacy, logo, programming language, simulation game, situated learning, software education},
}

@article{Gasson:2018:SEL:3290768.3290774,
 author = {Gasson, Susan and Waters, James},
 title = {Simulating Experiential Learning in Professional Online Courses},
 journal = {SIGMIS Database},
 issue_date = {November 2018},
 volume = {49},
 number = {4},
 month = nov,
 year = {2018},
 issn = {0095-0033},
 pages = {46--77},
 numpages = {32},
 url = {http://doi.acm.org/10.1145/3290768.3290774},
 doi = {10.1145/3290768.3290774},
 acmid = {3290774},
 publisher = {ACM},
 address = {New York, NY, USA},
 keywords = {collective framing and problematization, community learning, peer learning, professional online education, situated learning},
}

@inproceedings{Fernandez-Vara:2008:GSP:1496984.1496990,
 author = {Fern\'{a}ndez-Vara, Clara and Tan, Philip},
 title = {The Game Studies Practicum: Applying Situated Learning to Teach Professional Practices},
 booktitle = {Proceedings of the 2008 Conference on Future Play: Research, Play, Share},
 series = {Future Play '08},
 year = {2008},
 isbn = {978-1-60558-218-4},
 location = {Toronto, Ontario, Canada},
 pages = {25--32},
 numpages = {8},
 url = {http://doi.acm.org/10.1145/1496984.1496990},
 doi = {10.1145/1496984.1496990},
 acmid = {1496990},
 publisher = {ACM},
 address = {New York, NY, USA},
 keywords = {Scrum, cognitive apprenticeship, curriculum, education, game studies, learning, legitimate peripheral participation, practicum, situated learning, teaching, videogames},
}

@inproceedings{Baker:2015:LWW:2788412.2788417,
 author = {Baker, Michael J.},
 title = {Learning in Work, Work in Learning: Relations Between Constructive Ergonomics and the Learning Sciences},
 booktitle = {Proceedings of the European Conference on Cognitive Ergonomics 2015},
 series = {ECCE '15},
 year = {2007},
 isbn = {978-1-4503-3612-3},
 location = {Warsaw, Poland},
 pages = {5:1--5:5},
 articleno = {5},
 numpages = {5},
 url = {http://doi.acm.org/10.1145/2788412.2788417},
 doi = {10.1145/2788412.2788417},
 acmid = {2788417},
 publisher = {ACM},
 address = {New York, NY, USA},
 keywords = {Constructive Ergonomics, Design-Based Research, Learning Sciences, developmental theory, situated learning},
}

@inproceedings{Paredes:2012:MLP:2330601.2330617,
 author = {Paredes, Walter Christian and Chung, Kon Shing Kenneth},
 title = {Modelling Learning \&\#38; Performance: A Social Networks Perspective},
 booktitle = {Proceedings of the 2Nd International Conference on Learning Analytics and Knowledge},
 series = {LAK '12},
 year = {2012},
 isbn = {978-1-4503-1111-3},
 location = {Vancouver, British Columbia, Canada},
 pages = {34--42},
 numpages = {9},
 url = {http://doi.acm.org/10.1145/2330601.2330617},
 doi = {10.1145/2330601.2330617},
 acmid = {2330617},
 publisher = {ACM},
 address = {New York, NY, USA},
 keywords = {computer mediated communication, connectivism, learning, learning analytics, performance, situated learning, social learning, social networks},
}

@inproceedings{Radlinski:1992:GML:142750.142829,
 author = {Radlinski, Rob and McKendree, Jean},
 title = {Grace Meets the \&Ldquo;Real World\&Rdquo;: Tutoring COBOL As a Second Language},
 booktitle = {Proceedings of the SIGCHI Conference on Human Factors in Computing Systems},
 series = {CHI '92},
 year = {1992},
 isbn = {0-89791-513-5},
 location = {Monterey, California, USA},
 pages = {343--350},
 numpages = {8},
 url = {http://doi.acm.org/10.1145/142750.142829},
 doi = {10.1145/142750.142829},
 acmid = {142829},
 publisher = {ACM},
 address = {New York, NY, USA},
 keywords = {expert/novice differences, intelligent tutoring systems, situated learning, skill acquisition, task analysis, user-centered design},
}

@inproceedings{Clarke:2007:MPM:1599600.1599627,
 author = {Clarke, Jody and Dede, Chris},
 title = {MUVEs As a Powerful Means to Study Situated Learning},
 booktitle = {Proceedings of the 8th Iternational Conference on Computer Supported Collaborative Learning},
 series = {CSCL'07},
 year = {2007},
 isbn = {978-0-6151-5436-7},
 location = {New Brunswick, New Jersey, USA},
 pages = {144--147},
 numpages = {4},
 url = {http://dl.acm.org/citation.cfm?id=1599600.1599627},
 acmid = {1599627},
 publisher = {International Society of the Learning Sciences},
}

@inproceedings{Barfurth:1995:UCL:222020.222042,
 author = {Barfurth, Marion A.},
 title = {Understanding the Collaborative Learning Process in a Technology Rich Environment: The Case of Children's Disagreements},
 booktitle = {The First International Conference on Computer Support for Collaborative Learning},
 series = {CSCL '95},
 year = {1995},
 isbn = {0-8058-2243-7},
 location = {Indiana Univ., Bloomington, Indiana, USA},
 pages = {8--13},
 numpages = {6},
 url = {https://doi.org/10.3115/222020.222042},
 doi = {10.3115/222020.222042},
 acmid = {222042},
 publisher = {L. Erlbaum Associates Inc.},
 address = {Hillsdale, NJ, USA},
 keywords = {LEGO/Logo, classroom-based research, collaborative learning, conceptual change, disagreement, elementary school, learning process, mechanical advantage, science education, situated learning},
}

@article{Shin:2000:PTA:353519.343241,
 author = {Shin, Soo-Bum and Yoo, In-Hwan and Lee, Chul-Hyun and Lee, Tae-Wuk},
 title = {Plan of Teaching \&Amp; Learning for Database Software Through Situated Learning (Poster Session)},
 journal = {SIGCSE Bull.},
 issue_date = {Sept. 2000},
 volume = {32},
 number = {3},
 month = jul,
 year = {2000},
 issn = {0097-8418},
 pages = {193--194},
 numpages = {2},
 url = {http://doi.acm.org/10.1145/353519.343241},
 doi = {10.1145/353519.343241},
 acmid = {343241},
 publisher = {ACM},
 address = {New York, NY, USA},
}

@inproceedings{Shin:2000:PTA:343048.343241,
 author = {Shin, Soo-Bum and Yoo, In-Hwan and Lee, Chul-Hyun and Lee, Tae-Wuk},
 title = {Plan of Teaching \&Amp; Learning for Database Software Through Situated Learning (Poster Session)},
 booktitle = {Proceedings of the 5th Annual SIGCSE/SIGCUE ITiCSEconference on Innovation and Technology in Computer Science Education},
 series = {ITiCSE '00},
 year = {2000},
 isbn = {1-58113-207-7},
 location = {Helsinki, Finland},
 pages = {193--194},
 numpages = {2},
 url = {http://doi.acm.org/10.1145/343048.343241},
 doi = {10.1145/343048.343241},
 acmid = {343241},
 publisher = {ACM},
 address = {New York, NY, USA},
}

@inproceedings{DeWitt:2006:CIF:1231047.1231054,
 author = {DeWitt, Janine and Cicalese, Cynthia},
 title = {Contextual Integration: A Framework for Presenting Social, Legal, and Ethical Content Across the Computer Security and Information Assurance Curriculum},
 booktitle = {Proceedings of the 3rd Annual Conference on Information Security Curriculum Development},
 series = {InfoSecCD '06},
 year = {2006},
 isbn = {1-59593-437-5},
 location = {Kennesaw, Georgia},
 pages = {30--40},
 numpages = {11},
 url = {http://doi.acm.org/10.1145/1231047.1231054},
 doi = {10.1145/1231047.1231054},
 acmid = {1231054},
 publisher = {ACM},
 address = {New York, NY, USA},
 keywords = {active learning, authentic learning, case studies, cognitive apprenticeship, computer security, curriculum, education, ethical reasoning, ethics, information assurance, integrative learning, situated learning, social context},
}

@inproceedings{Opel:2013:ACT:2532748.2532749,
 author = {Opel, Simone and Brinda, Torsten},
 title = {Arguments for Contextual Teaching with Learning Fields in Vocational IT Schools: Results of an Interview Study Among IT and CS Training Companies},
 booktitle = {Proceedings of the 8th Workshop in Primary and Secondary Computing Education},
 series = {WiPSE '13},
 year = {2013},
 isbn = {978-1-4503-2455-7},
 location = {Aarhus, Denmark},
 pages = {122--131},
 numpages = {10},
 url = {http://doi.acm.org/10.1145/2532748.2532749},
 doi = {10.1145/2532748.2532749},
 acmid = {2532749},
 publisher = {ACM},
 address = {New York, NY, USA},
 keywords = {CS company training, IT company training, computer science education, empirical study, interview study, learning fields, learning situations, learning venue cooperation, vocational IT education},
}

@inproceedings{Fischer:1995:DCL:222020.222117,
 author = {Fischer, Gerhard},
 title = {Distributed Cognition, Learning Webs, and Domain-oriented Design Environments},
 booktitle = {The First International Conference on Computer Support for Collaborative Learning},
 series = {CSCL '95},
 year = {1995},
 isbn = {0-8058-2243-7},
 location = {Indiana Univ., Bloomington, Indiana, USA},
 pages = {125--129},
 numpages = {5},
 url = {https://doi.org/10.3115/222020.222117},
 doi = {10.3115/222020.222117},
 acmid = {222117},
 publisher = {L. Erlbaum Associates Inc.},
 address = {Hillsdale, NJ, USA},
 keywords = {distributed cognition, domain-oriented design environments, environments for open-ended and termless learning, learning on demand, learning webs, life-long learning, situated learning in the workplace, theories of collaboration and learning},
}

@article{Butcher-Powell:2003:WDI:771712.771742,
 author = {Butcher-Powell, Loreen Marie and Brazon, Barbara},
 title = {Workshop: Developing Interactive Competence: Student Centered Discussion},
 journal = {J. Comput. Sci. Coll.},
 issue_date = {February 2003},
 volume = {18},
 number = {3},
 month = feb,
 year = {2003},
 issn = {1937-4771},
 pages = {235--240},
 numpages = {6},
 url = {http://dl.acm.org/citation.cfm?id=771712.771742},
 acmid = {771742},
 publisher = {Consortium for Computing Sciences in Colleges},
 address = {USA},
}

@inproceedings{Nagata:2014:MAR:2669711.2669966,
 author = {Nagata, Jorge Joo and Giner, Jos{\'e} Rafael Garc\'{\i}a-Bermejo},
 title = {Model of Augmented Reality and Pedestrian Navigation About the Territorial Heritage: Design, Implementation and Evaluation},
 booktitle = {Proceedings of the Second International Conference on Technological Ecosystems for Enhancing Multiculturality},
 series = {TEEM '14},
 year = {2014},
 isbn = {978-1-4503-2896-8},
 location = {Salamanca, Spain},
 pages = {633--637},
 numpages = {5},
 url = {http://doi.acm.org/10.1145/2669711.2669966},
 doi = {10.1145/2669711.2669966},
 acmid = {2669966},
 publisher = {ACM},
 address = {New York, NY, USA},
 keywords = {augmented reality, mobile learning, mobile pedestrian navigation, territorial heritage},
}

@inproceedings{Peters:2014:IDC:2670757.2670787,
 author = {Peters, Anne-Kathrin and Rick, Detlef},
 title = {Identity Development in Computing Education: Theoretical Perspectives and an Implementation in the Classroom},
 booktitle = {Proceedings of the 9th Workshop in Primary and Secondary Computing Education},
 series = {WiPSCE '14},
 year = {2014},
 isbn = {978-1-4503-3250-7},
 location = {Berlin, Germany},
 pages = {70--79},
 numpages = {10},
 url = {http://doi.acm.org/10.1145/2670757.2670787},
 doi = {10.1145/2670757.2670787},
 acmid = {2670787},
 publisher = {ACM},
 address = {New York, NY, USA},
 keywords = {identification, identity development, psychosocial and sociocultural aspects, real-world context},
}

@article{Dahlberg:2008:IRG:1352322.1352293,
 author = {Dahlberg, Teresa and Barnes, Tiffany and Rorrer, Audrey and Powell, Eve and Cairco, Lauren},
 title = {Improving Retention and Graduate Recruitment Through Immersive Research Experiences for Undergraduates},
 journal = {SIGCSE Bull.},
 issue_date = {March 2008},
 volume = {40},
 number = {1},
 month = mar,
 year = {2008},
 issn = {0097-8418},
 pages = {466--470},
 numpages = {5},
 url = {http://doi.acm.org/10.1145/1352322.1352293},
 doi = {10.1145/1352322.1352293},
 acmid = {1352293},
 publisher = {ACM},
 address = {New York, NY, USA},
 keywords = {education, undergraduate research},
}

@inproceedings{Dahlberg:2008:IRG:1352135.1352293,
 author = {Dahlberg, Teresa and Barnes, Tiffany and Rorrer, Audrey and Powell, Eve and Cairco, Lauren},
 title = {Improving Retention and Graduate Recruitment Through Immersive Research Experiences for Undergraduates},
 booktitle = {Proceedings of the 39th SIGCSE Technical Symposium on Computer Science Education},
 series = {SIGCSE '08},
 year = {2008},
 isbn = {978-1-59593-799-5},
 location = {Portland, OR, USA},
 pages = {466--470},
 numpages = {5},
 url = {http://doi.acm.org/10.1145/1352135.1352293},
 doi = {10.1145/1352135.1352293},
 acmid = {1352293},
 publisher = {ACM},
 address = {New York, NY, USA},
 keywords = {education, undergraduate research},
}

@inproceedings{Ahmadi:2011:TDC:1984674.1984691,
 author = {Ahmadi, Navid and Jazayeri, Mehdi and Repenning, Alexander},
 title = {Towards Democratizing Computer Science Education Through Social Game Design},
 booktitle = {Proceedings of the 1st International Workshop on Games and Software Engineering},
 series = {GAS '11},
 year = {2011},
 isbn = {978-1-4503-0578-5},
 location = {Waikiki, Honolulu, HI, USA},
 pages = {48--51},
 numpages = {4},
 url = {http://doi.acm.org/10.1145/1984674.1984691},
 doi = {10.1145/1984674.1984691},
 acmid = {1984691},
 publisher = {ACM},
 address = {New York, NY, USA},
 keywords = {communities of practice, educational game design, peer learning, social interfaces, social learning, web 2.0},
}

@article{Boufaida:1996:CDC:242649.242652,
 author = {Boufaida, Mahmoud},
 title = {What Courseware Dedicated to Computer Science?},
 journal = {SIGCSE Bull.},
 issue_date = {Dec. 1996},
 volume = {28},
 number = {4},
 month = dec,
 year = {1996},
 issn = {0097-8418},
 pages = {8--14},
 numpages = {7},
 url = {http://doi.acm.org/10.1145/242649.242652},
 doi = {10.1145/242649.242652},
 acmid = {242652},
 publisher = {ACM},
 address = {New York, NY, USA},
}

@article{Li:2008:TSD:1323651.1323656,
 author = {Li, Qing and Lau, Rynson W. H. and Shih, Timothy K. and Li, Frederick W. B.},
 title = {Technology Supports for Distributed and Collaborative Learning over the Internet},
 journal = {ACM Trans. Internet Technol.},
 issue_date = {February 2008},
 volume = {8},
 number = {2},
 month = feb,
 year = {2008},
 issn = {1533-5399},
 pages = {5:1--5:24},
 articleno = {5},
 numpages = {24},
 url = {http://doi.acm.org/10.1145/1323651.1323656},
 doi = {10.1145/1323651.1323656},
 acmid = {1323656},
 publisher = {ACM},
 address = {New York, NY, USA},
 keywords = {Distance learning technologies, collaborative learning, distributed content management, distributed learning},
}

@inproceedings{Parker:2016:SPS:2839509.2850544,
 author = {Parker, Rick},
 title = {Student Perceptions of Success in Computer Science Senior Capstone Projects (Abstract Only)},
 booktitle = {Proceedings of the 47th ACM Technical Symposium on Computing Science Education},
 series = {SIGCSE '16},
 year = {2016},
 isbn = {978-1-4503-3685-7},
 location = {Memphis, Tennessee, USA},
 pages = {689--689},
 numpages = {1},
 url = {http://doi.acm.org/10.1145/2839509.2850544},
 doi = {10.1145/2839509.2850544},
 acmid = {2850544},
 publisher = {ACM},
 address = {New York, NY, USA},
 keywords = {capstone, computer science education, student perceptions},
}

@inproceedings{Guzdial:2006:IIL:1151588.1151597,
 author = {Guzdial, Mark and Tew, Allison Elliott},
 title = {Imagineering Inauthentic Legitimate Peripheral Participation: An Instructional Design Approach for Motivating Computing Education},
 booktitle = {Proceedings of the Second International Workshop on Computing Education Research},
 series = {ICER '06},
 year = {2006},
 isbn = {1-59593-494-4},
 location = {Canterbury, United Kingdom},
 pages = {51--58},
 numpages = {8},
 url = {http://doi.acm.org/10.1145/1151588.1151597},
 doi = {10.1145/1151588.1151597},
 acmid = {1151597},
 publisher = {ACM},
 address = {New York, NY, USA},
 keywords = {CS1/2, course design, non-majors, programming},
}

@inproceedings{Wimuttipanya:2019:MEI:3323771.3323815,
 author = {Wimuttipanya, Jittawisut},
 title = {Monitoring and Evaluation of Internship 1 with PDCA Quality Cycle and Coaching Process on Smartphone},
 booktitle = {Proceedings of the 2019 7th International Conference on Information and Education Technology},
 series = {ICIET 2019},
 year = {2019},
 isbn = {978-1-4503-6639-7},
 location = {Aizu-Wakamatsu, Japan},
 pages = {316--319},
 numpages = {4},
 url = {http://doi.acm.org/10.1145/3323771.3323815},
 doi = {10.1145/3323771.3323815},
 acmid = {3323815},
 publisher = {ACM},
 address = {New York, NY, USA},
 keywords = {Evaluation, Internship 1, Monitoring, PDCA, Smartphone},
}

@inproceedings{Heckman:2018:DSE:3159450.3159595,
 author = {Heckman, Sarah and King, Jason},
 title = {Developing Software Engineering Skills Using Real Tools for Automated Grading},
 booktitle = {Proceedings of the 49th ACM Technical Symposium on Computer Science Education},
 series = {SIGCSE '18},
 year = {2018},
 isbn = {978-1-4503-5103-4},
 location = {Baltimore, Maryland, USA},
 pages = {794--799},
 numpages = {6},
 url = {http://doi.acm.org/10.1145/3159450.3159595},
 doi = {10.1145/3159450.3159595},
 acmid = {3159595},
 publisher = {ACM},
 address = {New York, NY, USA},
 keywords = {automated grading, continuous integration, software engineering best practice, version control},
}

@inproceedings{Brennan:2009:SOC:1599503.1599529,
 author = {Brennan, Karen},
 title = {Scratch-Ed: An Online Community for Scratch Educators},
 booktitle = {Proceedings of the 9th International Conference on Computer Supported Collaborative Learning - Volume 2},
 series = {CSCL'09},
 year = {2009},
 isbn = {978-1-4092-8598-4},
 location = {Rhodes, Greece},
 pages = {76--78},
 numpages = {3},
 url = {http://dl.acm.org/citation.cfm?id=1599503.1599529},
 acmid = {1599529},
 publisher = {International Society of the Learning Sciences},
}

@inproceedings{Peppler:2007:CCC:1599600.1599711,
 author = {Peppler, Kylie A. and Kafai, Yasmin B.},
 title = {Collaboration, Computation, and Creativity: Media Arts Practices in Urban Youth Culture},
 booktitle = {Proceedings of the 8th Iternational Conference on Computer Supported Collaborative Learning},
 series = {CSCL'07},
 year = {2007},
 isbn = {978-0-6151-5436-7},
 location = {New Brunswick, New Jersey, USA},
 pages = {590--592},
 numpages = {3},
 url = {http://dl.acm.org/citation.cfm?id=1599600.1599711},
 acmid = {1599711},
 publisher = {International Society of the Learning Sciences},
}

@inproceedings{Peppler:2008:DDC:1599871.1599896,
 author = {Peppler, Kylie A. and Kafai, Yasmin B.},
 title = {Developing a Design Culture in a Computer Clubhouse: The Role of Local Practices and Mediators},
 booktitle = {Proceedings of the 8th International Conference on International Conference for the Learning Sciences - Volume 2},
 series = {ICLS'08},
 year = {2008},
 location = {Utrecht, The Netherlands},
 pages = {196--203},
 numpages = {8},
 url = {http://dl.acm.org/citation.cfm?id=1599871.1599896},
 acmid = {1599896},
 publisher = {International Society of the Learning Sciences},
}

@inproceedings{Kim:2007:SVC:1599600.1599670,
 author = {Kim, Kibum and Tatar, Deborah and Harrison, Steve},
 title = {Sharing Visual Context to Facilitate Late Overhearer's Understanding of the Handheld-based Learning Activity},
 booktitle = {Proceedings of the 8th Iternational Conference on Computer Supported Collaborative Learning},
 series = {CSCL'07},
 year = {2007},
 isbn = {978-0-6151-5436-7},
 location = {New Brunswick, New Jersey, USA},
 pages = {367--369},
 numpages = {3},
 url = {http://dl.acm.org/citation.cfm?id=1599600.1599670},
 acmid = {1599670},
 publisher = {International Society of the Learning Sciences},
}

@inproceedings{Gibson:2018:PML:3170358.3170384,
 author = {Gibson, Andrew and Lang, Charles},
 title = {The Pragmatic Maxim As Learning Analytics Research Method},
 booktitle = {Proceedings of the 8th International Conference on Learning Analytics and Knowledge},
 series = {LAK '18},
 year = {2018},
 isbn = {978-1-4503-6400-3},
 location = {Sydney, New South Wales, Australia},
 pages = {461--465},
 numpages = {5},
 url = {http://doi.acm.org/10.1145/3170358.3170384},
 doi = {10.1145/3170358.3170384},
 acmid = {3170384},
 publisher = {ACM},
 address = {New York, NY, USA},
 keywords = {inquiry, learning analytics, pragmatism, research methods},
}

@inproceedings{Iqbal:2010:SLI:1967486.1967545,
 author = {Iqbal, Tassawar and Hammerm\"{u}ller, Klaus and Tjoa, A. Min},
 title = {Second Life for Illiterates: A 3D Virtual World Platform for Adult Basic Education},
 booktitle = {Proceedings of the 12th International Conference on Information Integration and Web-based Applications \&\#38; Services},
 series = {iiWAS '10},
 year = {2010},
 isbn = {978-1-4503-0421-4},
 location = {Paris, France},
 pages = {373--380},
 numpages = {8},
 url = {http://doi.acm.org/10.1145/1967486.1967545},
 doi = {10.1145/1967486.1967545},
 acmid = {1967545},
 publisher = {ACM},
 address = {New York, NY, USA},
 keywords = {3D virtual world (VW), adaptive interfaces, adult basic education (ABE), second life (SL), techno-literacy},
}

@inproceedings{Orth:2008:SML:1599871.1599890,
 author = {Orth, Cordula and Bastiaens, Theo J.},
 title = {Situated Multimedia Learning for Older Adults: Exploring the Benefits of Age-specific Instructional Design},
 booktitle = {Proceedings of the 8th International Conference on International Conference for the Learning Sciences - Volume 2},
 series = {ICLS'08},
 year = {2008},
 location = {Utrecht, The Netherlands},
 pages = {148--155},
 numpages = {8},
 url = {http://dl.acm.org/citation.cfm?id=1599871.1599890},
 acmid = {1599890},
 publisher = {International Society of the Learning Sciences},
}

@inproceedings{Saxberg:2017:LEA:3051457.3054019,
 author = {Saxberg, Bror},
 title = {Learning Engineering: The Art of Applying Learning Science at Scale},
 booktitle = {Proceedings of the Fourth (2017) ACM Conference on Learning @ Scale},
 series = {L@S '17},
 year = {2017},
 isbn = {978-1-4503-4450-0},
 location = {Cambridge, Massachusetts, USA},
 pages = {1--1},
 numpages = {1},
 url = {http://doi.acm.org/10.1145/3051457.3054019},
 doi = {10.1145/3051457.3054019},
 acmid = {3054019},
 publisher = {ACM},
 address = {New York, NY, USA},
 keywords = {applied cognitive science, e-learning, education technology, evidence-based instructional design, learning engineering},
}

