@inproceedings{Brooks:2015:LFE:2724660.2728667,
 author = {Brooks, Christopher and Stalburg, Caren and Dillahunt, Tawanna and Robert, Lionel},
 title = {Learn With Friends: The Effects of Student Face-to-Face Collaborations on Massive Open Online Course Activities},
 booktitle = {Proceedings of the Second (2015) ACM Conference on Learning @ Scale},
 series = {L@S '15},
 year = {2015},
 isbn = {978-1-4503-3411-2},
 location = {Vancouver, BC, Canada},
 pages = {241--244},
 numpages = {4},
 url = {http://doi.acm.org/10.1145/2724660.2728667},
 doi = {10.1145/2724660.2728667},
 acmid = {2728667},
 publisher = {ACM},
 address = {New York, NY, USA},
 keywords = {blended learning, collaboration, mooc, social learning, student success},
}

@inproceedings{Zhu:2016:LEP:2883851.2883934,
 author = {Zhu, Mengxiao and Bergner, Yoav and Zhang, Yan and Baker, Ryan and Wang, Yuan and Paquette, Luc},
 title = {Longitudinal Engagement, Performance, and Social Connectivity: A MOOC Case Study Using Exponential Random Graph Models},
 booktitle = {Proceedings of the Sixth International Conference on Learning Analytics \& Knowledge},
 series = {LAK '16},
 year = {2016},
 isbn = {978-1-4503-4190-5},
 location = {Edinburgh, United Kingdom},
 pages = {223--230},
 numpages = {8},
 url = {http://doi.acm.org/10.1145/2883851.2883934},
 doi = {10.1145/2883851.2883934},
 acmid = {2883934},
 publisher = {ACM},
 address = {New York, NY, USA},
 keywords = {ERGM, MOOC, exponential random graph model, forum participation, learning, network analysis},
}

@article{deAguilera:2003:VGE:950566.950583,
 author = {de Aguilera, Miguel and Mendiz, Alfonso},
 title = {Video Games and Education: (Education in the Face of a ``Parallel School'')},
 journal = {Comput. Entertain.},
 issue_date = {October 2003},
 volume = {1},
 number = {1},
 month = oct,
 year = {2003},
 issn = {1544-3574},
 pages = {1:1--1:10},
 articleno = {1},
 numpages = {10},
 url = {http://doi.acm.org/10.1145/950566.950583},
 doi = {10.1145/950566.950583},
 acmid = {950583},
 publisher = {ACM},
 address = {New York, NY, USA},
 keywords = {bibliography, critical review, education, education reform, media effects, video games},
}

@article{Carter:1999:GPW:384267.305824,
 author = {Carter, Janet and Jenkins, Tony},
 title = {Gender and Programming: What's Going on?},
 journal = {SIGCSE Bull.},
 issue_date = {Sept. 1999},
 volume = {31},
 number = {3},
 month = jun,
 year = {1999},
 issn = {0097-8418},
 pages = {1--4},
 numpages = {4},
 url = {http://doi.acm.org/10.1145/384267.305824},
 doi = {10.1145/384267.305824},
 acmid = {305824},
 publisher = {ACM},
 address = {New York, NY, USA},
 keywords = {gender, programming},
}

@inproceedings{Carter:1999:GPW:305786.305824,
 author = {Carter, Janet and Jenkins, Tony},
 title = {Gender and Programming: What's Going on?},
 booktitle = {Proceedings of the 4th Annual SIGCSE/SIGCUE ITiCSE Conference on Innovation and Technology in Computer Science Education},
 series = {ITiCSE '99},
 year = {1999},
 isbn = {1-58113-087-2},
 location = {Cracow, Poland},
 pages = {1--4},
 numpages = {4},
 url = {http://doi.acm.org/10.1145/305786.305824},
 doi = {10.1145/305786.305824},
 acmid = {305824},
 publisher = {ACM},
 address = {New York, NY, USA},
 keywords = {gender, programming},
}

@inproceedings{Khan:2012:REP:2330601.2330655,
 author = {Khan, Tariq M. and Clear, Fintan and Sajadi, Samira Sadat},
 title = {The Relationship Between Educational Performance and Online Access Routines: Analysis of Students' Access to an Online Discussion Forum},
 booktitle = {Proceedings of the 2Nd International Conference on Learning Analytics and Knowledge},
 series = {LAK '12},
 year = {2012},
 isbn = {978-1-4503-1111-3},
 location = {Vancouver, British Columbia, Canada},
 pages = {226--229},
 numpages = {4},
 url = {http://doi.acm.org/10.1145/2330601.2330655},
 doi = {10.1145/2330601.2330655},
 acmid = {2330655},
 publisher = {ACM},
 address = {New York, NY, USA},
 keywords = {learning analytics, online discussion, participation patterns},
}

@article{Pears:2005:CCL:1113847.1113893,
 author = {Pears, Arnold and Seidman, Stephen and Eney, Crystal and Kinnunen, P\"{a}ivi and Malmi, Lauri},
 title = {Constructing a Core Literature for Computing Education Research},
 journal = {SIGCSE Bull.},
 issue_date = {December 2005},
 volume = {37},
 number = {4},
 month = dec,
 year = {2005},
 issn = {0097-8418},
 pages = {152--161},
 numpages = {10},
 url = {http://doi.acm.org/10.1145/1113847.1113893},
 doi = {10.1145/1113847.1113893},
 acmid = {1113893},
 publisher = {ACM},
 address = {New York, NY, USA},
 keywords = {classification criteria, computing education research, core literature, evaluation methodology},
}

@inproceedings{Edwards:2009:DCP:1621995.1622031,
 author = {Edwards, Richard L.},
 title = {Design Charrettes As Pedagogical Method in a Multimedia Design Course},
 booktitle = {Proceedings of the 27th ACM International Conference on Design of Communication},
 series = {SIGDOC '09},
 year = {2009},
 isbn = {978-1-60558-559-8},
 location = {Bloomington, Indiana, USA},
 pages = {181--186},
 numpages = {6},
 url = {http://doi.acm.org/10.1145/1621995.1622031},
 doi = {10.1145/1621995.1622031},
 acmid = {1622031},
 publisher = {ACM},
 address = {New York, NY, USA},
 keywords = {charrette, collaboration, creativity, design, design research, learning},
}

@inproceedings{Olivares:2017:SLA:3027385.3029472,
 author = {Olivares, Daniel M. and Hundhausen, Christopher D.},
 title = {Supporting Learning Analytics in Computing Education},
 booktitle = {Proceedings of the Seventh International Learning Analytics \&\#38; Knowledge Conference},
 series = {LAK '17},
 year = {2017},
 isbn = {978-1-4503-4870-6},
 location = {Vancouver, British Columbia, Canada},
 pages = {584--585},
 numpages = {2},
 url = {http://doi.acm.org/10.1145/3027385.3029472},
 doi = {10.1145/3027385.3029472},
 acmid = {3029472},
 publisher = {ACM},
 address = {New York, NY, USA},
 keywords = {OSBLE, computing education research, data collection, learning analytics, learning management system, social learning, visualizations},
}

@inproceedings{Lee:2015:CEO:2787622.2787709,
 author = {Lee, Michael J. and Ko, Andrew J.},
 title = {Comparing the Effectiveness of Online Learning Approaches on CS1 Learning Outcomes},
 booktitle = {Proceedings of the Eleventh Annual International Conference on International Computing Education Research},
 series = {ICER '15},
 year = {2015},
 isbn = {978-1-4503-3630-7},
 location = {Omaha, Nebraska, USA},
 pages = {237--246},
 numpages = {10},
 url = {http://doi.acm.org/10.1145/2787622.2787709},
 doi = {10.1145/2787622.2787709},
 acmid = {2787709},
 publisher = {ACM},
 address = {New York, NY, USA},
 keywords = {codecademy, computing education, debugging, educational game, gidget, learning outcomes, programming},
}

@inproceedings{Wu:2018:DRM:3178158.3178178,
 author = {Wu, Chun-Ping and Tu, Jie and Wu, Shu-ling},
 title = {Design a Reflective Mechanism to Engage Students in Student-constructed Test Activity},
 booktitle = {Proceedings of the 6th International Conference on Information and Education Technology},
 series = {ICIET '18},
 year = {2018},
 isbn = {978-1-4503-5359-5},
 location = {Osaka, Japan},
 pages = {106--110},
 numpages = {5},
 url = {http://doi.acm.org/10.1145/3178158.3178178},
 doi = {10.1145/3178158.3178178},
 acmid = {3178178},
 publisher = {ACM},
 address = {New York, NY, USA},
 keywords = {board game, game-based learning, student-constructed test},
}

@inproceedings{East:2006:MTT:1151588.1151596,
 author = {East, J. Philip},
 title = {On Models of and for Teaching: Toward Theory-based Computing Education},
 booktitle = {Proceedings of the Second International Workshop on Computing Education Research},
 series = {ICER '06},
 year = {2006},
 isbn = {1-59593-494-4},
 location = {Canterbury, United Kingdom},
 pages = {41--50},
 numpages = {10},
 url = {http://doi.acm.org/10.1145/1151588.1151596},
 doi = {10.1145/1151588.1151596},
 acmid = {1151596},
 publisher = {ACM},
 address = {New York, NY, USA},
 keywords = {learning theory, pedagogical theory, theory of instruction, theory-based research, theory-based teaching},
}

@inproceedings{Hundhausen:2015:SPA:2676723.2677276,
 author = {Hundhausen, Christopher D. and Carter, Adam S. and Adesope, Olusola},
 title = {Supporting Programming Assignments with Activity Streams: An Empirical Study},
 booktitle = {Proceedings of the 46th ACM Technical Symposium on Computer Science Education},
 series = {SIGCSE '15},
 year = {2015},
 isbn = {978-1-4503-2966-8},
 location = {Kansas City, Missouri, USA},
 pages = {320--325},
 numpages = {6},
 url = {http://doi.acm.org/10.1145/2676723.2677276},
 doi = {10.1145/2676723.2677276},
 acmid = {2677276},
 publisher = {ACM},
 address = {New York, NY, USA},
 keywords = {activity streams, cs 2, programming assignments, social learning theory, social networking},
}

@article{Bower:2007:ISA:1269900.1268827,
 author = {Bower, Matt},
 title = {Independent, Synchronous and Asynchronous an Analysis of Approaches to Online Concept Formation},
 journal = {SIGCSE Bull.},
 issue_date = {September 2007},
 volume = {39},
 number = {3},
 month = jun,
 year = {2007},
 issn = {0097-8418},
 pages = {141--145},
 numpages = {5},
 url = {http://doi.acm.org/10.1145/1269900.1268827},
 doi = {10.1145/1269900.1268827},
 acmid = {1268827},
 publisher = {ACM},
 address = {New York, NY, USA},
 keywords = {concept formation, groupwork, online learning, pedagogy, technology enhanced learning, virtual classroom, wiki},
}

@inproceedings{Bower:2007:ISA:1268784.1268827,
 author = {Bower, Matt},
 title = {Independent, Synchronous and Asynchronous an Analysis of Approaches to Online Concept Formation},
 booktitle = {Proceedings of the 12th Annual SIGCSE Conference on Innovation and Technology in Computer Science Education},
 series = {ITiCSE '07},
 year = {2007},
 isbn = {978-1-59593-610-3},
 location = {Dundee, Scotland},
 pages = {141--145},
 numpages = {5},
 url = {http://doi.acm.org/10.1145/1268784.1268827},
 doi = {10.1145/1268784.1268827},
 acmid = {1268827},
 publisher = {ACM},
 address = {New York, NY, USA},
 keywords = {concept formation, groupwork, online learning, pedagogy, technology enhanced learning, virtual classroom, wiki},
}

@inproceedings{Iyer:2017:RSG:3084381.3084415,
 author = {Iyer, L. S. and Dissanayake, I. and Bedeley, R. T.},
 title = {"RISE IT for Social Good": An Experimental Investigation of Context to Improve Programming Skills},
 booktitle = {Proceedings of the 2017 ACM SIGMIS Conference on Computers and People Research},
 series = {SIGMIS-CPR '17},
 year = {2017},
 isbn = {978-1-4503-5037-2},
 location = {Bangalore, India},
 pages = {49--52},
 numpages = {4},
 url = {http://doi.acm.org/10.1145/3084381.3084415},
 doi = {10.1145/3084381.3084415},
 acmid = {3084415},
 publisher = {ACM},
 address = {New York, NY, USA},
 keywords = {context, experiment, gender, programming skills, retention, self-efficacy},
}

@inproceedings{Olivares:2015:ELA:2787622.2787746,
 author = {Olivares, Daniel},
 title = {Exploring Learning Analytics for Computing Education},
 booktitle = {Proceedings of the Eleventh Annual International Conference on International Computing Education Research},
 series = {ICER '15},
 year = {2015},
 isbn = {978-1-4503-3630-7},
 location = {Omaha, Nebraska, USA},
 pages = {271--272},
 numpages = {2},
 url = {http://doi.acm.org/10.1145/2787622.2787746},
 doi = {10.1145/2787622.2787746},
 acmid = {2787746},
 publisher = {ACM},
 address = {New York, NY, USA},
 keywords = {computing education, learning analytics, learning dashboard, social learning theory, social programming},
}

@article{Bower:2007:GAS:1227504.1227345,
 author = {Bower, Matt},
 title = {Groupwork Activities in Synchronous Online Classroom Spaces},
 journal = {SIGCSE Bull.},
 issue_date = {March 2007},
 volume = {39},
 number = {1},
 month = mar,
 year = {2007},
 issn = {0097-8418},
 pages = {91--95},
 numpages = {5},
 url = {http://doi.acm.org/10.1145/1227504.1227345},
 doi = {10.1145/1227504.1227345},
 acmid = {1227345},
 publisher = {ACM},
 address = {New York, NY, USA},
 keywords = {groupwork, online learning, pedagogy, virtual classroom},
}

@inproceedings{Bower:2007:GAS:1227310.1227345,
 author = {Bower, Matt},
 title = {Groupwork Activities in Synchronous Online Classroom Spaces},
 booktitle = {Proceedings of the 38th SIGCSE Technical Symposium on Computer Science Education},
 series = {SIGCSE '07},
 year = {2007},
 isbn = {1-59593-361-1},
 location = {Covington, Kentucky, USA},
 pages = {91--95},
 numpages = {5},
 url = {http://doi.acm.org/10.1145/1227310.1227345},
 doi = {10.1145/1227310.1227345},
 acmid = {1227345},
 publisher = {ACM},
 address = {New York, NY, USA},
 keywords = {groupwork, online learning, pedagogy, virtual classroom},
}

@inproceedings{Chow:2007:CDP:1324302.1324308,
 author = {Chow, Tsun and Chmura, Alan and Linberg, Kurt},
 title = {Curriculum Design for a PhD Specialization in IT Education},
 booktitle = {Proceedings of the 8th ACM SIGITE Conference on Information Technology Education},
 series = {SIGITE '07},
 year = {2007},
 isbn = {978-1-59593-920-3},
 location = {Destin, Florida, USA},
 pages = {21--26},
 numpages = {6},
 url = {http://doi.acm.org/10.1145/1324302.1324308},
 doi = {10.1145/1324302.1324308},
 acmid = {1324308},
 publisher = {ACM},
 address = {New York, NY, USA},
 keywords = {IT education, core competencies, course design, curriculum design, lessons learned},
}

@article{Bower:2008:ICS:1597849.1384323,
 author = {Bower, Matt},
 title = {The "Instructed-teacher": A Computer Science Online Learning Pedagogical Pattern},
 journal = {SIGCSE Bull.},
 issue_date = {September 2008},
 volume = {40},
 number = {3},
 month = jun,
 year = {2008},
 issn = {0097-8418},
 pages = {189--193},
 numpages = {5},
 url = {http://doi.acm.org/10.1145/1597849.1384323},
 doi = {10.1145/1597849.1384323},
 acmid = {1384323},
 publisher = {ACM},
 address = {New York, NY, USA},
 keywords = {online learning, pedagogical patterns, virtual classroom, web-conferencing},
}

@inproceedings{Bower:2008:ICS:1384271.1384323,
 author = {Bower, Matt},
 title = {The "Instructed-teacher": A Computer Science Online Learning Pedagogical Pattern},
 booktitle = {Proceedings of the 13th Annual Conference on Innovation and Technology in Computer Science Education},
 series = {ITiCSE '08},
 year = {2008},
 isbn = {978-1-60558-078-4},
 location = {Madrid, Spain},
 pages = {189--193},
 numpages = {5},
 url = {http://doi.acm.org/10.1145/1384271.1384323},
 doi = {10.1145/1384271.1384323},
 acmid = {1384323},
 publisher = {ACM},
 address = {New York, NY, USA},
 keywords = {online learning, pedagogical patterns, virtual classroom, web-conferencing},
}

@inproceedings{Helps:2006:IDT:1168812.1168845,
 author = {Helps, C. Richard G.},
 title = {Instructional Design Theory Provides Insights into Evolving Information Technology Technical Curricula},
 booktitle = {Proceedings of the 7th Conference on Information Technology Education},
 series = {SIGITE '06},
 year = {2006},
 isbn = {1-59593-521-5},
 location = {Minneapolis, Minnesota, USA},
 pages = {129--134},
 numpages = {6},
 url = {http://doi.acm.org/10.1145/1168812.1168845},
 doi = {10.1145/1168812.1168845},
 acmid = {1168845},
 publisher = {ACM},
 address = {New York, NY, USA},
 keywords = {Moore's law, UML, curriculum design, instructional design theory, learning theory, technology evolution},
}

@inproceedings{Carter:2016:LHM:2960310.2960322,
 author = {Carter, Adam S. and Hundhausen, Christopher D.},
 title = {With a Little Help From My Friends: An Empirical Study of the Interplay of Students' Social Activities, Programming Activities, and Course Success},
 booktitle = {Proceedings of the 2016 ACM Conference on International Computing Education Research},
 series = {ICER '16},
 year = {2016},
 isbn = {978-1-4503-4449-4},
 location = {Melbourne, VIC, Australia},
 pages = {201--209},
 numpages = {9},
 url = {http://doi.acm.org/10.1145/2960310.2960322},
 doi = {10.1145/2960310.2960322},
 acmid = {2960322},
 publisher = {ACM},
 address = {New York, NY, USA},
 keywords = {design, experimentation, human factors.},
}

@inproceedings{Zegura:2013:CBC:2517899.2517936,
 author = {Zegura, Ellen W. and Grinter, Rebecca E.},
 title = {Community Building for Capacity Building: Case Study of Liberia's iLab},
 booktitle = {Proceedings of the Sixth International Conference on Information and Communications Technologies and Development: Notes - Volume 2},
 series = {ICTD '13},
 year = {2013},
 isbn = {978-1-4503-1907-2},
 location = {Cape Town, South Africa},
 pages = {171--174},
 numpages = {4},
 url = {http://doi.acm.org/10.1145/2517899.2517936},
 doi = {10.1145/2517899.2517936},
 acmid = {2517936},
 publisher = {ACM},
 address = {New York, NY, USA},
 keywords = {ICTD, community of practice, computing education},
}

@inproceedings{Ulgado:2013:VMV:2485760.2485870,
 author = {Ulgado, Rachel Rose and Nguyen, Katherine and Custodio, Van Erick and Waterhouse, Aaron and Weiner, Rachel and Hayes, Gillian},
 title = {VidCoach: A Mobile Video Modeling System for Youth with Special Needs},
 booktitle = {Proceedings of the 12th International Conference on Interaction Design and Children},
 series = {IDC '13},
 year = {2013},
 isbn = {978-1-4503-1918-8},
 location = {New York, New York, USA},
 pages = {581--584},
 numpages = {4},
 url = {http://doi.acm.org/10.1145/2485760.2485870},
 doi = {10.1145/2485760.2485870},
 acmid = {2485870},
 publisher = {ACM},
 address = {New York, NY, USA},
 keywords = {assistive technology, autism spectrum disorder, children, education, teens, video modeling},
}

@inproceedings{Clarke-Midura:2018:NPM:3159450.3159525,
 author = {Clarke-Midura, Jody and Poole, Frederick and Pantic, Katarina and Hamilton, Megan and Sun, Chongning and Allan, Vicki},
 title = {How Near Peer Mentoring Affects Middle School Mentees},
 booktitle = {Proceedings of the 49th ACM Technical Symposium on Computer Science Education},
 series = {SIGCSE '18},
 year = {2018},
 isbn = {978-1-4503-5103-4},
 location = {Baltimore, Maryland, USA},
 pages = {664--669},
 numpages = {6},
 url = {http://doi.acm.org/10.1145/3159450.3159525},
 doi = {10.1145/3159450.3159525},
 acmid = {3159525},
 publisher = {ACM},
 address = {New York, NY, USA},
 keywords = {app inventor, middle school youth, near-peer mentors},
}

@article{Luse:2014:USE:2668970.2623198,
 author = {Luse, Andy and Rursch, Julie A. and Jacobson, Doug},
 title = {Utilizing Structural Equation Modeling and Social Cognitive Career Theory to Identify Factors in Choice of IT As a Major},
 journal = {Trans. Comput. Educ.},
 issue_date = {November 2014},
 volume = {14},
 number = {3},
 month = sep,
 year = {2014},
 issn = {1946-6226},
 pages = {19:1--19:19},
 articleno = {19},
 numpages = {19},
 url = {http://doi.acm.org/10.1145/2623198},
 doi = {10.1145/2623198},
 acmid = {2623198},
 publisher = {ACM},
 address = {New York, NY, USA},
 keywords = {Structural equation modeling, interest, self-efficacy, social cognitive career theory},
}

@article{Papargyris:2005:LFP:1067699.1067706,
 author = {Papargyris, Anthony and Poulymenakou, Angeliki},
 title = {Learning to Fly in Persistent Digital Worlds: The Case of Massively Multiplayer Online Role Playing Games},
 journal = {SIGGROUP Bull.},
 issue_date = {January 2005},
 volume = {25},
 number = {1},
 month = jan,
 year = {2005},
 issn = {2372-7403},
 pages = {41--49},
 numpages = {9},
 url = {http://doi.acm.org/10.1145/1067699.1067706},
 doi = {10.1145/1067699.1067706},
 acmid = {1067706},
 publisher = {ACM},
 address = {New York, NY, USA},
 keywords = {communities of practice, legitimate peripheral participation, massively multiplayer online role-playing games, virtual communities},
}

@inproceedings{Ram:2011:OSL:1988688.1988691,
 author = {Ram, Ashwin and Ai, Hua and Ram, Preetha and Sahay, Saurav},
 title = {Open Social Learning Communities},
 booktitle = {Proceedings of the International Conference on Web Intelligence, Mining and Semantics},
 series = {WIMS '11},
 year = {2011},
 isbn = {978-1-4503-0148-0},
 location = {Sogndal, Norway},
 pages = {2:1--2:6},
 articleno = {2},
 numpages = {6},
 url = {http://doi.acm.org/10.1145/1988688.1988691},
 doi = {10.1145/1988688.1988691},
 acmid = {1988691},
 publisher = {ACM},
 address = {New York, NY, USA},
 keywords = {social learning},
}

@inproceedings{Jin:2019:NLW:3299815.3314430,
 author = {Jin, Wei and Xu, Xin},
 title = {Near-peer Led Workshops on Game Development for Broadening Participation and Diversity in Computing},
 booktitle = {Proceedings of the 2019 ACM Southeast Conference},
 series = {ACM SE '19},
 year = {2019},
 isbn = {978-1-4503-6251-1},
 location = {Kennesaw, GA, USA},
 pages = {39--45},
 numpages = {7},
 url = {http://doi.acm.org/10.1145/3299815.3314430},
 doi = {10.1145/3299815.3314430},
 acmid = {3314430},
 publisher = {ACM},
 address = {New York, NY, USA},
 keywords = {Broadening participation in computing (BPC), IT workshop, diversity, light-weight workshop, near-peer mentoring},
}

@inproceedings{Kapoor:2019:UCU:3304221.3319764,
 author = {Kapoor, Amanpreet and Gardner-McCune, Christina},
 title = {Understanding CS Undergraduate Students' Professional Identity Through the Lens of Their Professional Development},
 booktitle = {Proceedings of the 2019 ACM Conference on Innovation and Technology in Computer Science Education},
 series = {ITiCSE '19},
 year = {2019},
 isbn = {978-1-4503-6301-3},
 location = {Aberdeen, Scotland Uk},
 pages = {9--15},
 numpages = {7},
 url = {http://doi.acm.org/10.1145/3304221.3319764},
 doi = {10.1145/3304221.3319764},
 acmid = {3319764},
 publisher = {ACM},
 address = {New York, NY, USA},
 keywords = {career choices, identity, professional development, professional identity},
}

@inproceedings{Warner:2017:HEC:3105726.3106174,
 author = {Warner, Jeremy and Guo, Philip J.},
 title = {Hack.Edu: Examining How College Hackathons Are Perceived By Student Attendees and Non-Attendees},
 booktitle = {Proceedings of the 2017 ACM Conference on International Computing Education Research},
 series = {ICER '17},
 year = {2017},
 isbn = {978-1-4503-4968-0},
 location = {Tacoma, Washington, USA},
 pages = {254--262},
 numpages = {9},
 url = {http://doi.acm.org/10.1145/3105726.3106174},
 doi = {10.1145/3105726.3106174},
 acmid = {3106174},
 publisher = {ACM},
 address = {New York, NY, USA},
 keywords = {college hackathon, informal learning, situated learning},
}

@inproceedings{Hundhausen:2014:SSI:2688204.2688215,
 author = {Hundhausen, Christopher D. and Carter, Adam S.},
 title = {Supporting Social Interactions and Awareness in Educational Programming Environments},
 booktitle = {Proceedings of the 5th Workshop on Evaluation and Usability of Programming Languages and Tools},
 series = {PLATEAU '14},
 year = {2014},
 isbn = {978-1-4503-2277-5},
 location = {Portland, Oregon, USA},
 pages = {55--56},
 numpages = {2},
 url = {http://doi.acm.org/10.1145/2688204.2688215},
 doi = {10.1145/2688204.2688215},
 acmid = {2688215},
 publisher = {ACM},
 address = {New York, NY, USA},
 keywords = {learning analytics, social learning theory, social programming environments},
}

@inproceedings{Luxton-Reilly:2018:IPS:3293881.3295779,
 author = {Luxton-Reilly, Andrew and Simon and Albluwi, Ibrahim and Becker, Brett A. and Giannakos, Michail and Kumar, Amruth N. and Ott, Linda and Paterson, James and Scott, Michael James and Sheard, Judy and Szabo, Claudia},
 title = {Introductory Programming: A Systematic Literature Review},
 booktitle = {Proceedings Companion of the 23rd Annual ACM Conference on Innovation and Technology in Computer Science Education},
 series = {ITiCSE 2018 Companion},
 year = {2018},
 isbn = {978-1-4503-6223-8},
 location = {Larnaca, Cyprus},
 pages = {55--106},
 numpages = {52},
 url = {http://doi.acm.org/10.1145/3293881.3295779},
 doi = {10.1145/3293881.3295779},
 acmid = {3295779},
 publisher = {ACM},
 address = {New York, NY, USA},
 keywords = {CS1, ITiCSE working group, SLR, introductory programming, literature review, novice programming, overview, review, systematic literature review, systematic review},
}

@article{Berger:1988:MIL:382236.382856,
 author = {Berger, Carl F. and Carlson, Elizabeth A.},
 title = {A Model for Incorporating Learning Theories into Preservice Computer Training},
 journal = {SIGCUE Outlook},
 issue_date = {Sept. 1988},
 volume = {20},
 number = {1},
 month = sep,
 year = {1988},
 issn = {0163-5735},
 pages = {32--46},
 numpages = {15},
 url = {http://doi.acm.org/10.1145/382236.382856},
 doi = {10.1145/382236.382856},
 acmid = {382856},
 publisher = {ACM},
 address = {New York, NY, USA},
}

@article{Cronan:2006:PCC:1132469.1132472,
 author = {Cronan, Timothy Paul and Foltz, C. Bryan and Jones, Thomas W.},
 title = {Piracy, Computer Crime, and IS Misuse at the University},
 journal = {Commun. ACM},
 issue_date = {June 2006},
 volume = {49},
 number = {6},
 month = jun,
 year = {2006},
 issn = {0001-0782},
 pages = {84--90},
 numpages = {7},
 url = {http://doi.acm.org/10.1145/1132469.1132472},
 doi = {10.1145/1132469.1132472},
 acmid = {1132472},
 publisher = {ACM},
 address = {New York, NY, USA},
}

@inproceedings{Ericson:2016:SRU:2839509.2844623,
 author = {Ericson, Barbara J. and Parker, Miranda C. and Engelman, Shelly},
 title = {Sisters Rise Up 4 CS: Helping Female Students Pass the Advanced Placement Computer Science A Exam},
 booktitle = {Proceedings of the 47th ACM Technical Symposium on Computing Science Education},
 series = {SIGCSE '16},
 year = {2016},
 isbn = {978-1-4503-3685-7},
 location = {Memphis, Tennessee, USA},
 pages = {309--314},
 numpages = {6},
 url = {http://doi.acm.org/10.1145/2839509.2844623},
 doi = {10.1145/2839509.2844623},
 acmid = {2844623},
 publisher = {ACM},
 address = {New York, NY, USA},
 keywords = {advanced placement computer science, financial incentives, gender issues, near-peer mentors, underrepresented minorities},
}

@article{Carter:2017:BMP:3135995.3120259,
 author = {Carter, Adam S. and Hundhausen, Christopher D. and Adesope, Olusola},
 title = {Blending Measures of Programming and Social Behavior into Predictive Models of Student Achievement in Early Computing Courses},
 journal = {ACM Trans. Comput. Educ.},
 issue_date = {August 2017},
 volume = {17},
 number = {3},
 month = aug,
 year = {2017},
 issn = {1946-6226},
 pages = {12:1--12:20},
 articleno = {12},
 numpages = {20},
 url = {http://doi.acm.org/10.1145/3120259},
 doi = {10.1145/3120259},
 acmid = {3120259},
 publisher = {ACM},
 address = {New York, NY, USA},
 keywords = {Learning analytics, learning interventions, learning process data},
}

@inproceedings{Bower:2006:LSE:1151869.1151877,
 author = {Bower, Matt},
 title = {A Learning System Engineering Approach to Developing Online Courses},
 booktitle = {Proceedings of the 8th Australasian Conference on Computing Education - Volume 52},
 series = {ACE '06},
 year = {2006},
 isbn = {1-920682-34-1},
 location = {Hobart, Australia},
 pages = {45--54},
 numpages = {10},
 url = {http://dl.acm.org/citation.cfm?id=1151869.1151877},
 acmid = {1151877},
 publisher = {Australian Computer Society, Inc.},
 address = {Darlinghurst, Australia, Australia},
 keywords = {curriculum engineering, learning design, online learning, online technology},
}

@inproceedings{Michaelis:2019:SIS:3311927.3323154,
 author = {Michaelis, Joseph E. and Mutlu, Bilge},
 title = {Supporting Interest in Science Learning with a Social Robot},
 booktitle = {Proceedings of the 18th ACM International Conference on Interaction Design and Children},
 series = {IDC '19},
 year = {2019},
 isbn = {978-1-4503-6690-8},
 location = {Boise, ID, USA},
 pages = {71--82},
 numpages = {12},
 url = {http://doi.acm.org/10.1145/3311927.3323154},
 doi = {10.1145/3311927.3323154},
 acmid = {3323154},
 publisher = {ACM},
 address = {New York, NY, USA},
 keywords = {Social robots, education, interest development, science learning},
}

@article{Hundhausen:2017:ILA:3135996.3105759,
 author = {Hundhausen, C. D. and Olivares, D. M. and Carter, A. S.},
 title = {IDE-Based Learning Analytics for Computing Education: A Process Model, Critical Review, and Research Agenda},
 journal = {Trans. Comput. Educ.},
 issue_date = {August 2017},
 volume = {17},
 number = {3},
 month = aug,
 year = {2017},
 issn = {1946-6226},
 pages = {11:1--11:26},
 articleno = {11},
 numpages = {26},
 url = {http://doi.acm.org/10.1145/3105759},
 doi = {10.1145/3105759},
 acmid = {3105759},
 publisher = {ACM},
 address = {New York, NY, USA},
 keywords = {Learning analytics, learning interventions, learning process data},
}

@article{Hundhausen:2017:ILA:3135995.3105759,
 author = {Hundhausen, C. D. and Olivares, D. M. and Carter, A. S.},
 title = {IDE-Based Learning Analytics for Computing Education: A Process Model, Critical Review, and Research Agenda},
 journal = {ACM Trans. Comput. Educ.},
 issue_date = {August 2017},
 volume = {17},
 number = {3},
 month = aug,
 year = {2017},
 issn = {1946-6226},
 pages = {11:1--11:26},
 articleno = {11},
 numpages = {26},
 url = {http://doi.acm.org/10.1145/3105759},
 doi = {10.1145/3105759},
 acmid = {3105759},
 publisher = {ACM},
 address = {New York, NY, USA},
 keywords = {Learning analytics, learning interventions, learning process data},
}

@inproceedings{Paredes:2012:MLP:2330601.2330617,
 author = {Paredes, Walter Christian and Chung, Kon Shing Kenneth},
 title = {Modelling Learning \&\#38; Performance: A Social Networks Perspective},
 booktitle = {Proceedings of the 2Nd International Conference on Learning Analytics and Knowledge},
 series = {LAK '12},
 year = {2012},
 isbn = {978-1-4503-1111-3},
 location = {Vancouver, British Columbia, Canada},
 pages = {34--42},
 numpages = {9},
 url = {http://doi.acm.org/10.1145/2330601.2330617},
 doi = {10.1145/2330601.2330617},
 acmid = {2330617},
 publisher = {ACM},
 address = {New York, NY, USA},
 keywords = {computer mediated communication, connectivism, learning, learning analytics, performance, situated learning, social learning, social networks},
}

@inproceedings{Kumpulainen:2008:STD:1599936.1599967,
 author = {Kumpulainen, Kristiina and Toom, Auli and Saalasti, Merja and Puroila, Mari},
 title = {Student Teachers' Discursive Voices of the Meaning of Digital Case Material for Their Professional Learning},
 booktitle = {Proceedings of the 8th International Conference on International Conference for the Learning Sciences - Volume 3},
 series = {ICLS'08},
 year = {2008},
 location = {Utrecht, The Netherlands},
 pages = {65--66},
 numpages = {2},
 url = {http://dl.acm.org/citation.cfm?id=1599936.1599967},
 acmid = {1599967},
 publisher = {International Society of the Learning Sciences},
}

@article{Xu:2013:WCT:2436256.2436272,
 author = {Xu, Zhengchuan and Hu, Qing and Zhang, Chenghong},
 title = {Why Computer Talents Become Computer Hackers},
 journal = {Commun. ACM},
 issue_date = {April 2013},
 volume = {56},
 number = {4},
 month = apr,
 year = {2013},
 issn = {0001-0782},
 pages = {64--74},
 numpages = {11},
 url = {http://doi.acm.org/10.1145/2436256.2436272},
 doi = {10.1145/2436256.2436272},
 acmid = {2436272},
 publisher = {ACM},
 address = {New York, NY, USA},
}

@inproceedings{Galanis:2015:DIL:2808580.2808649,
 author = {Galanis, Nikolas and Mayol, Enric and Alier, Marc and Garcia-Pe\~{n}alvo, Francisco Jos{\'e}},
 title = {Designing an Informal Learning Support Framework},
 booktitle = {Proceedings of the 3rd International Conference on Technological Ecosystems for Enhancing Multiculturality},
 series = {TEEM '15},
 year = {2015},
 isbn = {978-1-4503-3442-6},
 location = {Porto, Portugal},
 pages = {461--466},
 numpages = {6},
 url = {http://doi.acm.org/10.1145/2808580.2808649},
 doi = {10.1145/2808580.2808649},
 acmid = {2808649},
 publisher = {ACM},
 address = {New York, NY, USA},
 keywords = {e-learning, eLearning, evaluation, informal learning, lifelong learning, non-formal learning, social learning, validation},
}

@article{Baker:2009:LTR:1578012.1578013,
 author = {Baker, Ken A.},
 title = {Learning Theory and the Re-education of Older Software Engineers},
 journal = {SIGITERes. IT},
 issue_date = {July 2009},
 volume = {6},
 number = {2},
 month = jul,
 year = {2009},
 issn = {1944-0278},
 pages = {2--10},
 numpages = {9},
 url = {http://doi.acm.org/10.1145/1578012.1578013},
 doi = {10.1145/1578012.1578013},
 acmid = {1578013},
 publisher = {ACM},
 address = {New York, NY, USA},
 keywords = {behaviorist, cognitive, cognitive load theory, learning theory, memory and motivation, paradigm shift, social learning},
}

@inproceedings{Hubbard:2017:ELT:3027385.3027390,
 author = {Hubbard, Ryan and Sipolins, Aldis and Zhou, Lin},
 title = {Enhancing Learning Through Virtual Reality and Neurofeedback: A First Step},
 booktitle = {Proceedings of the Seventh International Learning Analytics \&\#38; Knowledge Conference},
 series = {LAK '17},
 year = {2017},
 isbn = {978-1-4503-4870-6},
 location = {Vancouver, British Columbia, Canada},
 pages = {398--403},
 numpages = {6},
 url = {http://doi.acm.org/10.1145/3027385.3027390},
 doi = {10.1145/3027385.3027390},
 acmid = {3027390},
 publisher = {ACM},
 address = {New York, NY, USA},
 keywords = {EEG, human-computer interaction, neurofeedback, virtual reality},
}

@inproceedings{Kilamo:2014:KTC:2591062.2591156,
 author = {Kilamo, Terhi and Nieminen, Antti and Lautam\"{a}ki, Janne and Aho, Timo and Koskinen, Johannes and Palviainen, Jarmo and Mikkonen, Tommi},
 title = {Knowledge Transfer in Collaborative Teams: Experiences from a Two-week Code Camp},
 booktitle = {Companion Proceedings of the 36th International Conference on Software Engineering},
 series = {ICSE Companion 2014},
 year = {2014},
 isbn = {978-1-4503-2768-8},
 location = {Hyderabad, India},
 pages = {264--271},
 numpages = {8},
 url = {http://doi.acm.org/10.1145/2591062.2591156},
 doi = {10.1145/2591062.2591156},
 acmid = {2591156},
 publisher = {ACM},
 address = {New York, NY, USA},
 keywords = {Case study, Collaboration, Software engineerin education},
}

@inproceedings{DiFranzo:2019:SMT:3290605.3300533,
 author = {DiFranzo, Dominic and Choi, Yoon Hyung and Purington, Amanda and Taft, Jessie G. and Whitlock, Janis and Bazarova, Natalya N.},
 title = {Social Media TestDrive: Real-World Social Media Education for the Next Generation},
 booktitle = {Proceedings of the 2019 CHI Conference on Human Factors in Computing Systems},
 series = {CHI '19},
 year = {2019},
 isbn = {978-1-4503-5970-2},
 location = {Glasgow, Scotland Uk},
 pages = {303:1--303:11},
 articleno = {303},
 numpages = {11},
 url = {http://doi.acm.org/10.1145/3290605.3300533},
 doi = {10.1145/3290605.3300533},
 acmid = {3300533},
 publisher = {ACM},
 address = {New York, NY, USA},
 keywords = {digital citizen, education, social media, youth development},
}

@article{Entin:1983:THI:952978.801012,
 author = {Entin, Eileen B.},
 title = {Teaching Human-computer Interaction in Introductory Courses},
 journal = {SIGCSE Bull.},
 issue_date = {February 1983},
 volume = {15},
 number = {1},
 month = feb,
 year = {1983},
 issn = {0097-8418},
 pages = {51--56},
 numpages = {6},
 url = {http://doi.acm.org/10.1145/952978.801012},
 doi = {10.1145/952978.801012},
 acmid = {801012},
 publisher = {ACM},
 address = {New York, NY, USA},
}

@inproceedings{Entin:1983:THI:800038.801012,
 author = {Entin, Eileen B.},
 title = {Teaching Human-computer Interaction in Introductory Courses},
 booktitle = {Proceedings of the Fourteenth SIGCSE Technical Symposium on Computer Science Education},
 series = {SIGCSE '83},
 year = {1983},
 isbn = {0-89791-091-5},
 location = {Orlando, Florida, USA},
 pages = {51--56},
 numpages = {6},
 url = {http://doi.acm.org/10.1145/800038.801012},
 doi = {10.1145/800038.801012},
 acmid = {801012},
 publisher = {ACM},
 address = {New York, NY, USA},
}

@inproceedings{Shillair:2015:YLS:2724660.2728697,
 author = {Shillair, Ruth and Wash, Rick},
 title = {Are You Listening?: Social Roles and Perceived Value of Statements in Online Learning Communities},
 booktitle = {Proceedings of the Second (2015) ACM Conference on Learning @ Scale},
 series = {L@S '15},
 year = {2015},
 isbn = {978-1-4503-3411-2},
 location = {Vancouver, BC, Canada},
 pages = {377--380},
 numpages = {4},
 url = {http://doi.acm.org/10.1145/2724660.2728697},
 doi = {10.1145/2724660.2728697},
 acmid = {2728697},
 publisher = {ACM},
 address = {New York, NY, USA},
 keywords = {attribution of value, moocs, online education, social status in online environments},
}

@inproceedings{Dang:2014:EIS:2684200.2684280,
 author = {Dang, Hai H. and Nguyen, Vu and Do, Kha N. and Tran, Thu D.},
 title = {EduCo: An Integrated Social Environment for Teaching and Learning Software Engineering Courses},
 booktitle = {Proceedings of the 16th International Conference on Information Integration and Web-based Applications \&\#38; Services},
 series = {iiWAS '14},
 year = {2014},
 isbn = {978-1-4503-3001-5},
 location = {Hanoi, Viet Nam},
 pages = {17--26},
 numpages = {10},
 url = {http://doi.acm.org/10.1145/2684200.2684280},
 doi = {10.1145/2684200.2684280},
 acmid = {2684280},
 publisher = {ACM},
 address = {New York, NY, USA},
 keywords = {Collaborative development environment, Project management, Social network, Software design tool, Web},
}

@inproceedings{Pemberton:2009:CAR:1599503.1599540,
 author = {Pemberton, Lyn and Winter, Marcus},
 title = {Collaborative Augmented Reality in Schools},
 booktitle = {Proceedings of the 9th International Conference on Computer Supported Collaborative Learning - Volume 2},
 series = {CSCL'09},
 year = {2009},
 isbn = {978-1-4092-8598-4},
 location = {Rhodes, Greece},
 pages = {109--111},
 numpages = {3},
 url = {http://dl.acm.org/citation.cfm?id=1599503.1599540},
 acmid = {1599540},
 publisher = {International Society of the Learning Sciences},
}

@article{Yardi:2009:SLT:1665997.1666000,
 author = {Yardi, Sarita},
 title = {Social Learning and Technical Capital on the Social Web},
 journal = {XRDS},
 issue_date = {December 2009},
 volume = {16},
 number = {2},
 month = dec,
 year = {2009},
 issn = {1528-4972},
 pages = {9--11},
 numpages = {3},
 url = {http://doi.acm.org/10.1145/1665997.1666000},
 doi = {10.1145/1665997.1666000},
 acmid = {1666000},
 publisher = {ACM},
 address = {New York, NY, USA},
}

@inproceedings{Bouchet:2017:CPR:3099023.3099036,
 author = {Bouchet, Fran\c{c}ois and Labarthe, Hugues and Yacef, Kalina and Bachelet, R{\'e}mi},
 title = {Comparing Peer Recommendation Strategies in a MOOC},
 booktitle = {Adjunct Publication of the 25th Conference on User Modeling, Adaptation and Personalization},
 series = {UMAP '17},
 year = {2017},
 isbn = {978-1-4503-5067-9},
 location = {Bratislava, Slovakia},
 pages = {129--134},
 numpages = {6},
 url = {http://doi.acm.org/10.1145/3099023.3099036},
 doi = {10.1145/3099023.3099036},
 acmid = {3099036},
 publisher = {ACM},
 address = {New York, NY, USA},
 keywords = {attrition, clustering, mooc, peer recommendation, recommendation strategies},
}

@inproceedings{Hansen:2007:ISI:1599600.1599648,
 author = {Hansen, Miriam and Spada, Hans},
 title = {Instructional Support for Individual and Collaborative Demands in Two Net-based Communication Settings},
 booktitle = {Proceedings of the 8th Iternational Conference on Computer Supported Collaborative Learning},
 series = {CSCL'07},
 year = {2007},
 isbn = {978-0-6151-5436-7},
 location = {New Brunswick, New Jersey, USA},
 pages = {257--266},
 numpages = {10},
 url = {http://dl.acm.org/citation.cfm?id=1599600.1599648},
 acmid = {1599648},
 publisher = {International Society of the Learning Sciences},
}

