@inproceedings{Jones:2007:SSN:1268784.1268852,
 author = {Jones, Sue Jane and Burnett, Gary E.},
 title = {Spatial Skills and Navigation of Source Code},
 booktitle = {Proceedings of the 12th Annual SIGCSE Conference on Innovation and Technology in Computer Science Education},
 series = {ITiCSE '07},
 year = {2007},
 isbn = {978-1-59593-610-3},
 location = {Dundee, Scotland},
 pages = {231--235},
 numpages = {5},
 url = {http://doi.acm.org/10.1145/1268784.1268852},
 doi = {10.1145/1268784.1268852},
 acmid = {1268852},
 publisher = {ACM},
 address = {New York, NY, USA},
 keywords = {education, navigation of source code, programming ability, spatial skills},
}

@article{Jones:2007:SSN:1269900.1268852,
 author = {Jones, Sue Jane and Burnett, Gary E.},
 title = {Spatial Skills and Navigation of Source Code},
 journal = {SIGCSE Bull.},
 issue_date = {September 2007},
 volume = {39},
 number = {3},
 month = jun,
 year = {2007},
 issn = {0097-8418},
 pages = {231--235},
 numpages = {5},
 url = {http://doi.acm.org/10.1145/1269900.1268852},
 doi = {10.1145/1269900.1268852},
 acmid = {1268852},
 publisher = {ACM},
 address = {New York, NY, USA},
 keywords = {education, navigation of source code, programming ability, spatial skills},
}

