@inproceedings{Jones:2007:SSN:1268784.1268852,
 author = {Jones, Sue Jane and Burnett, Gary E.},
 title = {Spatial Skills and Navigation of Source Code},
 booktitle = {Proceedings of the 12th Annual SIGCSE Conference on Innovation and Technology in Computer Science Education},
 series = {ITiCSE '07},
 year = {2007},
 isbn = {978-1-59593-610-3},
 location = {Dundee, Scotland},
 pages = {231--235},
 numpages = {5},
 url = {http://doi.acm.org/10.1145/1268784.1268852},
 doi = {10.1145/1268784.1268852},
 acmid = {1268852},
 publisher = {ACM},
 address = {New York, NY, USA},
 keywords = {education, navigation of source code, programming ability, spatial skills},
}

@article{Jones:2007:SSN:1269900.1268852,
 author = {Jones, Sue Jane and Burnett, Gary E.},
 title = {Spatial Skills and Navigation of Source Code},
 journal = {SIGCSE Bull.},
 issue_date = {September 2007},
 volume = {39},
 number = {3},
 month = jun,
 year = {2007},
 issn = {0097-8418},
 pages = {231--235},
 numpages = {5},
 url = {http://doi.acm.org/10.1145/1269900.1268852},
 doi = {10.1145/1269900.1268852},
 acmid = {1268852},
 publisher = {ACM},
 address = {New York, NY, USA},
 keywords = {education, navigation of source code, programming ability, spatial skills},
}

@inproceedings{Martin-Dorta:2014:IDS:2662253.2662334,
 author = {Mart\'{\i}n-Dorta, Norena and Saor\'{\i}n-Perez, Jose Luis and Gonz\'{a}lez, Manuel Contero},
 title = {Individual Differences in Spatial Abilities: Effects of Gender and Videogames},
 booktitle = {Proceedings of the XV International Conference on Human Computer Interaction},
 series = {Interacci\&\#243;n '14},
 year = {2014},
 isbn = {978-1-4503-2880-7},
 location = {Puerto de la Cruz, Tenerife, Spain},
 pages = {81:1--81:5},
 articleno = {81},
 numpages = {5},
 url = {http://doi.acm.org/10.1145/2662253.2662334},
 doi = {10.1145/2662253.2662334},
 acmid = {2662334},
 publisher = {ACM},
 address = {New York, NY, USA},
 keywords = {Gender, Spatial Skills},
}

@inproceedings{Cooper:2015:SST:2787622.2787728,
 author = {Cooper, Stephen and Wang, Karen and Israni, Maya and Sorby, Sheryl},
 title = {Spatial Skills Training in Introductory Computing},
 booktitle = {Proceedings of the Eleventh Annual International Conference on International Computing Education Research},
 series = {ICER '15},
 year = {2015},
 isbn = {978-1-4503-3630-7},
 location = {Omaha, Nebraska, USA},
 pages = {13--20},
 numpages = {8},
 url = {http://doi.acm.org/10.1145/2787622.2787728},
 doi = {10.1145/2787622.2787728},
 acmid = {2787728},
 publisher = {ACM},
 address = {New York, NY, USA},
 keywords = {introductory computer science, spatial skills, training},
}

@inproceedings{Waller:1998:DVE:286498.286807,
 author = {Waller, David and Miller, Jon},
 title = {A Desktop Virtual Environment Trainer Provides Superior Retention of a Spatial Assembly Skill},
 booktitle = {CHI 98 Conference Summary on Human Factors in Computing Systems},
 series = {CHI '98},
 year = {1998},
 isbn = {1-58113-028-7},
 location = {Los Angeles, California, USA},
 pages = {339--340},
 numpages = {2},
 url = {http://doi.acm.org/10.1145/286498.286807},
 doi = {10.1145/286498.286807},
 acmid = {286807},
 publisher = {ACM},
 address = {New York, NY, USA},
 keywords = {spatial skills, training, virtual environments, virtual reality},
}

@inproceedings{Parkinson:2018:IRS:3230977.3230990,
 author = {Parkinson, Jack and Cutts, Quintin},
 title = {Investigating the Relationship Between Spatial Skills and Computer Science},
 booktitle = {Proceedings of the 2018 ACM Conference on International Computing Education Research},
 series = {ICER '18},
 year = {2018},
 isbn = {978-1-4503-5628-2},
 location = {Espoo, Finland},
 pages = {106--114},
 numpages = {9},
 url = {http://doi.acm.org/10.1145/3230977.3230990},
 doi = {10.1145/3230977.3230990},
 acmid = {3230990},
 publisher = {ACM},
 address = {New York, NY, USA},
 keywords = {academic attainment, spatial skills, theoretical model},
}

@inproceedings{Hartman:2006:VRS:1179295.1179342,
 author = {Hartman, Nathan W. and Connolly, Patrick E. and Gilger, Jeffrey W. and Bertoline, Gary R. and Heisler, Justin},
 title = {Virtual Reality-based Spatial Skills Assessment and Its Role in Computer Graphics Education},
 booktitle = {ACM SIGGRAPH 2006 Educators Program},
 series = {SIGGRAPH '06},
 year = {2006},
 isbn = {1-59593-364-6},
 location = {Boston, Massachusetts},
 articleno = {46},
 url = {http://doi.acm.org/10.1145/1179295.1179342},
 doi = {10.1145/1179295.1179342},
 acmid = {1179342},
 publisher = {ACM},
 address = {New York, NY, USA},
}

@inproceedings{Chiu:2018:SSS:3172944.3172994,
 author = {Chiu, Po-Tsung and Wauck, Helen and Xiao, Ziang and Yao, Yuqi and Fu, Wai-Tat},
 title = {Supporting Spatial Skill Learning with Gesture-Based Embodied Design},
 booktitle = {23rd International Conference on Intelligent User Interfaces},
 series = {IUI '18},
 year = {2018},
 isbn = {978-1-4503-4945-1},
 location = {Tokyo, Japan},
 pages = {67--71},
 numpages = {5},
 url = {http://doi.acm.org/10.1145/3172944.3172994},
 doi = {10.1145/3172944.3172994},
 acmid = {3172994},
 publisher = {ACM},
 address = {New York, NY, USA},
 keywords = {design guidelines, interaction, spatial reasoning, stem education},
}

@inproceedings{Wauck:2016:EDS:2876456.2876467,
 author = {Wauck, Helen},
 title = {Exploring the Development of Spatial Skills in a Video Game},
 booktitle = {Companion Publication of the 21st International Conference on Intelligent User Interfaces},
 series = {IUI '16 Companion},
 year = {2016},
 isbn = {978-1-4503-4140-0},
 location = {Sonoma, California, USA},
 pages = {146--149},
 numpages = {4},
 url = {http://doi.acm.org/10.1145/2876456.2876467},
 doi = {10.1145/2876456.2876467},
 acmid = {2876467},
 publisher = {ACM},
 address = {New York, NY, USA},
 keywords = {children, cognitive science, education, learning, spatial reasoning, video games},
}

@inproceedings{Wauck:2017:URS:3025171.3025225,
 author = {Wauck, Helen and Xiao, Ziang and Chiu, Po-Tsung and Fu, Wai-Tat},
 title = {Untangling the Relationship Between Spatial Skills, Game Features, and Gender in a Video Game},
 booktitle = {Proceedings of the 22Nd International Conference on Intelligent User Interfaces},
 series = {IUI '17},
 year = {2017},
 isbn = {978-1-4503-4348-0},
 location = {Limassol, Cyprus},
 pages = {125--136},
 numpages = {12},
 url = {http://doi.acm.org/10.1145/3025171.3025225},
 doi = {10.1145/3025171.3025225},
 acmid = {3025225},
 publisher = {ACM},
 address = {New York, NY, USA},
 keywords = {children, education, game features, gender, player behavior, spatial reasoning, stem, video games},
}

@inproceedings{Friend:2018:BES:3159450.3159515,
 author = {Friend, Michelle and Matthews, Michael and Winter, Victor and Love, Betty and Moisset, Deanna and Goodwin, Ian},
 title = {Bricklayer: Elementary Students Learn Math Through Programming and Art},
 booktitle = {Proceedings of the 49th ACM Technical Symposium on Computer Science Education},
 series = {SIGCSE '18},
 year = {2018},
 isbn = {978-1-4503-5103-4},
 location = {Baltimore, Maryland, USA},
 pages = {628--633},
 numpages = {6},
 url = {http://doi.acm.org/10.1145/3159450.3159515},
 doi = {10.1145/3159450.3159515},
 acmid = {3159515},
 publisher = {ACM},
 address = {New York, NY, USA},
 keywords = {art, coordinate graphing, elementary school, functional programming, mathematics, visual spatial skills},
}

@inproceedings{Wauck:2017:GFI:3030024.3038286,
 author = {Wauck, Helen},
 title = {Game Features and Individual Differences: What Makes a Spatial Skill Training Video Game Effective?},
 booktitle = {Proceedings of the 22Nd International Conference on Intelligent User Interfaces Companion},
 series = {IUI '17 Companion},
 year = {2017},
 isbn = {978-1-4503-4893-5},
 location = {Limassol, Cyprus},
 pages = {197--200},
 numpages = {4},
 url = {http://doi.acm.org/10.1145/3030024.3038286},
 doi = {10.1145/3030024.3038286},
 acmid = {3038286},
 publisher = {ACM},
 address = {New York, NY, USA},
 keywords = {children, cognitive science, education, learning, spatial reasoning, video games},
}

@inproceedings{Baykal:2016:DTP:2930674.2936006,
 author = {Baykal, G\"{o}k\c{c}e Elif and Alaca, Ilg\im Veryeri and Yanta\c{c}, As\im Evren and G\"{o}ksun, Tilbe},
 title = {Developing Transmedia Puzzle Play to Facilitate Spatial Skills of Preschoolers},
 booktitle = {Proceedings of the The 15th International Conference on Interaction Design and Children},
 series = {IDC '16},
 year = {2016},
 isbn = {978-1-4503-4313-8},
 location = {Manchester, United Kingdom},
 pages = {631--636},
 numpages = {6},
 url = {http://doi.acm.org/10.1145/2930674.2936006},
 doi = {10.1145/2930674.2936006},
 acmid = {2936006},
 publisher = {ACM},
 address = {New York, NY, USA},
 keywords = {Spatial learning, child-centered design, physical-digital interaction, preschool children, spatial manipulatives, transmedia play},
}

@inproceedings{Lee-Cultura:2019:TUM:3294109.3302932,
 author = {Lee-Cultura, Serena},
 title = {TetRotation: Utilising Multimodal Analytics and Gestural Interaction to Nurture Mental Rotation Skills},
 booktitle = {Proceedings of the Thirteenth International Conference on Tangible, Embedded, and Embodied Interaction},
 series = {TEI '19},
 year = {2019},
 isbn = {978-1-4503-6196-5},
 location = {Tempe, Arizona, USA},
 pages = {715--718},
 numpages = {4},
 url = {http://doi.acm.org/10.1145/3294109.3302932},
 doi = {10.1145/3294109.3302932},
 acmid = {3302932},
 publisher = {ACM},
 address = {New York, NY, USA},
 keywords = {embodied interaction, gesture, multimodal analytics, rotation, serious game, spatial cognition, spatial skills},
}

@inproceedings{Bolier:2018:DVS:3240508.3240692,
 author = {Bolier, Wendy and H\"{u}rst, Wolfgang and van Bommel, Guido and Bosman, Joost and Bosman, Harri\"{e}t},
 title = {Drawing in a Virtual 3D Space - Introducing VR Drawing in Elementary School Art Education},
 booktitle = {Proceedings of the 26th ACM International Conference on Multimedia},
 series = {MM '18},
 year = {2018},
 isbn = {978-1-4503-5665-7},
 location = {Seoul, Republic of Korea},
 pages = {337--345},
 numpages = {9},
 url = {http://doi.acm.org/10.1145/3240508.3240692},
 doi = {10.1145/3240508.3240692},
 acmid = {3240692},
 publisher = {ACM},
 address = {New York, NY, USA},
 keywords = {3d, art education, children, drawing, mental rotation, painting, spatial abilities, spatial visualization, virtual reality},
}

@inproceedings{Kaufmann:2002:CAR:641007.641140,
 author = {Kaufmann, Hannes},
 title = {Construct3D: An Augmented Reality Application for Mathematics and Geometry Education},
 booktitle = {Proceedings of the Tenth ACM International Conference on Multimedia},
 series = {MULTIMEDIA '02},
 year = {2002},
 isbn = {1-58113-620-X},
 location = {Juan-les-Pins, France},
 pages = {656--657},
 numpages = {2},
 url = {http://doi.acm.org/10.1145/641007.641140},
 doi = {10.1145/641007.641140},
 acmid = {641140},
 publisher = {ACM},
 address = {New York, NY, USA},
 keywords = {geometry education, mathematics education, spatial intelligence},
}

