@inproceedings{Lister:2011:CON:2459936.2459938,
 author = {Lister, Raymond},
 title = {Concrete and Other neo-Piagetian Forms of Reasoning in the Novice Programmer},
 booktitle = {Proceedings of the Thirteenth Australasian Computing Education Conference - Volume 114},
 series = {ACE '11},
 year = {2011},
 isbn = {978-1-920682-94-1},
 location = {Perth, Australia},
 pages = {9--18},
 numpages = {10},
 url = {http://dl.acm.org/citation.cfm?id=2459936.2459938},
 acmid = {2459938},
 publisher = {Australian Computer Society, Inc.},
 address = {Darlinghurst, Australia, Australia},
 keywords = {neo-Piagetian, novice programmer},
}

@inproceedings{Gluga:2012:RCP:2361276.2361284,
 author = {Gluga, Richard and Kay, Judy and Lister, Raymond and Teague, Donna},
 title = {On the Reliability of Classifying Programming Tasks Using a Neo-piagetian Theory of Cognitive Development},
 booktitle = {Proceedings of the Ninth Annual International Conference on International Computing Education Research},
 series = {ICER '12},
 year = {2012},
 isbn = {978-1-4503-1604-0},
 location = {Auckland, New Zealand},
 pages = {31--38},
 numpages = {8},
 url = {http://doi.acm.org/10.1145/2361276.2361284},
 doi = {10.1145/2361276.2361284},
 acmid = {2361284},
 publisher = {ACM},
 address = {New York, NY, USA},
 keywords = {assessment, learning standards, neo-piagetian, programming},
}

@inproceedings{Corney:2012:ERN:2483716.2483726,
 author = {Corney, Malcolm and Teague, Donna and Ahadi, Alireza and Lister, Raymond},
 title = {Some Empirical Results for neo-Piagetian Reasoning in Novice Programmers and the Relationship to Code Explanation Questions},
 booktitle = {Proceedings of the Fourteenth Australasian Computing Education Conference - Volume 123},
 series = {ACE '12},
 year = {2012},
 isbn = {978-1-921770-04-3},
 location = {Melbourne, Australia},
 pages = {77--86},
 numpages = {10},
 url = {http://dl.acm.org/citation.cfm?id=2483716.2483726},
 acmid = {2483726},
 publisher = {Australian Computer Society, Inc.},
 address = {Darlinghurst, Australia, Australia},
 keywords = {CS1, neo-Piagetian, novice programmer},
}

@inproceedings{Teague:2014:LTA:2667490.2667495,
 author = {Teague, Donna and Lister, Raymond},
 title = {Longitudinal Think Aloud Study of a Novice Programmer},
 booktitle = {Proceedings of the Sixteenth Australasian Computing Education Conference - Volume 148},
 series = {ACE '14},
 year = {2014},
 isbn = {978-1-921770-31-9},
 location = {Auckland, New Zealand},
 pages = {41--50},
 numpages = {10},
 url = {http://dl.acm.org/citation.cfm?id=2667490.2667495},
 acmid = {2667495},
 publisher = {Australian Computer Society, Inc.},
 address = {Darlinghurst, Australia, Australia},
 keywords = {neo-piagetian theory, programming, think aloud},
}

@inproceedings{Teague:2014:MPR:2667490.2667498,
 author = {Teague, Donna and Lister, Raymond},
 title = {Manifestations of Preoperational Reasoning on Similar Programming Tasks},
 booktitle = {Proceedings of the Sixteenth Australasian Computing Education Conference - Volume 148},
 series = {ACE '14},
 year = {2014},
 isbn = {978-1-921770-31-9},
 location = {Auckland, New Zealand},
 pages = {65--74},
 numpages = {10},
 url = {http://dl.acm.org/citation.cfm?id=2667490.2667498},
 acmid = {2667498},
 publisher = {Australian Computer Society, Inc.},
 address = {Darlinghurst, Australia, Australia},
 keywords = {neo-piagetian theory, novice programming, think aloud},
}

@inproceedings{Teague:2012:PNT:2361276.2361313,
 author = {Teague, Donna M.},
 title = {Programming and Neo-piagetian Theory},
 booktitle = {Proceedings of the Ninth Annual International Conference on International Computing Education Research},
 series = {ICER '12},
 year = {2012},
 isbn = {978-1-4503-1604-0},
 location = {Auckland, New Zealand},
 pages = {165--166},
 numpages = {2},
 url = {http://doi.acm.org/10.1145/2361276.2361313},
 doi = {10.1145/2361276.2361313},
 acmid = {2361313},
 publisher = {ACM},
 address = {New York, NY, USA},
 keywords = {cognitive development, neo-piagetian theory, think aloud.},
}

@inproceedings{Teague:2016:CUI:2843043.2843064,
 author = {Teague, Donna and Fidge, Colin and Xu, Yue},
 title = {Combining Unsupervised and Invigilated Assessment of Introductory Programming},
 booktitle = {Proceedings of the Australasian Computer Science Week Multiconference},
 series = {ACSW '16},
 year = {2016},
 isbn = {978-1-4503-4042-7},
 location = {Canberra, Australia},
 pages = {9:1--9:10},
 articleno = {9},
 numpages = {10},
 url = {http://doi.acm.org/10.1145/2843043.2843064},
 doi = {10.1145/2843043.2843064},
 acmid = {2843064},
 publisher = {ACM},
 address = {New York, NY, USA},
 keywords = {assessment, introductory programming, neo-Piagetian theory, novice programmers},
}

@inproceedings{Duran:2017:TFA:3105726.3105731,
 author = {Duran, Rodrigo},
 title = {Towards a Fine-grained Analysis of Complexity of Programming Tasks},
 booktitle = {Proceedings of the 2017 ACM Conference on International Computing Education Research},
 series = {ICER '17},
 year = {2017},
 isbn = {978-1-4503-4968-0},
 location = {Tacoma, Washington, USA},
 pages = {271--272},
 numpages = {2},
 url = {http://doi.acm.org/10.1145/3105726.3105731},
 doi = {10.1145/3105726.3105731},
 acmid = {3105731},
 publisher = {ACM},
 address = {New York, NY, USA},
 keywords = {Neo-Piagetian stages, model of hierarchical complexity, task complexity},
}

@article{Fishberg:2015:NRA:2752628.2752648,
 author = {Fishberg, Andrew J. and Posner, Samuel A.},
 title = {Neo-piagetian Reasoning and Abstraction: Introducing Low-level Programming to Novice Students},
 journal = {J. Comput. Sci. Coll.},
 issue_date = {April 2015},
 volume = {30},
 number = {4},
 month = apr,
 year = {2015},
 issn = {1937-4771},
 pages = {92--99},
 numpages = {8},
 url = {http://dl.acm.org/citation.cfm?id=2752628.2752648},
 acmid = {2752648},
 publisher = {Consortium for Computing Sciences in Colleges},
 address = {USA},
}

@inproceedings{Szabo:2014:NTG:2538862.2538910,
 author = {Szabo, Claudia and Falkner, Katrina},
 title = {Neo-piagetian Theory As a Guide to Curriculum Analysis},
 booktitle = {Proceedings of the 45th ACM Technical Symposium on Computer Science Education},
 series = {SIGCSE '14},
 year = {2014},
 isbn = {978-1-4503-2605-6},
 location = {Atlanta, Georgia, USA},
 pages = {115--120},
 numpages = {6},
 url = {http://doi.acm.org/10.1145/2538862.2538910},
 doi = {10.1145/2538862.2538910},
 acmid = {2538910},
 publisher = {ACM},
 address = {New York, NY, USA},
 keywords = {computer science education, curriculum mapping},
}

@inproceedings{Szabo:2014:ECD:2674683.2674691,
 author = {Szabo, Claudia and Falkner, Katrina and Falkner, Nickolas},
 title = {Experiences in Course Design Using Neo-piagetian Theory},
 booktitle = {Proceedings of the 14th Koli Calling International Conference on Computing Education Research},
 series = {Koli Calling '14},
 year = {2014},
 isbn = {978-1-4503-3065-7},
 location = {Koli, Finland},
 pages = {81--90},
 numpages = {10},
 url = {http://doi.acm.org/10.1145/2674683.2674691},
 doi = {10.1145/2674683.2674691},
 acmid = {2674691},
 publisher = {ACM},
 address = {New York, NY, USA},
 keywords = {computer science education, course design, neo-piaget},
}

@inproceedings{Teague:2014:PRW:2591708.2591712,
 author = {Teague, Donna and Lister, Raymond},
 title = {Programming: Reading, Writing and Reversing},
 booktitle = {Proceedings of the 2014 Conference on Innovation \&\#38; Technology in Computer Science Education},
 series = {ITiCSE '14},
 year = {2014},
 isbn = {978-1-4503-2833-3},
 location = {Uppsala, Sweden},
 pages = {285--290},
 numpages = {6},
 url = {http://doi.acm.org/10.1145/2591708.2591712},
 doi = {10.1145/2591708.2591712},
 acmid = {2591712},
 publisher = {ACM},
 address = {New York, NY, USA},
 keywords = {neo-piagetian theory, novice programmers, programming, reversibility, think aloud},
}

@inproceedings{Aggarwal:2017:NCR:3017680.3022469,
 author = {Aggarwal, Ashish},
 title = {Neo-Piagetian Classification of Reasoning Ability and Mental Simulation in Microsoft's Kodu Game Lab},
 booktitle = {Proceedings of the 2017 ACM SIGCSE Technical Symposium on Computer Science Education},
 series = {SIGCSE '17},
 year = {2017},
 isbn = {978-1-4503-4698-6},
 location = {Seattle, Washington, USA},
 pages = {745--746},
 numpages = {2},
 url = {http://doi.acm.org/10.1145/3017680.3022469},
 doi = {10.1145/3017680.3022469},
 acmid = {3022469},
 publisher = {ACM},
 address = {New York, NY, USA},
 keywords = {K-12, computational thinking, kodu, lawfulness, mental simulation, neo-piagetian, reasoning ability},
}

@article{Werth:1986:PSP:953055.5701,
 author = {Werth, Laurie Honour},
 title = {Predicting Student Performance in a Beginning Computer Science Class},
 journal = {SIGCSE Bull.},
 issue_date = {February 1986},
 volume = {18},
 number = {1},
 month = feb,
 year = {1986},
 issn = {0097-8418},
 pages = {138--143},
 numpages = {6},
 url = {http://doi.acm.org/10.1145/953055.5701},
 doi = {10.1145/953055.5701},
 acmid = {5701},
 publisher = {ACM},
 address = {New York, NY, USA},
}

@inproceedings{Werth:1986:PSP:5600.5701,
 author = {Werth, Laurie Honour},
 title = {Predicting Student Performance in a Beginning Computer Science Class},
 booktitle = {Proceedings of the Seventeenth SIGCSE Technical Symposium on Computer Science Education},
 series = {SIGCSE '86},
 year = {1986},
 isbn = {0-89791-178-4},
 location = {Cincinnati, Ohio, USA},
 pages = {138--143},
 numpages = {6},
 url = {http://doi.acm.org/10.1145/5600.5701},
 doi = {10.1145/5600.5701},
 acmid = {5701},
 publisher = {ACM},
 address = {New York, NY, USA},
}

@inproceedings{Touretzky:2017:SRY:3017680.3017787,
 author = {Touretzky, David S. and Gardner-McCune, Christina and Aggarwal, Ashish},
 title = {Semantic Reasoning in Young Programmers},
 booktitle = {Proceedings of the 2017 ACM SIGCSE Technical Symposium on Computer Science Education},
 series = {SIGCSE '17},
 year = {2017},
 isbn = {978-1-4503-4698-6},
 location = {Seattle, Washington, USA},
 pages = {585--590},
 numpages = {6},
 url = {http://doi.acm.org/10.1145/3017680.3017787},
 doi = {10.1145/3017680.3017787},
 acmid = {3017787},
 publisher = {ACM},
 address = {New York, NY, USA},
 keywords = {formal reasoning, kodu game lab, programming idioms},
}

