@inproceedings{Zipitria:2018:PCT:3289406.3289412,
 author = {Zipitr\'{\i}a, Sylvia da Rosa},
 title = {Piaget and Computational Thinking},
 booktitle = {Proceedings of the 7th Computer Science Education Research Conference},
 series = {CSERC '18},
 year = {2018},
 isbn = {978-1-4503-6624-3},
 location = {Saint Petersburg, Russian Federation},
 pages = {44--50},
 numpages = {7},
 url = {http://doi.acm.org/10.1145/3289406.3289412},
 doi = {10.1145/3289406.3289412},
 acmid = {3289412},
 publisher = {ACM},
 address = {New York, NY, USA},
 keywords = {Learning to program, Novice learners, Piaget's theory},
}

@inproceedings{Rabin:2016:DIC:2899415.2925475,
 author = {Rabin, Beatriz and da Rosa, Sylvia},
 title = {Didactical Ideas in Computer Science},
 booktitle = {Proceedings of the 2016 ACM Conference on Innovation and Technology in Computer Science Education},
 series = {ITiCSE '16},
 year = {2016},
 isbn = {978-1-4503-4231-5},
 location = {Arequipa, Peru},
 pages = {352--352},
 numpages = {1},
 url = {http://doi.acm.org/10.1145/2899415.2925475},
 doi = {10.1145/2899415.2925475},
 acmid = {2925475},
 publisher = {ACM},
 address = {New York, NY, USA},
 keywords = {assessment, computer programming, epistemological theory, recursion, theory of situations},
}

@inproceedings{Maksimenko:2019:RSD:3323771.3323822,
 author = {Maksimenko, Marianna N. and Mirzakhanyan, Ruzan E.},
 title = {The Role of Studying Discrete Mathematics in the Formation of the Logic of Thinking for Computer Science Students},
 booktitle = {Proceedings of the 2019 7th International Conference on Information and Education Technology},
 series = {ICIET 2019},
 year = {2019},
 isbn = {978-1-4503-6639-7},
 location = {Aizu-Wakamatsu, Japan},
 pages = {185--190},
 numpages = {6},
 url = {http://doi.acm.org/10.1145/3323771.3323822},
 doi = {10.1145/3323771.3323822},
 acmid = {3323822},
 publisher = {ACM},
 address = {New York, NY, USA},
 keywords = {Classical Logic, Development of Intelligence, Falsehood Logic, Logical Laws, Non-classical Logic, converse implication, converse non-implication, implication, non-implication, teaching Discrete Mathematics},
}

@inproceedings{Oliveira:2011:CAP:1999747.1999797,
 author = {Oliveira, Osvaldo Luiz and Monteiro, Ana Maria and Roman, Norton Trevisan},
 title = {From Concrete to Abstract?: Problem Domain in the Learning of Introductory Programming},
 booktitle = {Proceedings of the 16th Annual Joint Conference on Innovation and Technology in Computer Science Education},
 series = {ITiCSE '11},
 year = {2011},
 isbn = {978-1-4503-0697-3},
 location = {Darmstadt, Germany},
 pages = {173--177},
 numpages = {5},
 url = {http://doi.acm.org/10.1145/1999747.1999797},
 doi = {10.1145/1999747.1999797},
 acmid = {1999797},
 publisher = {ACM},
 address = {New York, NY, USA},
 keywords = {computer programming education, cs1, empirical research, introductory programming, languages},
}

@inproceedings{Cress:2007:TFC:1599600.1599630,
 author = {Cress, Ulrike and Kimmerle, Joachim},
 title = {A Theoretical Framework of Collaborative Knowledge Building with Wikis: A Systemic and Cognitive Perspective},
 booktitle = {Proceedings of the 8th Iternational Conference on Computer Supported Collaborative Learning},
 series = {CSCL'07},
 year = {2007},
 isbn = {978-0-6151-5436-7},
 location = {New Brunswick, New Jersey, USA},
 pages = {156--164},
 numpages = {9},
 url = {http://dl.acm.org/citation.cfm?id=1599600.1599630},
 acmid = {1599630},
 publisher = {International Society of the Learning Sciences},
}

