@inproceedings{Sein-Echaluce:2015:EI:2808580.2808592,
 author = {Sein-Echaluce, Mar\'{\i}a Luisa and Fidalgo-Blanco, \'{A}ngel and Pedro, Neuza},
 title = {Educational Innovation},
 booktitle = {Proceedings of the 3rd International Conference on Technological Ecosystems for Enhancing Multiculturality},
 series = {TEEM '15},
 year = {2015},
 isbn = {978-1-4503-3442-6},
 location = {Porto, Portugal},
 pages = {73--76},
 numpages = {4},
 url = {http://doi.acm.org/10.1145/2808580.2808592},
 doi = {10.1145/2808580.2808592},
 acmid = {2808592},
 publisher = {ACM},
 address = {New York, NY, USA},
 keywords = {adaptive learning, educational innovation, learning communities, learning contents management systems, teamwork competence},
}

@inproceedings{Blikstein:2014:RPI:2593968.2597649,
 author = {Blikstein, Paulo},
 title = {Reempowering Powerful Ideas: Designers' Mission in the Age of Ubiquitous Technology},
 booktitle = {Proceedings of the 2014 Conference on Interaction Design and Children},
 series = {IDC '14},
 year = {2014},
 isbn = {978-1-4503-2272-0},
 location = {Aarhus, Denmark},
 pages = {1--4},
 numpages = {4},
 url = {http://doi.acm.org/10.1145/2593968.2597649},
 doi = {10.1145/2593968.2597649},
 acmid = {2597649},
 publisher = {ACM},
 address = {New York, NY, USA},
 keywords = {constructionism, constructivism, education, interaction design, makers' movement, physical computing, robotics},
}

@inproceedings{Jalal:2013:EAE:2536853.2536896,
 author = {Jalal, Syed Asim and Gibbins, Nicholas and Millard, David and Al-Hashimi, Bashir and Aljohani, Naif Radi},
 title = {Energy-Aware Adaptation of Educational Multimedia in Mobile Learning},
 booktitle = {Proceedings of International Conference on Advances in Mobile Computing \&\#38; Multimedia},
 series = {MoMM '13},
 year = {2013},
 isbn = {978-1-4503-2106-8},
 location = {Vienna, Austria},
 pages = {434:434--434:439},
 articleno = {434},
 numpages = {6},
 url = {http://doi.acm.org/10.1145/2536853.2536896},
 doi = {10.1145/2536853.2536896},
 acmid = {2536896},
 publisher = {ACM},
 address = {New York, NY, USA},
 keywords = {Battery Saving, Energy Efficiency, Mobile Learning, Multimedia Learning},
}

@article{Neal:2006:FQJ:1145652.1145654,
 author = {Neal, Lisa},
 title = {Five Questions... For John Seely Brown},
 journal = {eLearn},
 issue_date = {June 2006},
 volume = {2006},
 number = {6},
 month = jun,
 year = {2006},
 issn = {1535-394X},
 pages = {1--},
 url = {http://doi.acm.org/10.1145/1145652.1145654},
 doi = {10.1145/1145652.1145654},
 acmid = {1145654},
 publisher = {ACM},
 address = {New York, NY, USA},
}

@inproceedings{Blikstein:2012:BMM:2307096.2307150,
 author = {Blikstein, Paulo and Fuhrmann, Tamar and Greene, Daniel and Salehi, Shima},
 title = {Bifocal Modeling: Mixing Real and Virtual Labs for Advanced Science Learning},
 booktitle = {Proceedings of the 11th International Conference on Interaction Design and Children},
 series = {IDC '12},
 year = {2012},
 isbn = {978-1-4503-1007-9},
 location = {Bremen, Germany},
 pages = {296--299},
 numpages = {4},
 url = {http://doi.acm.org/10.1145/2307096.2307150},
 doi = {10.1145/2307096.2307150},
 acmid = {2307150},
 publisher = {ACM},
 address = {New York, NY, USA},
 keywords = {computer modeling, constructivism, physical computing, sensing},
}

@inproceedings{Celina:2016:SMM:2901790.2901848,
 author = {Celina, Hanna and Kharrufa, Ahmed and Preston, Anne and Comber, Rob and Olivier, Patrick},
 title = {SOLE Meets MOOC: Designing Infrastructure for Online Self-organised Learning with a Social Mission},
 booktitle = {Proceedings of the 2016 ACM Conference on Designing Interactive Systems},
 series = {DIS '16},
 year = {2016},
 isbn = {978-1-4503-4031-1},
 location = {Brisbane, QLD, Australia},
 pages = {484--496},
 numpages = {13},
 url = {http://doi.acm.org/10.1145/2901790.2901848},
 doi = {10.1145/2901790.2901848},
 acmid = {2901848},
 publisher = {ACM},
 address = {New York, NY, USA},
 keywords = {activism, civic education, civic engagement, e-learning, mooc, online learning, sole},
}

@inproceedings{Guler:2013:IEI:2485760.2485801,
 author = {Guler, Sibel Deren and Rule, Michael Everett},
 title = {Invent-abling: Enabling Inventiveness Through Craft},
 booktitle = {Proceedings of the 12th International Conference on Interaction Design and Children},
 series = {IDC '13},
 year = {2013},
 isbn = {978-1-4503-1918-8},
 location = {New York, New York, USA},
 pages = {368--371},
 numpages = {4},
 url = {http://doi.acm.org/10.1145/2485760.2485801},
 doi = {10.1145/2485760.2485801},
 acmid = {2485801},
 publisher = {ACM},
 address = {New York, NY, USA},
 keywords = {construction kit, electronics, girl-centric toys, interactive learning, smart materials},
}

@inproceedings{Rogers:2014:NTN:2591708.2602688,
 author = {Rogers, Yvonne},
 title = {New Technology, New Learning?},
 booktitle = {Proceedings of the 2014 Conference on Innovation \&\#38; Technology in Computer Science Education},
 series = {ITiCSE '14},
 year = {2014},
 isbn = {978-1-4503-2833-3},
 location = {Uppsala, Sweden},
 pages = {1--1},
 numpages = {1},
 url = {http://doi.acm.org/10.1145/2591708.2602688},
 doi = {10.1145/2591708.2602688},
 acmid = {2602688},
 publisher = {ACM},
 address = {New York, NY, USA},
 keywords = {human-computer interaction, technologies to facilitate learning},
}

@inproceedings{Guerrero:2018:UFC:3284179.3284294,
 author = {Guerrero, Mar\'{\i}a del Mar L\'{o}pez and Guerrero, Gema L\'{o}pez and Mesa, Juan Carlos Garc\'{\i}a and Jim{\'e}nez, Mar\'{\i}a Auxiliadora L\'{o}pez and Leal, Pablo Montoro},
 title = {Using Flipped Classroom at University to Improve the Chemistry Learning},
 booktitle = {Proceedings of the Sixth International Conference on Technological Ecosystems for Enhancing Multiculturality},
 series = {TEEM'18},
 year = {2018},
 isbn = {978-1-4503-6518-5},
 location = {Salamanca, Spain},
 pages = {698--702},
 numpages = {5},
 url = {http://doi.acm.org/10.1145/3284179.3284294},
 doi = {10.1145/3284179.3284294},
 acmid = {3284294},
 publisher = {ACM},
 address = {New York, NY, USA},
 keywords = {Chemistry, Flipped classroom, innovation at university, learning},
}

@inproceedings{Govindaraj:2018:PSN:3290511.3290581,
 author = {Govindaraj, Anandraj and Silverajah, V. S. Giita},
 title = {A Preliminary Study in the Need of Designing and Implementing Technology Coaching Programme},
 booktitle = {Proceedings of the 10th International Conference on Education Technology and Computers},
 series = {ICETC '18},
 year = {2018},
 isbn = {978-1-4503-6517-8},
 location = {Tokyo, Japan},
 pages = {17--21},
 numpages = {5},
 url = {http://doi.acm.org/10.1145/3290511.3290581},
 doi = {10.1145/3290511.3290581},
 acmid = {3290581},
 publisher = {ACM},
 address = {New York, NY, USA},
 keywords = {SAMR model, coaching, professional development},
}

@article{Astrachan:2009:OCE:1595453.1595476,
 author = {Astrachan, Owen},
 title = {Out-of-the-box: Cogito Ergo Hack},
 journal = {SIGCSE Bull.},
 issue_date = {June 2009},
 volume = {41},
 number = {2},
 month = jun,
 year = {2009},
 issn = {0097-8418},
 pages = {80--81},
 numpages = {2},
 url = {http://doi.acm.org/10.1145/1595453.1595476},
 doi = {10.1145/1595453.1595476},
 acmid = {1595476},
 publisher = {ACM},
 address = {New York, NY, USA},
}

@inproceedings{Wang:2018:WPM:3241815.3241816,
 author = {Wang, Ye Diana and Matz, Robert},
 title = {Work In Progress - A Multidisciplinary Minor in Web Design},
 booktitle = {Proceedings of the 19th Annual SIG Conference on Information Technology Education},
 series = {SIGITE '18},
 year = {2018},
 isbn = {978-1-4503-5954-2},
 location = {Fort Lauderdale, Florida, USA},
 pages = {58--58},
 numpages = {1},
 url = {http://doi.acm.org/10.1145/3241815.3241816},
 doi = {10.1145/3241815.3241816},
 acmid = {3241816},
 publisher = {ACM},
 address = {New York, NY, USA},
 keywords = {multidisciplinary minor, web design},
}

@inproceedings{Filsell:2002:RPT:820060.820065,
 author = {Filsell, Jenny and Barnes, Alan},
 title = {Researching Pedagogy and Teaching Methodologies That Transform Student Learning in South Australian Classrooms},
 booktitle = {Proceedings of the Seventh World Conference on Computers in Education Conference on Computers in Education: Australian Topics - Volume 8},
 series = {CRPIT '02},
 year = {2002},
 isbn = {0-909925-86-0},
 location = {Copenhagen, Denmark},
 pages = {23--30},
 numpages = {8},
 url = {http://dl.acm.org/citation.cfm?id=820060.820065},
 acmid = {820065},
 publisher = {Australian Computer Society, Inc.},
 address = {Darlinghurst, Australia, Australia},
}

@inproceedings{Chang:2018:DOP:3159450.3159505,
 author = {Chang, Yunjeong and Cintron, Leslie and Cohoon, James P. and Tychonievich, Luther},
 title = {Diversity-focused Online Professional Development for Community College Computing Faculty: Participant Motivations and Perceptions},
 booktitle = {Proceedings of the 49th ACM Technical Symposium on Computer Science Education},
 series = {SIGCSE '18},
 year = {2018},
 isbn = {978-1-4503-5103-4},
 location = {Baltimore, Maryland, USA},
 pages = {783--788},
 numpages = {6},
 url = {http://doi.acm.org/10.1145/3159450.3159505},
 doi = {10.1145/3159450.3159505},
 acmid = {3159505},
 publisher = {ACM},
 address = {New York, NY, USA},
 keywords = {community college, diversity, in-service training, motivation, online course, perceptions, professional development},
}

@inproceedings{Brinson:2012:SDC:2282338.2282387,
 author = {Brinson, Peter and ValaNejad, Kurosh},
 title = {Subjective Documentary: The Cat and the Coup},
 booktitle = {Proceedings of the International Conference on the Foundations of Digital Games},
 series = {FDG '12},
 year = {2012},
 isbn = {978-1-4503-1333-9},
 location = {Raleigh, North Carolina},
 pages = {246--249},
 numpages = {4},
 url = {http://doi.acm.org/10.1145/2282338.2282387},
 doi = {10.1145/2282338.2282387},
 acmid = {2282387},
 publisher = {ACM},
 address = {New York, NY, USA},
 keywords = {CIA, Iran, Mossadegh, coup d'{\'e}tat, democracy, game design, history, persian miniatures, war},
}

@inproceedings{Tomkin:2014:PMU:2556325.2566245,
 author = {Tomkin, Jonathan H. and Charlevoix, Donna},
 title = {Do Professors Matter?: Using an a/B Test to Evaluate the Impact of Instructor Involvement on MOOC Student Outcomes},
 booktitle = {Proceedings of the First ACM Conference on Learning @ Scale Conference},
 series = {L@S '14},
 year = {2014},
 isbn = {978-1-4503-2669-8},
 location = {Atlanta, Georgia, USA},
 pages = {71--78},
 numpages = {8},
 url = {http://doi.acm.org/10.1145/2556325.2566245},
 doi = {10.1145/2556325.2566245},
 acmid = {2566245},
 publisher = {ACM},
 address = {New York, NY, USA},
 keywords = {a/b testing, collaborative learning., mooc},
}

@inproceedings{Hakimzadeh:2011:SIA:2070364.2070386,
 author = {Hakimzadeh, Hossein and Adaikkalavan, Raman and Batzinger, Robert},
 title = {Successful Implementation of an Active Learning Laboratory in Computer Science},
 booktitle = {Proceedings of the 39th Annual ACM SIGUCCS Conference on User Services},
 series = {SIGUCCS '11},
 year = {2011},
 isbn = {978-1-4503-1023-9},
 location = {San Diego, California, USA},
 pages = {83--86},
 numpages = {4},
 url = {http://doi.acm.org/10.1145/2070364.2070386},
 doi = {10.1145/2070364.2070386},
 acmid = {2070386},
 publisher = {ACM},
 address = {New York, NY, USA},
 keywords = {active learning, active learning classrooms, active learning pedagogical methods},
}

@inproceedings{SanDiego:2008:PPE:1452392.1452434,
 author = {San Diego, Jonathan Padilla and Barrow, Alastair and Cox, Margaret and Harwin, William},
 title = {PHANTOM Prototype: Exploring the Potential for Learning with Multimodal Features in Dentistry},
 booktitle = {Proceedings of the 10th International Conference on Multimodal Interfaces},
 series = {ICMI '08},
 year = {2008},
 isbn = {978-1-60558-198-9},
 location = {Chania, Crete, Greece},
 pages = {201--202},
 numpages = {2},
 url = {http://doi.acm.org/10.1145/1452392.1452434},
 doi = {10.1145/1452392.1452434},
 acmid = {1452434},
 publisher = {ACM},
 address = {New York, NY, USA},
 keywords = {haptics, multimodality, technology-enhanced learning, virtual reality},
}

@inproceedings{Vale:2003:FRS:1082060.1082075,
 author = {Vale, Paul},
 title = {Having Fun and Raising Standards},
 booktitle = {Proceedings of the International Federation for Information Processing Working Group 3.5 Open Conference on Young Children and Learning Technologies - Volume 34},
 series = {CRPIT '03},
 year = {2003},
 isbn = {1-920682-16-3},
 location = {Sydney, Australia},
 pages = {95--98},
 numpages = {4},
 url = {http://dl.acm.org/citation.cfm?id=1082060.1082075},
 acmid = {1082075},
 publisher = {Australian Computer Society, Inc.},
 address = {Darlinghurst, Australia, Australia},
 keywords = {effective pedagogies, learning processes, project based learning, research, standards},
}

@inproceedings{Maleko:2012:NPE:2325296.2325364,
 author = {Maleko, Mercy and Hamilton, Margaret and D'Souza, Daryl},
 title = {Novices' Perceptions and Experiences of a Mobile Social Learning Environment for Learning of Programming},
 booktitle = {Proceedings of the 17th ACM Annual Conference on Innovation and Technology in Computer Science Education},
 series = {ITiCSE '12},
 year = {2012},
 isbn = {978-1-4503-1246-2},
 location = {Haifa, Israel},
 pages = {285--290},
 numpages = {6},
 url = {http://doi.acm.org/10.1145/2325296.2325364},
 doi = {10.1145/2325296.2325364},
 acmid = {2325364},
 publisher = {ACM},
 address = {New York, NY, USA},
 keywords = {facebook, interactions, mobile learning, novice programmer, social learning, social networking},
}

@inproceedings{Mbogo:2019:SMM:3287324.3287447,
 author = {Mbogo, Chao},
 title = {A Structured Mentorship Model for Computer Science University Students in Kenya},
 booktitle = {Proceedings of the 50th ACM Technical Symposium on Computer Science Education},
 series = {SIGCSE '19},
 year = {2019},
 isbn = {978-1-4503-5890-3},
 location = {Minneapolis, MN, USA},
 pages = {1109--1115},
 numpages = {7},
 url = {http://doi.acm.org/10.1145/3287324.3287447},
 doi = {10.1145/3287324.3287447},
 acmid = {3287447},
 publisher = {ACM},
 address = {New York, NY, USA},
 keywords = {computer science, kenya, mentorship, model, university},
}

@inproceedings{Lee:2017:TAD:3027385.3027386,
 author = {Lee, Alwyn Vwen Yen and Tan, Seng Chee},
 title = {Temporal Analytics with Discourse Analysis: Tracing Ideas and Impact on Communal Discourse},
 booktitle = {Proceedings of the Seventh International Learning Analytics \&\#38; Knowledge Conference},
 series = {LAK '17},
 year = {2017},
 isbn = {978-1-4503-4870-6},
 location = {Vancouver, British Columbia, Canada},
 pages = {120--127},
 numpages = {8},
 url = {http://doi.acm.org/10.1145/3027385.3027386},
 doi = {10.1145/3027385.3027386},
 acmid = {3027386},
 publisher = {ACM},
 address = {New York, NY, USA},
 keywords = {discourse analysis, idea measurement, learning analytics, social network analysis, temporality},
}

@inproceedings{Deni:2018:PET:3290511.3290512,
 author = {Deni, Ann Rosnida Md and Zainal, Zainor Izat},
 title = {Padlet As an Educational Tool: Pedagogical Considerations and Lessons Learnt},
 booktitle = {Proceedings of the 10th International Conference on Education Technology and Computers},
 series = {ICETC '18},
 year = {2018},
 isbn = {978-1-4503-6517-8},
 location = {Tokyo, Japan},
 pages = {156--162},
 numpages = {7},
 url = {http://doi.acm.org/10.1145/3290511.3290512},
 doi = {10.1145/3290511.3290512},
 acmid = {3290512},
 publisher = {ACM},
 address = {New York, NY, USA},
 keywords = {Padlet, technology implementation, undergraduate studies, web 2.0 tools},
}

@inproceedings{Mostrom:2008:CEA:1404520.1404533,
 author = {Mostr\"{o}m, Jan Erik and Boustedt, Jonas and Eckerdal, Anna and McCartney, Robert and Sanders, Kate and Thomas, Lynda and Zander, Carol},
 title = {Concrete Examples of Abstraction As Manifested in Students' Transformative Experiences},
 booktitle = {Proceedings of the Fourth International Workshop on Computing Education Research},
 series = {ICER '08},
 year = {2008},
 isbn = {978-1-60558-216-0},
 location = {Sydney, Australia},
 pages = {125--136},
 numpages = {12},
 url = {http://doi.acm.org/10.1145/1404520.1404533},
 doi = {10.1145/1404520.1404533},
 acmid = {1404533},
 publisher = {ACM},
 address = {New York, NY, USA},
 keywords = {abstraction, learning theory, threshold concepts, transformation},
}

@inproceedings{Nylen:2017:ECI:3141880.3141899,
 author = {Nyl{\'e}n, Aletta and Isom\"{o}tt\"{o}nen, Ville},
 title = {Exploring the Critical Incident Technique to Encourage Reflection During Project-based Learning},
 booktitle = {Proceedings of the 17th Koli Calling International Conference on Computing Education Research},
 series = {Koli Calling '17},
 year = {2017},
 isbn = {978-1-4503-5301-4},
 location = {Koli, Finland},
 pages = {88--97},
 numpages = {10},
 url = {http://doi.acm.org/10.1145/3141880.3141899},
 doi = {10.1145/3141880.3141899},
 acmid = {3141899},
 publisher = {ACM},
 address = {New York, NY, USA},
 keywords = {computing education, professional competencies, project based learning, reflection},
}

@inproceedings{Pipatjumroenkul:2019:DUM:3306500.3306568,
 author = {Pipatjumroenkul, Yaowaluk and Siripattanakul, Sutithap and Sompong, Narong},
 title = {Development of Using Model on Project-based Blended e-Learning Courseware for Teacher's ICT Skills in 21st Century in the Central Region of Thailand},
 booktitle = {Proceedings of the 10th International Conference on E-Education, E-Business, E-Management and E-Learning},
 series = {IC4E '19},
 year = {2019},
 isbn = {978-1-4503-6602-1},
 location = {Tokyo, Japan},
 pages = {103--107},
 numpages = {5},
 url = {http://doi.acm.org/10.1145/3306500.3306568},
 doi = {10.1145/3306500.3306568},
 acmid = {3306568},
 publisher = {ACM},
 address = {New York, NY, USA},
 keywords = {ICT4T-C21 model, e-learning courseware, project-based learning, teacher's ICT skills},
}

@inproceedings{Isomottonen:2018:SGG:3197091.3197126,
 author = {Isom\"{o}tt\"{o}nen, Ville and Nyl{\'e}n, Aletta},
 title = {How Students Get Going: Triggers for Students\&\#39; Learning in Project-based Education},
 booktitle = {Proceedings of the 23rd Annual ACM Conference on Innovation and Technology in Computer Science Education},
 series = {ITiCSE 2018},
 year = {2018},
 isbn = {978-1-4503-5707-4},
 location = {Larnaca, Cyprus},
 pages = {117--122},
 numpages = {6},
 url = {http://doi.acm.org/10.1145/3197091.3197126},
 doi = {10.1145/3197091.3197126},
 acmid = {3197126},
 publisher = {ACM},
 address = {New York, NY, USA},
 keywords = {Project-based learning, critical incident technique, learning triggers, reflection},
}

@inproceedings{Shinners-Kennedy:2013:ITC:2493394.2493396,
 author = {Shinners-Kennedy, Dermot and Fincher, Sally A.},
 title = {Identifying Threshold Concepts: From Dead End to a New Direction},
 booktitle = {Proceedings of the Ninth Annual International ACM Conference on International Computing Education Research},
 series = {ICER '13},
 year = {2013},
 isbn = {978-1-4503-2243-0},
 location = {San Diego, San California, USA},
 pages = {9--18},
 numpages = {10},
 url = {http://doi.acm.org/10.1145/2493394.2493396},
 doi = {10.1145/2493394.2493396},
 acmid = {2493396},
 publisher = {ACM},
 address = {New York, NY, USA},
 keywords = {hindsight bias, pck, threshold concepts},
}

@inproceedings{Thomas:2010:HST:1734263.1734366,
 author = {Thomas, Lynda and Zander, Carol and Eckerdal, Anna},
 title = {Harnessing Surprise: Tales from Students' Transformational Biographies},
 booktitle = {Proceedings of the 41st ACM Technical Symposium on Computer Science Education},
 series = {SIGCSE '10},
 year = {2010},
 isbn = {978-1-4503-0006-3},
 location = {Milwaukee, Wisconsin, USA},
 pages = {300--304},
 numpages = {5},
 url = {http://doi.acm.org/10.1145/1734263.1734366},
 doi = {10.1145/1734263.1734366},
 acmid = {1734366},
 publisher = {ACM},
 address = {New York, NY, USA},
 keywords = {attitudinal factors, student biographies, surprise, threshold concepts, transformation, work experience},
}

@inproceedings{Backhouse:2005:LIG:1095714.1095740,
 author = {Backhouse, Judy},
 title = {Learning Individual Group Skills for Software Analysis and Design in Africa},
 booktitle = {Proceedings of the 6th Conference on Information Technology Education},
 series = {SIGITE '05},
 year = {2005},
 isbn = {1-59593-252-6},
 location = {Newark, NJ, USA},
 pages = {107--112},
 numpages = {6},
 url = {http://doi.acm.org/10.1145/1095714.1095740},
 doi = {10.1145/1095714.1095740},
 acmid = {1095740},
 publisher = {ACM},
 address = {New York, NY, USA},
 keywords = {group skills, groups, learning groups, reflective practice, teams},
}

@inproceedings{Carter:2011:MOS:2078856.2078858,
 author = {Carter, Janet and Bouvier, Dennis and Cardell-Oliver, Rachel and Hamilton, Margaret and Kurkovsky, Stanislav and Markham, Stefanie and McClung, O. William and McDermott, Roger and Riedesel, Charles and Shi, Jian and White, Su},
 title = {Motivating All Our Students?},
 booktitle = {Proceedings of the 16th Annual Conference Reports on Innovation and Technology in Computer Science Education - Working Group Reports},
 series = {ITiCSE-WGR '11},
 year = {2011},
 isbn = {978-1-4503-1122-9},
 location = {Darmstadt, Germany},
 pages = {1--18},
 numpages = {18},
 url = {http://doi.acm.org/10.1145/2078856.2078858},
 doi = {10.1145/2078856.2078858},
 acmid = {2078858},
 publisher = {ACM},
 address = {New York, NY, USA},
 keywords = {differentiation in the classroom, learning programming, otivation},
}

@inproceedings{Fonseca:2018:LSC:3290511.3290550,
 author = {Fonseca, Ingrid and Jim{\'e}nez, Milthon Betancourt},
 title = {Learning Strategies in Colombian University Students},
 booktitle = {Proceedings of the 10th International Conference on Education Technology and Computers},
 series = {ICETC '18},
 year = {2018},
 isbn = {978-1-4503-6517-8},
 location = {Tokyo, Japan},
 pages = {231--234},
 numpages = {4},
 url = {http://doi.acm.org/10.1145/3290511.3290550},
 doi = {10.1145/3290511.3290550},
 acmid = {3290550},
 publisher = {ACM},
 address = {New York, NY, USA},
 keywords = {CEVEAPEU, higher education, learning strategies, university},
}

@inproceedings{Kim:2019:SRS:3318396.3318416,
 author = {Kim, Dongsim and Lee, Myunghwa},
 title = {The Structural Relationship Among Smartphone Dependency, Teaching Presence, Deep Approach to Learning and Satisfaction in Online Deeper Learning},
 booktitle = {Proceedings of the 2019 8th International Conference on Educational and Information Technology},
 series = {ICEIT 2019},
 year = {2019},
 isbn = {978-1-4503-6267-2},
 location = {Cambridge, United Kingdom},
 pages = {27--32},
 numpages = {6},
 url = {http://doi.acm.org/10.1145/3318396.3318416},
 doi = {10.1145/3318396.3318416},
 acmid = {3318416},
 publisher = {ACM},
 address = {New York, NY, USA},
 keywords = {deep approach to learning, satisfaction with courses, smartphone dependency, teaching presence},
}

@article{Isomottonen:2019:SGE:3303943.3277568,
 author = {Isom\"{o}tt\"{o}nen, Ville and Daniels, Mats and Cajander, \AAsa and Pears, Arnold and Mcdermott, Roger},
 title = {Searching for Global Employability: Can Students Capitalize on Enabling Learning Environments?},
 journal = {ACM Trans. Comput. Educ.},
 issue_date = {February 2019},
 volume = {19},
 number = {2},
 month = jan,
 year = {2019},
 issn = {1946-6226},
 pages = {11:1--11:29},
 articleno = {11},
 numpages = {29},
 url = {http://doi.acm.org/10.1145/3277568},
 doi = {10.1145/3277568},
 acmid = {3277568},
 publisher = {ACM},
 address = {New York, NY, USA},
 keywords = {Project-based learning, employability, global software engineering education},
}

@inproceedings{Taylor:2018:PAC:3293881.3295785,
 author = {Taylor, Cynthia and Spacco, Jaime and Bunde, David P. and Butler, Zack and Bort, Heather and Hovey, Christopher Lynnly and Maiorana, Francesco and Zeume, Thomas},
 title = {Propagating the Adoption of CS Educational Innovations},
 booktitle = {Proceedings Companion of the 23rd Annual ACM Conference on Innovation and Technology in Computer Science Education},
 series = {ITiCSE 2018 Companion},
 year = {2018},
 isbn = {978-1-4503-6223-8},
 location = {Larnaca, Cyprus},
 pages = {217--235},
 numpages = {19},
 url = {http://doi.acm.org/10.1145/3293881.3295785},
 doi = {10.1145/3293881.3295785},
 acmid = {3295785},
 publisher = {ACM},
 address = {New York, NY, USA},
 keywords = {educational adoption, educational propagation},
}

@inproceedings{Qiong:2019:RTR:3338188.3338205,
 author = {Qiong, Li},
 title = {Research on Teaching Reform of Educational Technology Public Course Under the Background of Educational Information 2.0},
 booktitle = {Proceedings of the 5th International Conference on Frontiers of Educational Technologies},
 series = {ICFET 2019},
 year = {2019},
 isbn = {978-1-4503-6293-1},
 location = {Beijing, China},
 pages = {44--47},
 numpages = {4},
 url = {http://doi.acm.org/10.1145/3338188.3338205},
 doi = {10.1145/3338188.3338205},
 acmid = {3338205},
 publisher = {ACM},
 address = {New York, NY, USA},
 keywords = {Education information 2.0, education technology public course, mixed learning mode},
}

@inproceedings{Sanders:2016:TCC:2999541.2999546,
 author = {Sanders, Kate and McCartney, Robert},
 title = {Threshold Concepts in Computing: Past, Present, and Future},
 booktitle = {Proceedings of the 16th Koli Calling International Conference on Computing Education Research},
 series = {Koli Calling '16},
 year = {2016},
 isbn = {978-1-4503-4770-9},
 location = {Koli, Finland},
 pages = {91--100},
 numpages = {10},
 url = {http://doi.acm.org/10.1145/2999541.2999546},
 doi = {10.1145/2999541.2999546},
 acmid = {2999546},
 publisher = {ACM},
 address = {New York, NY, USA},
 keywords = {threshold concepts},
}

@inproceedings{Alexander:2008:ETT:1449956.1449958,
 author = {Alexander, Bryan N.},
 title = {Emergent Technologies for Teaching and Learning: Social Media and Ubiquitous Computing},
 booktitle = {Proceedings of the 36th  Annual ACM SIGUCCS Fall Conference: Moving Mountains, Blazing Trails},
 series = {SIGUCCS '08},
 year = {2008},
 isbn = {978-1-60558-074-6},
 location = {Portland, OR, USA},
 pages = {305--306},
 numpages = {2},
 url = {http://doi.acm.org/10.1145/1449956.1449958},
 doi = {10.1145/1449956.1449958},
 acmid = {1449958},
 publisher = {ACM},
 address = {New York, NY, USA},
 keywords = {gaming, learning, mobility, pedagogy, social media, ubiquitous computing, web 2.0},
}

@article{Topi:2007:UMC:1345375.1345385,
 author = {Topi, Heikki},
 title = {Update on the IS Model Curriculum Revision Project},
 journal = {SIGCSE Bull.},
 issue_date = {December 2007},
 volume = {39},
 number = {4},
 month = dec,
 year = {2007},
 issn = {0097-8418},
 pages = {15--16},
 numpages = {2},
 url = {http://doi.acm.org/10.1145/1345375.1345385},
 doi = {10.1145/1345375.1345385},
 acmid = {1345385},
 publisher = {ACM},
 address = {New York, NY, USA},
}

@inproceedings{Scherer:2012:IWM:2388676.2388803,
 author = {Scherer, Stefan and Worsley, Marcelo and Morency, Louis-Philippe},
 title = {1st International Workshop on Multimodal Learning Analytics: Extended Abstract},
 booktitle = {Proceedings of the 14th ACM International Conference on Multimodal Interaction},
 series = {ICMI '12},
 year = {2012},
 isbn = {978-1-4503-1467-1},
 location = {Santa Monica, California, USA},
 pages = {609--610},
 numpages = {2},
 url = {http://doi.acm.org/10.1145/2388676.2388803},
 doi = {10.1145/2388676.2388803},
 acmid = {2388803},
 publisher = {ACM},
 address = {New York, NY, USA},
 keywords = {machine learning, multimodal learning analytics, statistical analysis},
}

@inproceedings{VanWart:2015:CSM:2787622.2787751,
 author = {Van Wart, Sarah Jane},
 title = {Computer Science Meets Social Studies: Embedding CS in the Study of Locally Grounded Civic Issues},
 booktitle = {Proceedings of the Eleventh Annual International Conference on International Computing Education Research},
 series = {ICER '15},
 year = {2015},
 isbn = {978-1-4503-3630-7},
 location = {Omaha, Nebraska, USA},
 pages = {281--282},
 numpages = {2},
 url = {http://doi.acm.org/10.1145/2787622.2787751},
 doi = {10.1145/2787622.2787751},
 acmid = {2787751},
 publisher = {ACM},
 address = {New York, NY, USA},
 keywords = {broadening participation, computational thinking, data science education, interdisciplinary approaches},
}

@article{Clear:2011:TIP:1963533.1963536,
 author = {Clear, Tony},
 title = {THINKING ISSUES: A 'Potted Guide' to Quality Assurance for Computing Capstone Projects},
 journal = {ACM Inroads},
 issue_date = {June 2011},
 volume = {2},
 number = {2},
 month = jun,
 year = {2011},
 issn = {2153-2184},
 pages = {14--15},
 numpages = {2},
 url = {http://doi.acm.org/10.1145/1963533.1963536},
 doi = {10.1145/1963533.1963536},
 acmid = {1963536},
 publisher = {ACM},
 address = {New York, NY, USA},
}

@inproceedings{MacDowell:2017:AMP:3141798.3141806,
 author = {MacDowell, Paula and Ralph, Rachel and Ng, David},
 title = {App Making for Pro-Social and Environmental Change at an Equity-Oriented Makeathon},
 booktitle = {Proceedings of the 7th Annual Conference on Creativity and Fabrication in Education},
 series = {FabLearn '17},
 year = {2017},
 isbn = {978-1-4503-6349-5},
 location = {Stanford, CA, USA},
 pages = {7:1--7:8},
 articleno = {7},
 numpages = {8},
 url = {http://doi.acm.org/10.1145/3141798.3141806},
 doi = {10.1145/3141798.3141806},
 acmid = {3141806},
 publisher = {ACM},
 address = {New York, NY, USA},
 keywords = {App making, change making, computing education, creative coding, equity, girls, greening making, maker pedagogy},
}

@inproceedings{Grover:2013:UDP:2445196.2445404,
 author = {Grover, Shuchi and Pea, Roy},
 title = {Using a Discourse-intensive Pedagogy and Android's App Inventor for Introducing Computational Concepts to Middle School Students},
 booktitle = {Proceeding of the 44th ACM Technical Symposium on Computer Science Education},
 series = {SIGCSE '13},
 year = {2013},
 isbn = {978-1-4503-1868-6},
 location = {Denver, Colorado, USA},
 pages = {723--728},
 numpages = {6},
 url = {http://doi.acm.org/10.1145/2445196.2445404},
 doi = {10.1145/2445196.2445404},
 acmid = {2445404},
 publisher = {ACM},
 address = {New York, NY, USA},
 keywords = {CS ed research, K-12 instruction, android, app inventor, computational thinking, experience report, introductory programming, middle school},
}

@article{Yadin:2008:FIL:1473195.1473227,
 author = {Yadin, Aharon and Or-Bach, Rachel},
 title = {Fostering Individual Learning: When and How},
 journal = {SIGCSE Bull.},
 issue_date = {December 2008},
 volume = {40},
 number = {4},
 month = nov,
 year = {2008},
 issn = {0097-8418},
 pages = {83--86},
 numpages = {4},
 url = {http://doi.acm.org/10.1145/1473195.1473227},
 doi = {10.1145/1473195.1473227},
 acmid = {1473227},
 publisher = {ACM},
 address = {New York, NY, USA},
 keywords = {effective learning, individual assignments, individual learning},
}

@inproceedings{Ko:2017:CMS:3105726.3106177,
 author = {Ko, Andrew J. and Davis, Katie},
 title = {Computing Mentorship in a Software Boomtown: Relationships to Adolescent Interest and Beliefs},
 booktitle = {Proceedings of the 2017 ACM Conference on International Computing Education Research},
 series = {ICER '17},
 year = {2017},
 isbn = {978-1-4503-4968-0},
 location = {Tacoma, Washington, USA},
 pages = {236--244},
 numpages = {9},
 url = {http://doi.acm.org/10.1145/3105726.3106177},
 doi = {10.1145/3105726.3106177},
 acmid = {3106177},
 publisher = {ACM},
 address = {New York, NY, USA},
 keywords = {computing education, interest development, mentorship},
}

@inproceedings{Lewthwaite:2016:EPC:2899475.2899490,
 author = {Lewthwaite, Sarah and Sloan, David},
 title = {Exploring Pedagogical Culture for Accessibility Education in Computing Science},
 booktitle = {Proceedings of the 13th Web for All Conference},
 series = {W4A '16},
 year = {2016},
 isbn = {978-1-4503-4138-7},
 location = {Montreal, Canada},
 pages = {3:1--3:4},
 articleno = {3},
 numpages = {4},
 url = {http://doi.acm.org/10.1145/2899475.2899490},
 doi = {10.1145/2899475.2899490},
 acmid = {2899490},
 publisher = {ACM},
 address = {New York, NY, USA},
 keywords = {disabled people, education, guidelines, pedagogy, social inclusion, teaching and learning, user experience, web accessibility},
}

@inproceedings{Rutherfoord:2013:FCY:2512276.2512299,
 author = {Rutherfoord, Rebecca H. and Rutherfoord, James K.},
 title = {Flipping the Classroom: Is It for You?},
 booktitle = {Proceedings of the 14th Annual ACM SIGITE Conference on Information Technology Education},
 series = {SIGITE '13},
 year = {2013},
 isbn = {978-1-4503-2239-3},
 location = {Orlando, Florida, USA},
 pages = {19--22},
 numpages = {4},
 url = {http://doi.acm.org/10.1145/2512276.2512299},
 doi = {10.1145/2512276.2512299},
 acmid = {2512299},
 publisher = {ACM},
 address = {New York, NY, USA},
 keywords = {blended classroom, flipped classroom, hybrid, virtual education},
}

@inproceedings{Al-Mubaid:2016:EDT:2890602.2890606,
 author = {Al-Mubaid, Hisham and Abukmail, Ahmed and Bettayeb, Said},
 title = {Empowering Deep Thinking to Support Critical Thinking in Teaching and Learning},
 booktitle = {Proceedings of the 2016 ACM SIGMIS Conference on Computers and People Research},
 series = {SIGMIS-CPR '16},
 year = {2016},
 isbn = {978-1-4503-4203-2},
 location = {Alexandria, Virginia, USA},
 pages = {69--75},
 numpages = {7},
 url = {http://doi.acm.org/10.1145/2890602.2890606},
 doi = {10.1145/2890602.2890606},
 acmid = {2890606},
 publisher = {ACM},
 address = {New York, NY, USA},
 keywords = {critical thinking, deep thinking, quality teaching},
}

@article{Clear:2007:CCP:1345375.1345383,
 author = {Clear, Tony},
 title = {Computing Capstone Projects and the Role of Failure in Education},
 journal = {SIGCSE Bull.},
 issue_date = {December 2007},
 volume = {39},
 number = {4},
 month = dec,
 year = {2007},
 issn = {0097-8418},
 pages = {13--15},
 numpages = {3},
 url = {http://doi.acm.org/10.1145/1345375.1345383},
 doi = {10.1145/1345375.1345383},
 acmid = {1345383},
 publisher = {ACM},
 address = {New York, NY, USA},
}

@inproceedings{Merchan:2016:MSC:3012430.3012610,
 author = {Merch\'{a}n, Mar\'{\i}a Dolores and Canedo, M. Mar and L\'{o}pez-Gil, Francisco Javier and Usero, Jos{\'e} Luis},
 title = {Motivating Students of Chemical Engineering Through a Cooperative Work Recording Educational Videos},
 booktitle = {Proceedings of the Fourth International Conference on Technological Ecosystems for Enhancing Multiculturality},
 series = {TEEM '16},
 year = {2016},
 isbn = {978-1-4503-4747-1},
 location = {Salamanca, Spain},
 pages = {805--809},
 numpages = {5},
 url = {http://doi.acm.org/10.1145/3012430.3012610},
 doi = {10.1145/3012430.3012610},
 acmid = {3012610},
 publisher = {ACM},
 address = {New York, NY, USA},
 keywords = {cooperative work, flipped classroom, motivation},
}

@inproceedings{Decker:2013:LGG:2445196.2445269,
 author = {Decker, Adrienne and Lawley, Elizabeth Lane},
 title = {Life's a Game and the Game of Life: How Making a Game out of It Can Change Student Behavior},
 booktitle = {Proceeding of the 44th ACM Technical Symposium on Computer Science Education},
 series = {SIGCSE '13},
 year = {2013},
 isbn = {978-1-4503-1868-6},
 location = {Denver, Colorado, USA},
 pages = {233--238},
 numpages = {6},
 url = {http://doi.acm.org/10.1145/2445196.2445269},
 doi = {10.1145/2445196.2445269},
 acmid = {2445269},
 publisher = {ACM},
 address = {New York, NY, USA},
 keywords = {CS1, gamification, retention, student mentoring},
}

@inproceedings{Bakharia:2016:CFL:2883851.2883944,
 author = {Bakharia, Aneesha and Corrin, Linda and de Barba, Paula and Kennedy, Gregor and Ga\v{s}evi\'{c}, Dragan and Mulder, Raoul and Williams, David and Dawson, Shane and Lockyer, Lori},
 title = {A Conceptual Framework Linking Learning Design with Learning Analytics},
 booktitle = {Proceedings of the Sixth International Conference on Learning Analytics \& Knowledge},
 series = {LAK '16},
 year = {2016},
 isbn = {978-1-4503-4190-5},
 location = {Edinburgh, United Kingdom},
 pages = {329--338},
 numpages = {10},
 url = {http://doi.acm.org/10.1145/2883851.2883944},
 doi = {10.1145/2883851.2883944},
 acmid = {2883944},
 publisher = {ACM},
 address = {New York, NY, USA},
 keywords = {intervention design, learning analytics, learning design},
}

@inproceedings{Minnes:2018:WCW:3159450.3159620,
 author = {Minnes, Mia and Maxwell, Bruce and Taylor, Stephanie R. and Barry, Phillip},
 title = {Writing in CS: Why and How?},
 booktitle = {Proceedings of the 49th ACM Technical Symposium on Computer Science Education},
 series = {SIGCSE '18},
 year = {2018},
 isbn = {978-1-4503-5103-4},
 location = {Baltimore, Maryland, USA},
 pages = {402--403},
 numpages = {2},
 url = {http://doi.acm.org/10.1145/3159450.3159620},
 doi = {10.1145/3159450.3159620},
 acmid = {3159620},
 publisher = {ACM},
 address = {New York, NY, USA},
 keywords = {assessment, communication, curriculum design, professional development, writing},
}

@inproceedings{Mostrom:2009:CSS:1562877.1562935,
 author = {Mostr\"{o}m, Jan Erik and Boustedt, Jonas and Eckerdal, Anna and McCartney, Robert and Sanders, Kate and Thomas, Lynda and Zander, Carol},
 title = {Computer Science Student Transformations: Changes and Causes},
 booktitle = {Proceedings of the 14th Annual ACM SIGCSE Conference on Innovation and Technology in Computer Science Education},
 series = {ITiCSE '09},
 year = {2009},
 isbn = {978-1-60558-381-5},
 location = {Paris, France},
 pages = {181--185},
 numpages = {5},
 url = {http://doi.acm.org/10.1145/1562877.1562935},
 doi = {10.1145/1562877.1562935},
 acmid = {1562935},
 publisher = {ACM},
 address = {New York, NY, USA},
 keywords = {student biographies, threshold concepts, transformations},
}

@article{Mostrom:2009:CSS:1595496.1562935,
 author = {Mostr\"{o}m, Jan Erik and Boustedt, Jonas and Eckerdal, Anna and McCartney, Robert and Sanders, Kate and Thomas, Lynda and Zander, Carol},
 title = {Computer Science Student Transformations: Changes and Causes},
 journal = {SIGCSE Bull.},
 issue_date = {September 2009},
 volume = {41},
 number = {3},
 month = jul,
 year = {2009},
 issn = {0097-8418},
 pages = {181--185},
 numpages = {5},
 url = {http://doi.acm.org/10.1145/1595496.1562935},
 doi = {10.1145/1595496.1562935},
 acmid = {1562935},
 publisher = {ACM},
 address = {New York, NY, USA},
 keywords = {student biographies, threshold concepts, transformations},
}

@article{Clear:2011:ADC:2038876.2038878,
 author = {Clear, Tony},
 title = {Affective Dimensions of Computing Education: An 'Education As Drama' Approach?},
 journal = {ACM Inroads},
 issue_date = {December 2011},
 volume = {2},
 number = {4},
 month = dec,
 year = {2011},
 issn = {2153-2184},
 pages = {12--13},
 numpages = {2},
 url = {http://doi.acm.org/10.1145/2038876.2038878},
 doi = {10.1145/2038876.2038878},
 acmid = {2038878},
 publisher = {ACM},
 address = {New York, NY, USA},
}

@inproceedings{Clarke-Midura:2018:NPM:3159450.3159525,
 author = {Clarke-Midura, Jody and Poole, Frederick and Pantic, Katarina and Hamilton, Megan and Sun, Chongning and Allan, Vicki},
 title = {How Near Peer Mentoring Affects Middle School Mentees},
 booktitle = {Proceedings of the 49th ACM Technical Symposium on Computer Science Education},
 series = {SIGCSE '18},
 year = {2018},
 isbn = {978-1-4503-5103-4},
 location = {Baltimore, Maryland, USA},
 pages = {664--669},
 numpages = {6},
 url = {http://doi.acm.org/10.1145/3159450.3159525},
 doi = {10.1145/3159450.3159525},
 acmid = {3159525},
 publisher = {ACM},
 address = {New York, NY, USA},
 keywords = {app inventor, middle school youth, near-peer mentors},
}

@inproceedings{Margulieux:2017:ULS:3105726.3106168,
 author = {Margulieux, Lauren and Catrambone, Richard},
 title = {Using Learners' Self-Explanations of Subgoals to Guide Initial Problem Solving in App Inventor},
 booktitle = {Proceedings of the 2017 ACM Conference on International Computing Education Research},
 series = {ICER '17},
 year = {2017},
 isbn = {978-1-4503-4968-0},
 location = {Tacoma, Washington, USA},
 pages = {21--29},
 numpages = {9},
 url = {http://doi.acm.org/10.1145/3105726.3106168},
 doi = {10.1145/3105726.3106168},
 acmid = {3106168},
 publisher = {ACM},
 address = {New York, NY, USA},
 keywords = {block-based programming, constructive learning, problem solving, self-explanation, subgoal learning},
}

@inproceedings{Bayliss:2009:IDG:1536513.1536526,
 author = {Bayliss, Jessica D. and Schwartz, David I.},
 title = {Instructional Design As Game Design},
 booktitle = {Proceedings of the 4th International Conference on Foundations of Digital Games},
 series = {FDG '09},
 year = {2009},
 isbn = {978-1-60558-437-9},
 location = {Orlando, Florida},
 pages = {10--17},
 numpages = {8},
 url = {http://doi.acm.org/10.1145/1536513.1536526},
 doi = {10.1145/1536513.1536526},
 acmid = {1536526},
 publisher = {ACM},
 address = {New York, NY, USA},
 keywords = {computer science pedagogy, game design, instructional design},
}

@inproceedings{Baer:2013:CTS:2460296.2460354,
 author = {Baer, Linda L. and Duin, Ann Hill and Norris, Donald and Brodnick, Robert},
 title = {Crafting Transformative Strategies for Personalized Learning/Analytics},
 booktitle = {Proceedings of the Third International Conference on Learning Analytics and Knowledge},
 series = {LAK '13},
 year = {2013},
 isbn = {978-1-4503-1785-6},
 location = {Leuven, Belgium},
 pages = {275--277},
 numpages = {3},
 url = {http://doi.acm.org/10.1145/2460296.2460354},
 doi = {10.1145/2460296.2460354},
 acmid = {2460354},
 publisher = {ACM},
 address = {New York, NY, USA},
 keywords = {academic analytics, collaboration, learning analytics, personalized learning, strategic planning},
}

@inproceedings{Holbert:2016:BTB:2930674.2930718,
 author = {Holbert, Nathan},
 title = {Bots for Tots: Building Inclusive Makerspaces by Leveraging "Ways of Knowing"},
 booktitle = {Proceedings of the The 15th International Conference on Interaction Design and Children},
 series = {IDC '16},
 year = {2016},
 isbn = {978-1-4503-4313-8},
 location = {Manchester, United Kingdom},
 pages = {79--88},
 numpages = {10},
 url = {http://doi.acm.org/10.1145/2930674.2930718},
 doi = {10.1145/2930674.2930718},
 acmid = {2930718},
 publisher = {ACM},
 address = {New York, NY, USA},
 keywords = {Construction, STEM, craft, gender diversity, making, technology},
}

@inproceedings{Lui:2014:UMT:2559206.2574796,
 author = {Lui, Michelle and Kuhn, Alex and Acosta, Alisa and Ni\~{n}o-Soto, Maria I. and Quintana, Chris and Slotta, James D.},
 title = {Using Mobile Tools in Immersive Environments to Support Science Inquiry},
 booktitle = {CHI '14 Extended Abstracts on Human Factors in Computing Systems},
 series = {CHI EA '14},
 year = {2014},
 isbn = {978-1-4503-2474-8},
 location = {Toronto, Ontario, Canada},
 pages = {403--406},
 numpages = {4},
 url = {http://doi.acm.org/10.1145/2559206.2574796},
 doi = {10.1145/2559206.2574796},
 acmid = {2574796},
 publisher = {ACM},
 address = {New York, NY, USA},
 keywords = {digitally augmented physical space, mobile computing, science inquiry, smart classroom, visualizations},
}

@article{Brown:2008:PD:1472987.1472988,
 author = {Brown, John Seely and Thomas, Doug},
 title = {The Power of Dispositions},
 journal = {Ubiquity},
 volume = {2008},
 number = {November},
 month = nov,
 year = {2008},
 issn = {1530-2180},
 articleno = {4},
 url = {http://doi.acm.org/10.1145/1472987.1472988},
 doi = {10.1145/1472987.1472988},
 acmid = {1472988},
 publisher = {ACM},
 address = {New York, NY, USA},
}

@inproceedings{Ko:2018:IMA:3159450.3159475,
 author = {Ko, Andrew J. and Hwa, Leanne and Davis, Katie and Yip, Jason C.},
 title = {Informal Mentoring of Adolescents About Computing: Relationships, Roles, Qualities, and Impact},
 booktitle = {Proceedings of the 49th ACM Technical Symposium on Computer Science Education},
 series = {SIGCSE '18},
 year = {2018},
 isbn = {978-1-4503-5103-4},
 location = {Baltimore, Maryland, USA},
 pages = {598--603},
 numpages = {6},
 url = {http://doi.acm.org/10.1145/3159450.3159475},
 doi = {10.1145/3159450.3159475},
 acmid = {3159475},
 publisher = {ACM},
 address = {New York, NY, USA},
 keywords = {adolescence, informal mentorship, interest development},
}

@article{Yadav:2017:CTT:3069398.2994591,
 author = {Yadav, Aman and Stephenson, Chris and Hong, Hai},
 title = {Computational Thinking for Teacher Education},
 journal = {Commun. ACM},
 issue_date = {April 2017},
 volume = {60},
 number = {4},
 month = mar,
 year = {2017},
 issn = {0001-0782},
 pages = {55--62},
 numpages = {8},
 url = {http://doi.acm.org/10.1145/2994591},
 doi = {10.1145/2994591},
 acmid = {2994591},
 publisher = {ACM},
 address = {New York, NY, USA},
}

@inproceedings{Cosculluela:2018:SPA:3282308.3282327,
 author = {Cosculluela, Jos{\'e} Carlos Ciria},
 title = {A Set of Patterns in Adult Education},
 booktitle = {Proceedings of the 23rd European Conference on Pattern Languages of Programs},
 series = {EuroPLoP '18},
 year = {2018},
 isbn = {978-1-4503-6387-7},
 location = {Irsee, Germany},
 pages = {18:1--18:12},
 articleno = {18},
 numpages = {12},
 url = {http://doi.acm.org/10.1145/3282308.3282327},
 doi = {10.1145/3282308.3282327},
 acmid = {3282327},
 publisher = {ACM},
 address = {New York, NY, USA},
 keywords = {Adult Education, Andragogy, Educational patterns, Lifelong learning},
}

@inproceedings{Carlone:2008:SSI:1599936.1600020,
 author = {Carlone, Heidi and Cook, Melissa and Wong, Jacqueline and Sandoval, William A. and Barton, Angela Calabrese and Tan, Edna and Brickhouse, Nancy},
 title = {Seeing and Supporting Identity Development in Science Education},
 booktitle = {Proceedings of the 8th International Conference on International Conference for the Learning Sciences - Volume 3},
 series = {ICLS'08},
 year = {2008},
 location = {Utrecht, The Netherlands},
 pages = {214--220},
 numpages = {7},
 url = {http://dl.acm.org/citation.cfm?id=1599936.1600020},
 acmid = {1600020},
 publisher = {International Society of the Learning Sciences},
}

@inproceedings{Lui:2014:SLC:2556288.2557162,
 author = {Lui, Michelle and Kuhn, Alex C. and Acosta, Alisa and Quintana, Chris and Slotta, James D.},
 title = {Supporting Learners in Collecting and Exploring Data from Immersive Simulations in Collective Inquiry},
 booktitle = {Proceedings of the SIGCHI Conference on Human Factors in Computing Systems},
 series = {CHI '14},
 year = {2014},
 isbn = {978-1-4503-2473-1},
 location = {Toronto, Ontario, Canada},
 pages = {2103--2112},
 numpages = {10},
 url = {http://doi.acm.org/10.1145/2556288.2557162},
 doi = {10.1145/2556288.2557162},
 acmid = {2557162},
 publisher = {ACM},
 address = {New York, NY, USA},
 keywords = {digitally augmented physical spaces, large displays, mobile computing, multi-device environments, science inquiry, smart classroom, visualizations},
}

@inproceedings{Lui:2014:SLC:2611528.2557162,
 author = {Lui, Michelle and Kuhn, Alex C. and Acosta, Alisa and Quintana, Chris and Slotta, James D.},
 title = {Supporting Learners in Collecting and Exploring Data from Immersive Simulations in Collective Inquiry},
 booktitle = {Proceedings of the 32Nd Annual ACM Conference on Human Factors in Computing Systems},
 series = {CHI '14},
 year = {2014},
 isbn = {978-1-4503-2473-1},
 location = {Toronto, Ontario, Canada},
 pages = {2103--2112},
 numpages = {10},
 url = {http://doi.acm.org/10.1145/2556288.2557162},
 doi = {10.1145/2556288.2557162},
 acmid = {2557162},
 publisher = {ACM},
 address = {New York, NY, USA},
 keywords = {digitally augmented physical spaces, large displays, mobile computing, multi-device environments, science inquiry, smart classroom, visualizations},
}

@inproceedings{Schwartzman:2007:STL:2449323.2449334,
 author = {Schwartzman, Leslie},
 title = {Student Transformative Learning in Software Engineering and Design: Discontinuity (Pre)Serves Meaning},
 booktitle = {Proceedings of the Seventh Baltic Sea Conference on Computing Education Research - Volume 88},
 series = {Koli Calling '07},
 year = {2007},
 isbn = {978-1-920682-69-9},
 location = {Koli National Park, Finland},
 pages = {97--108},
 numpages = {12},
 url = {http://dl.acm.org/citation.cfm?id=2449323.2449334},
 acmid = {2449334},
 publisher = {Australian Computer Society, Inc.},
 address = {Darlinghurst, Australia, Australia},
 keywords = {confusion, curriculum, defensiveness, dynamic of rupture, experiential learning, pedagogy, phenomenology, reflectiveness, student feedback},
}

@inproceedings{Ferguson:2013:ELA:2460296.2460313,
 author = {Ferguson, Rebecca and Wei, Zhongyu and He, Yulan and Buckingham Shum, Simon},
 title = {An Evaluation of Learning Analytics to Identify Exploratory Dialogue in Online Discussions},
 booktitle = {Proceedings of the Third International Conference on Learning Analytics and Knowledge},
 series = {LAK '13},
 year = {2013},
 isbn = {978-1-4503-1785-6},
 location = {Leuven, Belgium},
 pages = {85--93},
 numpages = {9},
 url = {http://doi.acm.org/10.1145/2460296.2460313},
 doi = {10.1145/2460296.2460313},
 acmid = {2460313},
 publisher = {ACM},
 address = {New York, NY, USA},
 keywords = {<i>k</i>-nearest neighbour, MaxEnt, SocialLearn, computational linguistics, cue-phrase matching, discourse analytics, educational assessment, educational dialogue, exploratory dialogue, learning analytics, self-training framework, social learning, social learning analytics, synchronous dialogue},
}

@inproceedings{Ferguson:2017:ECA:3027385.3027396,
 author = {Ferguson, Rebecca and Clow, Doug},
 title = {Where is the Evidence?: A Call to Action for Learning Analytics},
 booktitle = {Proceedings of the Seventh International Learning Analytics \&\#38; Knowledge Conference},
 series = {LAK '17},
 year = {2017},
 isbn = {978-1-4503-4870-6},
 location = {Vancouver, British Columbia, Canada},
 pages = {56--65},
 numpages = {10},
 url = {http://doi.acm.org/10.1145/3027385.3027396},
 doi = {10.1145/3027385.3027396},
 acmid = {3027396},
 publisher = {ACM},
 address = {New York, NY, USA},
 keywords = {access, ethics, evidence, evidence hub, generalisability, learning analytics cycle, reliability, validity},
}

@inproceedings{Luxton-Reilly:2018:IPS:3293881.3295779,
 author = {Luxton-Reilly, Andrew and Simon and Albluwi, Ibrahim and Becker, Brett A. and Giannakos, Michail and Kumar, Amruth N. and Ott, Linda and Paterson, James and Scott, Michael James and Sheard, Judy and Szabo, Claudia},
 title = {Introductory Programming: A Systematic Literature Review},
 booktitle = {Proceedings Companion of the 23rd Annual ACM Conference on Innovation and Technology in Computer Science Education},
 series = {ITiCSE 2018 Companion},
 year = {2018},
 isbn = {978-1-4503-6223-8},
 location = {Larnaca, Cyprus},
 pages = {55--106},
 numpages = {52},
 url = {http://doi.acm.org/10.1145/3293881.3295779},
 doi = {10.1145/3293881.3295779},
 acmid = {3295779},
 publisher = {ACM},
 address = {New York, NY, USA},
 keywords = {CS1, ITiCSE working group, SLR, introductory programming, literature review, novice programming, overview, review, systematic literature review, systematic review},
}

@inproceedings{Campos:2019:SIT:3311890.3311903,
 author = {Campos, Fabio and Soster, Tatiana and Blikstein, Paulo},
 title = {Sorry, I Was in Teacher Mode Today: Pivotal Tensions and Contradictory Discourses in Real-World Implementations of School Makerspaces},
 booktitle = {Proceedings of FabLearn 2019},
 series = {FL2019},
 year = {2019},
 isbn = {978-1-4503-6244-3},
 location = {New York, NY, USA},
 pages = {96--103},
 numpages = {8},
 url = {http://doi.acm.org/10.1145/3311890.3311903},
 doi = {10.1145/3311890.3311903},
 acmid = {3311903},
 publisher = {ACM},
 address = {New York, NY, USA},
 keywords = {Constructionism, Critical Pedagogy, Culturally-Relevant Pedagogies, Makerspaces, STEM Education, School Reform},
}

@inproceedings{Tisza:2019:RAG:3335055.3335065,
 author = {Tisza, Gabriella and Papavlasopoulou, Sofia and Christidou, Dimitra and Voulgari, Iro and Iivari, Netta and Giannakos, Michail N. and Kinnula, Marianne and Markopoulos, Panos},
 title = {The Role of Age and Gender on Implementing Informal and Non-formal Science Learning Activities for Children},
 booktitle = {Proceedings of the FabLearn Europe 2019 Conference},
 series = {FabLearn Europe '19},
 year = {2019},
 isbn = {978-1-4503-6266-5},
 location = {Oulu, Finland},
 pages = {10:1--10:9},
 articleno = {10},
 numpages = {9},
 url = {http://doi.acm.org/10.1145/3335055.3335065},
 doi = {10.1145/3335055.3335065},
 acmid = {3335065},
 publisher = {ACM},
 address = {New York, NY, USA},
 keywords = {Age, Coding, Education, Gender, Informal, Making, Non-formal, Play, STEM, Science learning},
}

@inproceedings{Bauer:2004:DDD:1027802.1027819,
 author = {Bauer, Nancy J.},
 title = {Demand, Drag, or Deal: Persuading Faculty to Transform Higher Education},
 booktitle = {Proceedings of the 32Nd Annual ACM SIGUCCS Conference on User Services},
 series = {SIGUCCS '04},
 year = {2004},
 isbn = {1-58113-869-5},
 location = {Baltimore, MD, USA},
 pages = {66--68},
 numpages = {3},
 url = {http://doi.acm.org/10.1145/1027802.1027819},
 doi = {10.1145/1027802.1027819},
 acmid = {1027819},
 publisher = {ACM},
 address = {New York, NY, USA},
 keywords = {faculty development, multimedia, teaching, technology, training},
}

@inproceedings{Mitgutsch:2012:PDS:2282338.2282364,
 author = {Mitgutsch, Konstantin and Alvarado, Narda},
 title = {Purposeful by Design?: A Serious Game Design Assessment Framework},
 booktitle = {Proceedings of the International Conference on the Foundations of Digital Games},
 series = {FDG '12},
 year = {2012},
 isbn = {978-1-4503-1333-9},
 location = {Raleigh, North Carolina},
 pages = {121--128},
 numpages = {8},
 url = {http://doi.acm.org/10.1145/2282338.2282364},
 doi = {10.1145/2282338.2282364},
 acmid = {2282364},
 publisher = {ACM},
 address = {New York, NY, USA},
 keywords = {assessment, educational game design, game design, learning in games, serious games},
}

@inproceedings{Campos:2018:WMI:3213818.3213837,
 author = {Campos, Fabio and Soster, Tatiana},
 title = {What's a Makerspace for?: Investigating the Integration of Makerspaces into Schools and Communities},
 booktitle = {Proceedings of the Conference on Creativity and Making in Education},
 series = {FabLearn Europe'18},
 year = {2018},
 isbn = {978-1-4503-5371-7},
 location = {Trondheim, Norway},
 pages = {106--107},
 numpages = {2},
 url = {http://doi.acm.org/10.1145/3213818.3213837},
 doi = {10.1145/3213818.3213837},
 acmid = {3213837},
 publisher = {ACM},
 address = {New York, NY, USA},
 keywords = {Makerspaces, community, culture, curriculum, identity},
}

@inproceedings{Devey:2011:HFY:2459936.2459953,
 author = {Devey, Adrian and Carbone, Angela},
 title = {Helping First Year Novice Programming Students PASS},
 booktitle = {Proceedings of the Thirteenth Australasian Computing Education Conference - Volume 114},
 series = {ACE '11},
 year = {2011},
 isbn = {978-1-920682-94-1},
 location = {Perth, Australia},
 pages = {135--144},
 numpages = {10},
 url = {http://dl.acm.org/citation.cfm?id=2459936.2459953},
 acmid = {2459953},
 publisher = {Australian Computer Society, Inc.},
 address = {Darlinghurst, Australia, Australia},
 keywords = {first year programming, peer assisted study},
}

@inproceedings{Simon:2009:TYA:1862712.1862735,
 author = {Simon},
 title = {Ten Years of the Australasian Computing Education Conference},
 booktitle = {Proceedings of the Eleventh Australasian Conference on Computing Education - Volume 95},
 series = {ACE '09},
 year = {2009},
 isbn = {978-1-920682-76-7},
 location = {Wellington, New Zealand},
 pages = {157--164},
 numpages = {8},
 url = {http://dl.acm.org/citation.cfm?id=1862712.1862735},
 acmid = {1862735},
 publisher = {Australian Computer Society, Inc.},
 address = {Darlinghurst, Australia, Australia},
 keywords = {classifying publications, computing education},
}

@inproceedings{Grainger:2005:OFA:1151681.1151683,
 author = {Grainger, Ryan and Tolhurst, Denise},
 title = {Organisational Factors Affecting Teachers' Use and Perception of Information \& Communications Technology},
 booktitle = {Proceedings of the 2005 South East Asia Regional Computer Science Confederation (SEARCC) Conference - Volume 46},
 series = {SEARCC '05},
 year = {2005},
 isbn = {1-920682-28-7},
 location = {Sydney, Australia},
 pages = {13--22},
 numpages = {10},
 url = {http://dl.acm.org/citation.cfm?id=1151681.1151683},
 acmid = {1151683},
 publisher = {Australian Computer Society, Inc.},
 address = {Darlinghurst, Australia, Australia},
 keywords = {learning management systems, management approaches to system implementation, organisational culture, perceptions of leadership, technology acceptance, training},
}

@inproceedings{Gray:2017:DPR:3078072.3079736,
 author = {Gray, James H. and Reardon, Emily and Kotler, Jennifer A.},
 title = {Designing for Parasocial Relationships and Learning: Linear Video, Interactive Media, and Artificial Intelligence},
 booktitle = {Proceedings of the 2017 Conference on Interaction Design and Children},
 series = {IDC '17},
 year = {2017},
 isbn = {978-1-4503-4921-5},
 location = {Stanford, California, USA},
 pages = {227--237},
 numpages = {11},
 url = {http://doi.acm.org/10.1145/3078072.3079736},
 doi = {10.1145/3078072.3079736},
 acmid = {3079736},
 publisher = {ACM},
 address = {New York, NY, USA},
 keywords = {character design, child development, interactive media, learning, parasocial relationships, video},
}

@inproceedings{Head:2017:WRC:3051457.3051467,
 author = {Head, Andrew and Glassman, Elena and Soares, Gustavo and Suzuki, Ryo and Figueredo, Lucas and D'Antoni, Loris and Hartmann, Bj\"{o}rn},
 title = {Writing Reusable Code Feedback at Scale with Mixed-Initiative Program Synthesis},
 booktitle = {Proceedings of the Fourth (2017) ACM Conference on Learning @ Scale},
 series = {L@S '17},
 year = {2017},
 isbn = {978-1-4503-4450-0},
 location = {Cambridge, Massachusetts, USA},
 pages = {89--98},
 numpages = {10},
 url = {http://doi.acm.org/10.1145/3051457.3051467},
 doi = {10.1145/3051457.3051467},
 acmid = {3051467},
 publisher = {ACM},
 address = {New York, NY, USA},
 keywords = {program synthesis, programming education},
}

@inproceedings{Campbell:2003:LC:611892.611942,
 author = {Campbell, Andrea Beth and Pargas, Roy P.},
 title = {Laptops in the Classroom},
 booktitle = {Proceedings of the 34th SIGCSE Technical Symposium on Computer Science Education},
 series = {SIGCSE '03},
 year = {2003},
 isbn = {1-58113-648-X},
 location = {Reno, Navada, USA},
 pages = {98--102},
 numpages = {5},
 url = {http://doi.acm.org/10.1145/611892.611942},
 doi = {10.1145/611892.611942},
 acmid = {611942},
 publisher = {ACM},
 address = {New York, NY, USA},
 keywords = {CS ed research, animation, classroom management, communication skills, curriculum issues, distance education, human-computer interface, information technology, laptop-enhanced courses, pedagogy, visualization, web-based techniques},
}

@article{Campbell:2003:LC:792548.611942,
 author = {Campbell, Andrea Beth and Pargas, Roy P.},
 title = {Laptops in the Classroom},
 journal = {SIGCSE Bull.},
 issue_date = {January 2003},
 volume = {35},
 number = {1},
 month = jan,
 year = {2003},
 issn = {0097-8418},
 pages = {98--102},
 numpages = {5},
 url = {http://doi.acm.org/10.1145/792548.611942},
 doi = {10.1145/792548.611942},
 acmid = {611942},
 publisher = {ACM},
 address = {New York, NY, USA},
 keywords = {CS ed research, animation, classroom management, communication skills, curriculum issues, distance education, human-computer interface, information technology, laptop-enhanced courses, pedagogy, visualization, web-based techniques},
}

@inproceedings{Schwartzman:2009:NSD:1584322.1584333,
 author = {Schwartzman, Leslie},
 title = {On the Nature of Student Defensiveness: Theory and Feedback from a Software Design Course},
 booktitle = {Proceedings of the Fifth International Workshop on Computing Education Research Workshop},
 series = {ICER '09},
 year = {2009},
 isbn = {978-1-60558-615-1},
 location = {Berkeley, CA, USA},
 pages = {81--92},
 numpages = {12},
 url = {http://doi.acm.org/10.1145/1584322.1584333},
 doi = {10.1145/1584322.1584333},
 acmid = {1584333},
 publisher = {ACM},
 address = {New York, NY, USA},
 keywords = {confusion, defensiveness, fixed unknowing, phenomenology, reflectiveness, rupture in knowing, transformative learning, will to authenticity},
}

@inproceedings{Vasilchenko:2018:VCO:3206505.3206596,
 author = {Vasilchenko, Anna and Wilde, Adriana and Snow, Stephen and Balaam, Madeline and Devlin, Marie},
 title = {Video Coursework: Opportunity and Challenge for HCI Education},
 booktitle = {Proceedings of the 2018 International Conference on Advanced Visual Interfaces},
 series = {AVI '18},
 year = {2018},
 isbn = {978-1-4503-5616-9},
 location = {Castiglione della Pescaia, Grosseto, Italy},
 pages = {87:1--87:3},
 articleno = {87},
 numpages = {3},
 url = {http://doi.acm.org/10.1145/3206505.3206596},
 doi = {10.1145/3206505.3206596},
 acmid = {3206596},
 publisher = {ACM},
 address = {New York, NY, USA},
}

@inproceedings{Chen:2016:TME:2883851.2883951,
 author = {Chen, Ye and Yu, Bei and Zhang, Xuewei and Yu, Yihan},
 title = {Topic Modeling for Evaluating Students' Reflective Writing: A Case Study of Pre-service Teachers' Journals},
 booktitle = {Proceedings of the Sixth International Conference on Learning Analytics \& Knowledge},
 series = {LAK '16},
 year = {2016},
 isbn = {978-1-4503-4190-5},
 location = {Edinburgh, United Kingdom},
 pages = {1--5},
 numpages = {5},
 url = {http://doi.acm.org/10.1145/2883851.2883951},
 doi = {10.1145/2883851.2883951},
 acmid = {2883951},
 publisher = {ACM},
 address = {New York, NY, USA},
 keywords = {LDA, automated grading, education, journal writing, learning analytics, reflection, text mining, topic modeling},
}

@inproceedings{Kleiman:2013:RET:2485760.2485861,
 author = {Kleiman, Jonathan and Pope, Michael and Blikstein, Paulo},
 title = {RoyoBlocks: An Exploration in Tangible Literacy Learning},
 booktitle = {Proceedings of the 12th International Conference on Interaction Design and Children},
 series = {IDC '13},
 year = {2013},
 isbn = {978-1-4503-1918-8},
 location = {New York, New York, USA},
 pages = {543--546},
 numpages = {4},
 url = {http://doi.acm.org/10.1145/2485760.2485861},
 doi = {10.1145/2485760.2485861},
 acmid = {2485861},
 publisher = {ACM},
 address = {New York, NY, USA},
 keywords = {RFID, interaction design, literacy, plush toys, tangible learning},
}

@inproceedings{Ahearn:2013:PTI:2485760.2485838,
 author = {Ahearn, Amy and Kizza, Vincent and Martinez, Jos{\'e} Douglas},
 title = {PuppetPlay: Testing Interactive Puppets to Promote Reading Comprehension in Uganda \&\#38; El Salvador},
 booktitle = {Proceedings of the 12th International Conference on Interaction Design and Children},
 series = {IDC '13},
 year = {2013},
 isbn = {978-1-4503-1918-8},
 location = {New York, New York, USA},
 pages = {317--319},
 numpages = {3},
 url = {http://doi.acm.org/10.1145/2485760.2485838},
 doi = {10.1145/2485760.2485838},
 acmid = {2485838},
 publisher = {ACM},
 address = {New York, NY, USA},
 keywords = {literacy, marginalized children, puppetry, tangible interfaces},
}

@inproceedings{Palalas:2017:DPA:3136907.3136934,
 author = {Palalas, Agnieszka and Wark, Norine},
 title = {Design Principles for an Adult Literacy Mobile Learning Solution},
 booktitle = {Proceedings of the 16th World Conference on Mobile and Contextual Learning},
 series = {mLearn 2017},
 year = {2017},
 isbn = {978-1-4503-5255-0},
 location = {Larnaca, Cyprus},
 pages = {27:1--27:8},
 articleno = {27},
 numpages = {8},
 url = {http://doi.acm.org/10.1145/3136907.3136934},
 doi = {10.1145/3136907.3136934},
 acmid = {3136934},
 publisher = {ACM},
 address = {New York, NY, USA},
 keywords = {Adult literacy, context, design guidelines, design principles, emotional barriers, learner-determined, mobile literacy learning solution, mobility, motivation},
}

@inproceedings{Miller:2012:MTC:2148131.2148185,
 author = {Miller, Andrea and Rosenbaum, Claire and Blikstein, Paulo},
 title = {MagneTracks: A Tangible Constructionist Toolkit for Newtonian Physics},
 booktitle = {Proceedings of the Sixth International Conference on Tangible, Embedded and Embodied Interaction},
 series = {TEI '12},
 year = {2012},
 isbn = {978-1-4503-1174-8},
 location = {Kingston, Ontario, Canada},
 pages = {253--256},
 numpages = {4},
 url = {http://doi.acm.org/10.1145/2148131.2148185},
 doi = {10.1145/2148131.2148185},
 acmid = {2148185},
 publisher = {ACM},
 address = {New York, NY, USA},
 keywords = {cognitive load, constructionism, constructivism, design, dynamic tangible interaction, scaffolding, vertical interfaces},
}

@inproceedings{Penzenstadler:2018:EIT:3183377.3183382,
 author = {Penzenstadler, Birgit and Betz, Stefanie and Venters, Colin C. and Chitchyan, Ruzanna and Porras, Jari and Seyff, Norbert and Duboc, Leticia and Becker, Christoph},
 title = {Everything is INTERRELATED: Teaching Software Engineering for Sustainability},
 booktitle = {Proceedings of the 40th International Conference on Software Engineering: Software Engineering Education and Training},
 series = {ICSE-SEET '18},
 year = {2018},
 isbn = {978-1-4503-5660-2},
 location = {Gothenburg, Sweden},
 pages = {153--162},
 numpages = {10},
 url = {http://doi.acm.org/10.1145/3183377.3183382},
 doi = {10.1145/3183377.3183382},
 acmid = {3183382},
 publisher = {ACM},
 address = {New York, NY, USA},
 keywords = {pedagogy, software engineering, sustainability, sustainability design, sustainability education},
}

@inproceedings{Clear:2005:MPV:1082424.1082431,
 author = {Clear, Tony and Kassabova, Diana},
 title = {Motivational Patterns in Virtual Team Collaboration},
 booktitle = {Proceedings of the 7th Australasian Conference on Computing Education - Volume 42},
 series = {ACE '05},
 year = {2005},
 isbn = {1-920682-24-4},
 location = {Newcastle, New South Wales, Australia},
 pages = {51--58},
 numpages = {8},
 url = {http://dl.acm.org/citation.cfm?id=1082424.1082431},
 acmid = {1082431},
 publisher = {Australian Computer Society, Inc.},
 address = {Darlinghurst, Australia, Australia},
 keywords = {collaborative learning, computer science education research, extrinsic motivation, global virtual teams, groupware, intrinsic motivation, virtual teams},
}

@inproceedings{Swain:2009:IAC:1536513.1536550,
 author = {Swain, Chris},
 title = {Improving Academic-industry Collaboration for Game Research and Education},
 booktitle = {Proceedings of the 4th International Conference on Foundations of Digital Games},
 series = {FDG '09},
 year = {2009},
 isbn = {978-1-60558-437-9},
 location = {Orlando, Florida},
 pages = {191--198},
 numpages = {8},
 url = {http://doi.acm.org/10.1145/1536513.1536550},
 doi = {10.1145/1536513.1536550},
 acmid = {1536550},
 publisher = {ACM},
 address = {New York, NY, USA},
 keywords = {academic-industry collaboration, game design, game education, game innovation, game research, software management},
}

@article{Yeomans:2019:TTS:3308443.3283071,
 author = {Yeomans, Lucy and Zschaler, Steffen and Coate, Kelly},
 title = {Transformative and Troublesome? Students' and Professional Programmers' Perspectives on Difficult Concepts in Programming},
 journal = {ACM Trans. Comput. Educ.},
 issue_date = {June 2019},
 volume = {19},
 number = {3},
 month = jan,
 year = {2019},
 issn = {1946-6226},
 pages = {23:1--23:27},
 articleno = {23},
 numpages = {27},
 url = {http://doi.acm.org/10.1145/3283071},
 doi = {10.1145/3283071},
 acmid = {3283071},
 publisher = {ACM},
 address = {New York, NY, USA},
 keywords = {Threshold concepts, accidental complexities, computer science curriculum, focus groups, learning programming},
}

@inproceedings{Galanis:2014:TFB:2669711.2669932,
 author = {Galanis, Nikolas and Alier, Marc and Casany, Mar\'{\i}a Jos{\'e} and Mayol, Enric and Severance, Charles},
 title = {TSUGI: A Framework for Building PHP-based Learning Tools},
 booktitle = {Proceedings of the Second International Conference on Technological Ecosystems for Enhancing Multiculturality},
 series = {TEEM '14},
 year = {2014},
 isbn = {978-1-4503-2896-8},
 location = {Salamanca, Spain},
 pages = {409--413},
 numpages = {5},
 url = {http://doi.acm.org/10.1145/2669711.2669932},
 doi = {10.1145/2669711.2669932},
 acmid = {2669932},
 publisher = {ACM},
 address = {New York, NY, USA},
 keywords = {IMS LTI, LMS, TSUGI, e-learning, elearning, interoperability},
}

@inproceedings{Ahmad:1998:EVL:353053.353094,
 author = {Ahmad, Rami and Piccoli, Gabriele and Ives, Blake},
 title = {Effectiveness of Virtual Learning Environments in Basic Skills Business Education: A Field Study in Progress},
 booktitle = {Proceedings of the International Conference on Information Systems},
 series = {ICIS '98},
 year = {1998},
 location = {Helsinki, Finland},
 pages = {352--357},
 numpages = {6},
 url = {http://dl.acm.org/citation.cfm?id=353053.353094},
 acmid = {353094},
 publisher = {Association for Information Systems},
 address = {Atlanta, GA, USA},
}

@article{Blevis:2010:DCB:1744161.1744176,
 author = {Blevis, Eli},
 title = {Design Challenge Based Learning (DCBL) and Sustainable Pedagogical Practice},
 journal = {Interactions},
 issue_date = {May + June 2010},
 volume = {17},
 number = {3},
 month = may,
 year = {2010},
 issn = {1072-5520},
 pages = {64--69},
 numpages = {6},
 url = {http://doi.acm.org/10.1145/1744161.1744176},
 doi = {10.1145/1744161.1744176},
 acmid = {1744176},
 publisher = {ACM},
 address = {New York, NY, USA},
}

@inproceedings{Rankin:2006:PKG:1179295.1179340,
 author = {Rankin, Yolanda A. and Gold, Rachel and Gooch, Bruce},
 title = {Playing for Keeps: Gaming As a Language Learning Tool},
 booktitle = {ACM SIGGRAPH 2006 Educators Program},
 series = {SIGGRAPH '06},
 year = {2006},
 isbn = {1-59593-364-6},
 location = {Boston, Massachusetts},
 articleno = {44},
 url = {http://doi.acm.org/10.1145/1179295.1179340},
 doi = {10.1145/1179295.1179340},
 acmid = {1179340},
 publisher = {ACM},
 address = {New York, NY, USA},
}

@inproceedings{Camilleri:2013:CSI:2460296.2460341,
 author = {Camilleri, Vanessa and de Freitas, Sara and Montebello, Matthew and McDonagh-Smith, Paul},
 title = {A Case Study Inside Virtual Worlds: Use of Analytics for Immersive Spaces},
 booktitle = {Proceedings of the Third International Conference on Learning Analytics and Knowledge},
 series = {LAK '13},
 year = {2013},
 isbn = {978-1-4503-1785-6},
 location = {Leuven, Belgium},
 pages = {230--234},
 numpages = {5},
 url = {http://doi.acm.org/10.1145/2460296.2460341},
 doi = {10.1145/2460296.2460341},
 acmid = {2460341},
 publisher = {ACM},
 address = {New York, NY, USA},
 keywords = {corporate training, data analytics, higher education, pre-service teachers, virtual worlds},
}

@inproceedings{Arnold:2014:BIC:2567574.2567593,
 author = {Arnold, Kimberly E. and Lynch, Grace and Huston, Daniel and Wong, Lorna and Jorn, Linda and Olsen, Christopher W.},
 title = {Building Institutional Capacities and Competencies for Systemic Learning Analytics Initiatives},
 booktitle = {Proceedings of the Fourth International Conference on Learning Analytics And Knowledge},
 series = {LAK '14},
 year = {2014},
 isbn = {978-1-4503-2664-3},
 location = {Indianapolis, Indiana, USA},
 pages = {257--260},
 numpages = {4},
 url = {http://doi.acm.org/10.1145/2567574.2567593},
 doi = {10.1145/2567574.2567593},
 acmid = {2567593},
 publisher = {ACM},
 address = {New York, NY, USA},
 keywords = {capacity building, cultural change, higher education, leadership, learning analytics, sustainability, systemic application},
}

@inproceedings{Pea:2007:ISU:1599600.1599756,
 author = {Pea, Roy and Goldman, Shelley and Lindgren, Robb and Rosen, Joe},
 title = {An Interactive Session Using a Tool to Support Distributed Conversations Around Digital Video},
 booktitle = {Proceedings of the 8th Iternational Conference on Computer Supported Collaborative Learning},
 series = {CSCL'07},
 year = {2007},
 isbn = {978-0-6151-5436-7},
 location = {New Brunswick, New Jersey, USA},
 pages = {828--829},
 numpages = {2},
 url = {http://dl.acm.org/citation.cfm?id=1599600.1599756},
 acmid = {1599756},
 publisher = {International Society of the Learning Sciences},
}

@inproceedings{Zahn:2009:PKB:1600053.1600138,
 author = {Zahn, Carmen and Krauskopf, Karsten and Hesse, Friedrich W. and Pea, Roy},
 title = {Participation in Knowledge Building "Revisited": Reflective Discussion and Information Design with Advanced Digital Video Technology},
 booktitle = {Proceedings of the 9th International Conference on Computer Supported Collaborative Learning - Volume 1},
 series = {CSCL'09},
 year = {2009},
 isbn = {978-1-4092-8598-4},
 location = {Rhodes, Greece},
 pages = {596--600},
 numpages = {5},
 url = {http://dl.acm.org/citation.cfm?id=1600053.1600138},
 acmid = {1600138},
 publisher = {International Society of the Learning Sciences},
}

@inproceedings{Brown:2006:RCS:1135777.1135827,
 author = {Brown, Elizabeth and Brailsford, Tim and Fisher, Tony and Moore, Adam and Ashman, Helen},
 title = {Reappraising Cognitive Styles in Adaptive Web Applications},
 booktitle = {Proceedings of the 15th International Conference on World Wide Web},
 series = {WWW '06},
 year = {2006},
 isbn = {1-59593-323-9},
 location = {Edinburgh, Scotland},
 pages = {327--335},
 numpages = {9},
 url = {http://doi.acm.org/10.1145/1135777.1135827},
 doi = {10.1145/1135777.1135827},
 acmid = {1135827},
 publisher = {ACM},
 address = {New York, NY, USA},
 keywords = {adaptive hypermedia, cognitive styles, user modelling, user trials, web applications},
}

@inproceedings{Lewis:2009:MMM:1599503.1599539,
 author = {Lewis, Sarah and Pea, Roy and Rosen, Joe},
 title = {Mobltz: A Mobile Multimedia Tool for Informal Learning},
 booktitle = {Proceedings of the 9th International Conference on Computer Supported Collaborative Learning - Volume 2},
 series = {CSCL'09},
 year = {2009},
 isbn = {978-1-4092-8598-4},
 location = {Rhodes, Greece},
 pages = {106--108},
 numpages = {3},
 url = {http://dl.acm.org/citation.cfm?id=1599503.1599539},
 acmid = {1599539},
 publisher = {International Society of the Learning Sciences},
}

@inproceedings{Fischer:2007:DSE:1599600.1599602,
 author = {Fischer, Gerhard},
 title = {Designing Socio-technical Environments in Support of Meta-design and Social Creativity},
 booktitle = {Proceedings of the 8th Iternational Conference on Computer Supported Collaborative Learning},
 series = {CSCL'07},
 year = {2007},
 isbn = {978-0-6151-5436-7},
 location = {New Brunswick, New Jersey, USA},
 pages = {2--11},
 numpages = {10},
 url = {http://dl.acm.org/citation.cfm?id=1599600.1599602},
 acmid = {1599602},
 publisher = {International Society of the Learning Sciences},
 keywords = {design, gift-wrapping, meta-design, reflective communities, social creativity, social production, socio-technical environments, symmetry of ignorance},
}

@inproceedings{Markauskaite:2008:ESD:1599871.1599875,
 author = {Markauskaite, Lina and Reimann, Peter},
 title = {Enhancing and Scaling-up Design-based Research: The Potential of e-Research},
 booktitle = {Proceedings of the 8th International Conference on International Conference for the Learning Sciences - Volume 2},
 series = {ICLS'08},
 year = {2008},
 location = {Utrecht, The Netherlands},
 pages = {27--34},
 numpages = {8},
 url = {http://dl.acm.org/citation.cfm?id=1599871.1599875},
 acmid = {1599875},
 publisher = {International Society of the Learning Sciences},
}

@inproceedings{Green:2009:FSA:1631097.1631104,
 author = {Green, Stephen J. and Pearson, Elaine J. and Gkatzidou, Stavroula},
 title = {Formal Specification of an Adaptable Personal Learning Environment Using Prolog},
 booktitle = {Proceedings of the 1st ACM SIGMM International Workshop on Media Studies and Implementations That Help Improving Access to Disabled Users},
 series = {MSIADU '09},
 year = {2009},
 isbn = {978-1-60558-764-6},
 location = {Beijing, China},
 pages = {29--38},
 numpages = {10},
 url = {http://doi.acm.org/10.1145/1631097.1631104},
 doi = {10.1145/1631097.1631104},
 acmid = {1631104},
 publisher = {ACM},
 address = {New York, NY, USA},
 keywords = {adaptation, e-learning, personalisation, prolog, specification},
}

@inproceedings{Newstetter:2008:LLI:1599936.1600030,
 author = {Newstetter, Wendy and Johri, Aditya and Wulf, Volker},
 title = {Laboratory Learning: Industry and University Research As Site for Situated and Distributed Cognition},
 booktitle = {Proceedings of the 8th International Conference on International Conference for the Learning Sciences - Volume 3},
 series = {ICLS'08},
 year = {2008},
 location = {Utrecht, The Netherlands},
 pages = {290--297},
 numpages = {8},
 url = {http://dl.acm.org/citation.cfm?id=1599936.1600030},
 acmid = {1600030},
 publisher = {International Society of the Learning Sciences},
}

@inproceedings{Najafi:2009:TLS:1599503.1599594,
 author = {Najafi, Hedieh},
 title = {Transforming Learning in Science Classrooms: A Hybrid Knowledge Community Approach},
 booktitle = {Proceedings of the 9th International Conference on Computer Supported Collaborative Learning - Volume 2},
 series = {CSCL'09},
 year = {2009},
 isbn = {978-1-4092-8598-4},
 location = {Rhodes, Greece},
 pages = {261--263},
 numpages = {3},
 url = {http://dl.acm.org/citation.cfm?id=1599503.1599594},
 acmid = {1599594},
 publisher = {International Society of the Learning Sciences},
}

