@inproceedings{Cakir:2015:OBI:2793107.2793133,
 author = {Cakir, Murat Perit and \c{C}akir, Nur Akku\c{s} and Ayaz, Hasan and Lee, Frank J.},
 title = {An Optical Brain Imaging Study on the Improvements in Mathematical Fluency from Game-based Learning},
 booktitle = {Proceedings of the 2015 Annual Symposium on Computer-Human Interaction in Play},
 series = {CHI PLAY '15},
 year = {2015},
 isbn = {978-1-4503-3466-2},
 location = {London, United Kingdom},
 pages = {209--219},
 numpages = {11},
 url = {http://doi.acm.org/10.1145/2793107.2793133},
 doi = {10.1145/2793107.2793133},
 acmid = {2793133},
 publisher = {ACM},
 address = {New York, NY, USA},
 keywords = {computational fluency, educational games, functional near-infrared spectroscopy, math education, working memory},
}

@inproceedings{Morrison:2014:MCL:2632320.2632348,
 author = {Morrison, Briana B. and Dorn, Brian and Guzdial, Mark},
 title = {Measuring Cognitive Load in Introductory CS: Adaptation of an Instrument},
 booktitle = {Proceedings of the Tenth Annual Conference on International Computing Education Research},
 series = {ICER '14},
 year = {2014},
 isbn = {978-1-4503-2755-8},
 location = {Glasgow, Scotland, United Kingdom},
 pages = {131--138},
 numpages = {8},
 url = {http://doi.acm.org/10.1145/2632320.2632348},
 doi = {10.1145/2632320.2632348},
 acmid = {2632348},
 publisher = {ACM},
 address = {New York, NY, USA},
 keywords = {cognitive load theory, confirmatory factor analysis, measuring cognitive load, survey},
}

@inproceedings{Hou:2014:ECP:2538862.2544268,
 author = {Hou, Ting-Yun and Lin, Yu-Tzu and Lin, Yu-Chih and Wu, Cheng-Chih},
 title = {Exploring Cognitive Processes in Program Comprehension Based on Eye-movement Analysis (Abstract Only)},
 booktitle = {Proceedings of the 45th ACM Technical Symposium on Computer Science Education},
 series = {SIGCSE '14},
 year = {2014},
 isbn = {978-1-4503-2605-6},
 location = {Atlanta, Georgia, USA},
 pages = {707--708},
 numpages = {2},
 url = {http://doi.acm.org/10.1145/2538862.2544268},
 doi = {10.1145/2538862.2544268},
 acmid = {2544268},
 publisher = {ACM},
 address = {New York, NY, USA},
 keywords = {cognition process, eye tracking, program comprehension},
}

@inproceedings{DesPortes:2016:BRB:2930674.2930708,
 author = {DesPortes, Kayla and Anupam, Aditya and Pathak, Neeti and DiSalvo, Betsy},
 title = {BitBlox: A Redesign of the Breadboard},
 booktitle = {Proceedings of the The 15th International Conference on Interaction Design and Children},
 series = {IDC '16},
 year = {2016},
 isbn = {978-1-4503-4313-8},
 location = {Manchester, United Kingdom},
 pages = {255--261},
 numpages = {7},
 url = {http://doi.acm.org/10.1145/2930674.2930708},
 doi = {10.1145/2930674.2930708},
 acmid = {2930708},
 publisher = {ACM},
 address = {New York, NY, USA},
 keywords = {Electrical circuits, design, education, microcontroller},
}

@inproceedings{Sharma:2014:UTM:2643572.2643584,
 author = {Sharma, Ankur and Hawkey, Kirstie},
 title = {Understanding the Tradeoffs of Mobile Device Output Modalities in Just-in-time Learning of Mechanical Tasks},
 booktitle = {Proceedings of the 2014 Mulitmedia, Interaction, Design and Innovation International Conference on Multimedia, Interaction, Design and Innovation},
 series = {MIDI '14},
 year = {2014},
 isbn = {978-1-4503-2779-4},
 location = {Warsaw, Poland},
 pages = {12:1--12:10},
 articleno = {12},
 numpages = {10},
 url = {http://doi.acm.org/10.1145/2643572.2643584},
 doi = {10.1145/2643572.2643584},
 acmid = {2643584},
 publisher = {ACM},
 address = {New York, NY, USA},
 keywords = {Multi-media-interface, cognitive load, just-in-time learning, mobile device},
}

@inproceedings{Ferraz:2017:WIN:3041164.3041177,
 author = {Ferraz, Marta and Resta, Paul E. and O'neill, Afonso},
 title = {Whole-body Interaction in Natural Environments Benefits Children's Cognitive Function Compared to Sedentary Interaction Indoors},
 booktitle = {Proceedings of the 8th Augmented Human International Conference},
 series = {AH '17},
 year = {2017},
 isbn = {978-1-4503-4835-5},
 location = {Silicon Valley, California, USA},
 pages = {8:1--8:11},
 articleno = {8},
 numpages = {11},
 url = {http://doi.acm.org/10.1145/3041164.3041177},
 doi = {10.1145/3041164.3041177},
 acmid = {3041177},
 publisher = {ACM},
 address = {New York, NY, USA},
 keywords = {child-computer interaction, cognitive function, indoors, natural environments, sedentary, whole-body},
}

@inproceedings{Davenport:2008:DEL:1599812.1599834,
 author = {Davenport, Jodi L. and Yaron, David and Klahr, David and Koedinger, Kenneth},
 title = {When Do Diagrams Enhance Learning? A Framework for Designing Relevant Representations},
 booktitle = {Proceedings of the 8th International Conference on International Conference for the Learning Sciences - Volume 1},
 series = {ICLS'08},
 year = {2008},
 location = {Utrecht, The Netherlands},
 pages = {191--198},
 numpages = {8},
 url = {http://dl.acm.org/citation.cfm?id=1599812.1599834},
 acmid = {1599834},
 publisher = {International Society of the Learning Sciences},
}

@inproceedings{Sweller:2008:EBH:1404520.1404521,
 author = {Sweller, John},
 title = {Evolutionary Bases of Human Cognitive Architecture: Implications for Computing Education},
 booktitle = {Proceedings of the Fourth International Workshop on Computing Education Research},
 series = {ICER '08},
 year = {2008},
 isbn = {978-1-60558-216-0},
 location = {Sydney, Australia},
 pages = {1--2},
 numpages = {2},
 url = {http://doi.acm.org/10.1145/1404520.1404521},
 doi = {10.1145/1404520.1404521},
 acmid = {1404521},
 publisher = {ACM},
 address = {New York, NY, USA},
 keywords = {cognition, cognitive load theory, instruction},
}

@inproceedings{Hubbard:2017:ELT:3027385.3027390,
 author = {Hubbard, Ryan and Sipolins, Aldis and Zhou, Lin},
 title = {Enhancing Learning Through Virtual Reality and Neurofeedback: A First Step},
 booktitle = {Proceedings of the Seventh International Learning Analytics \&\#38; Knowledge Conference},
 series = {LAK '17},
 year = {2017},
 isbn = {978-1-4503-4870-6},
 location = {Vancouver, British Columbia, Canada},
 pages = {398--403},
 numpages = {6},
 url = {http://doi.acm.org/10.1145/3027385.3027390},
 doi = {10.1145/3027385.3027390},
 acmid = {3027390},
 publisher = {ACM},
 address = {New York, NY, USA},
 keywords = {EEG, human-computer interaction, neurofeedback, virtual reality},
}

@inproceedings{Abdullah:2015:MFC:2838739.2838785,
 author = {Abdullah, Muhammad Haziq Lim and Brereton, Margot},
 title = {MyCalendar: Fostering Communication for Children with Autism Spectrum Disorder Through Photos and Videos},
 booktitle = {Proceedings of the Annual Meeting of the Australian Special Interest Group for Computer Human Interaction},
 series = {OzCHI '15},
 year = {2015},
 isbn = {978-1-4503-3673-4},
 location = {Parkville, VIC, Australia},
 pages = {1--9},
 numpages = {9},
 url = {http://doi.acm.org/10.1145/2838739.2838785},
 doi = {10.1145/2838739.2838785},
 acmid = {2838785},
 publisher = {ACM},
 address = {New York, NY, USA},
 keywords = {Autism Spectrum Disorder, Children, Communication, MyCalendar, iPad application},
}

@inproceedings{Clarebout:2008:UIE:1599812.1599829,
 author = {Clarebout, Geraldine and Coens, Joke and Elen, Jan},
 title = {The Use of iPods in Education: A Cognitive Perspective},
 booktitle = {Proceedings of the 8th International Conference on International Conference for the Learning Sciences - Volume 1},
 series = {ICLS'08},
 year = {2008},
 location = {Utrecht, The Netherlands},
 pages = {153--158},
 numpages = {6},
 url = {http://dl.acm.org/citation.cfm?id=1599812.1599829},
 acmid = {1599829},
 publisher = {International Society of the Learning Sciences},
}

@inproceedings{Kirschner:2008:LCC:1599812.1599866,
 author = {Kirschner, Femke and Paas, Fred and Kirschner, Paul A.},
 title = {Learning from Complex Cognitive Tasks: Comparing Groups to Individuals},
 booktitle = {Proceedings of the 8th International Conference on International Conference for the Learning Sciences - Volume 1},
 series = {ICLS'08},
 year = {2008},
 location = {Utrecht, The Netherlands},
 pages = {446--452},
 numpages = {7},
 url = {http://dl.acm.org/citation.cfm?id=1599812.1599866},
 acmid = {1599866},
 publisher = {International Society of the Learning Sciences},
}

@inproceedings{Mu:2003:ISE:827140.827190,
 author = {Mu, Xiangming and Marchionini, Gary and Pattee, Amy},
 title = {The Interactive Shared Educational Environment: User Interface, System Architecture and Field Study},
 booktitle = {Proceedings of the 3rd ACM/IEEE-CS Joint Conference on Digital Libraries},
 series = {JCDL '03},
 year = {2003},
 isbn = {0-7695-1939-3},
 location = {Houston, Texas},
 pages = {291--300},
 numpages = {10},
 url = {http://dl.acm.org/citation.cfm?id=827140.827190},
 acmid = {827190},
 publisher = {IEEE Computer Society},
 address = {Washington, DC, USA},
}

