@inproceedings{Izu:2018:DAM:3159450.3162212,
 author = {Izu, Cruz and Sanchez Castro, Olga},
 title = {Designing Active Mediated Learning Tasks: Can Small Failures Enhance Student Learning? (Abstract Only)},
 booktitle = {Proceedings of the 49th ACM Technical Symposium on Computer Science Education},
 series = {SIGCSE '18},
 year = {2018},
 isbn = {978-1-4503-5103-4},
 location = {Baltimore, Maryland, USA},
 pages = {1102--1102},
 numpages = {1},
 url = {http://doi.acm.org/10.1145/3159450.3162212},
 doi = {10.1145/3159450.3162212},
 acmid = {3162212},
 publisher = {ACM},
 address = {New York, NY, USA},
 keywords = {knowledge gap, learning mechanisms, productive failure},
}

