@inproceedings{Deng:2019:ATD:3300115.3312513,
 author = {Deng, Qianni},
 title = {Adaptable Test Design for Collaborative Exams in Computer Science},
 booktitle = {Proceedings of the ACM Conference on Global Computing Education},
 series = {CompEd '19},
 year = {2019},
 isbn = {978-1-4503-6259-7},
 location = {Chengdu,Sichuan, China},
 pages = {236--236},
 numpages = {1},
 url = {http://doi.acm.org/10.1145/3300115.3312513},
 doi = {10.1145/3300115.3312513},
 acmid = {3312513},
 publisher = {ACM},
 address = {New York, NY, USA},
 keywords = {adaptable collaborative test, zone of proximal development},
}

@inproceedings{Anderson:2015:MML:2676723.2691879,
 author = {Anderson, Nicole and Gegg-Harrison, Tim},
 title = {Montessori Methods + A Living Textbook \&\#62; Traditional CS Instruction (Abstract Only)},
 booktitle = {Proceedings of the 46th ACM Technical Symposium on Computer Science Education},
 series = {SIGCSE '15},
 year = {2015},
 isbn = {978-1-4503-2966-8},
 location = {Kansas City, Missouri, USA},
 pages = {512--512},
 numpages = {1},
 url = {http://doi.acm.org/10.1145/2676723.2691879},
 doi = {10.1145/2676723.2691879},
 acmid = {2691879},
 publisher = {ACM},
 address = {New York, NY, USA},
 keywords = {living textbook, montessori, scaffolded instruction, zone of proximal development},
}

@inproceedings{Ericson:2018:EEE:3230977.3231000,
 author = {Ericson, Barbara J. and Foley, James D. and Rick, Jochen},
 title = {Evaluating the Efficiency and Effectiveness of Adaptive Parsons Problems},
 booktitle = {Proceedings of the 2018 ACM Conference on International Computing Education Research},
 series = {ICER '18},
 year = {2018},
 isbn = {978-1-4503-5628-2},
 location = {Espoo, Finland},
 pages = {60--68},
 numpages = {9},
 url = {http://doi.acm.org/10.1145/3230977.3231000},
 doi = {10.1145/3230977.3231000},
 acmid = {3231000},
 publisher = {ACM},
 address = {New York, NY, USA},
 keywords = {adaptive parsons problems, cognitive load, parson's problems, parsons problems, parsons puzzles, zone of proximal development},
}

@inproceedings{Basawapatna:2013:ZPF:2493394.2493404,
 author = {Basawapatna, Ashok R. and Repenning, Alexander and Koh, Kyu Han and Nickerson, Hilarie},
 title = {The Zones of Proximal Flow: Guiding Students Through a Space of Computational Thinking Skills and Challenges},
 booktitle = {Proceedings of the Ninth Annual International ACM Conference on International Computing Education Research},
 series = {ICER '13},
 year = {2013},
 isbn = {978-1-4503-2243-0},
 location = {San Diego, San California, USA},
 pages = {67--74},
 numpages = {8},
 url = {http://doi.acm.org/10.1145/2493394.2493404},
 doi = {10.1145/2493394.2493404},
 acmid = {2493404},
 publisher = {ACM},
 address = {New York, NY, USA},
 keywords = {computational thinking, computational thinking patterns, computer science education, flow, scalable game design, simulations, zone of proximal development, zones of proximal flow},
}

@inproceedings{Anderson:2013:LCS:2445196.2445344,
 author = {Anderson, Nicole and Gegg-Harrison, Tim},
 title = {Learning Computer Science in the "Comfort Zone of Proximal Development"},
 booktitle = {Proceeding of the 44th ACM Technical Symposium on Computer Science Education},
 series = {SIGCSE '13},
 year = {2013},
 isbn = {978-1-4503-1868-6},
 location = {Denver, Colorado, USA},
 pages = {495--500},
 numpages = {6},
 url = {http://doi.acm.org/10.1145/2445196.2445344},
 doi = {10.1145/2445196.2445344},
 acmid = {2445344},
 publisher = {ACM},
 address = {New York, NY, USA},
 keywords = {CS1, active learning, mobile game development, pair programming/teaching, scaffolding},
}

@inproceedings{Basawapatna:2019:ZPF:3287324.3287361,
 author = {Basawapatna, Ashok and Repenning, Alexander and Savignano, Mark},
 title = {The Zones of Proximal Flow Tutorial: Designing Computational Thinking Cliffhangers},
 booktitle = {Proceedings of the 50th ACM Technical Symposium on Computer Science Education},
 series = {SIGCSE '19},
 year = {2019},
 isbn = {978-1-4503-5890-3},
 location = {Minneapolis, MN, USA},
 pages = {428--434},
 numpages = {7},
 url = {http://doi.acm.org/10.1145/3287324.3287361},
 doi = {10.1145/3287324.3287361},
 acmid = {3287361},
 publisher = {ACM},
 address = {New York, NY, USA},
 keywords = {computational thinking, cyberlearning, exposure, flow, zone of proximal development, hour of code, retention, retention of flow, tutorial, zones of proximal flow},
}

@inproceedings{Armendariz:2014:OOC:2538862.2544318,
 author = {Armendariz, Daniel and MacHardy, Zachary and Garcia, Daniel D.},
 title = {OCTAL: Online Course Tool for Adaptive Learning (Abstract Only)},
 booktitle = {Proceedings of the 45th ACM Technical Symposium on Computer Science Education},
 series = {SIGCSE '14},
 year = {2014},
 isbn = {978-1-4503-2605-6},
 location = {Atlanta, Georgia, USA},
 pages = {715--715},
 numpages = {1},
 url = {http://doi.acm.org/10.1145/2538862.2544318},
 doi = {10.1145/2538862.2544318},
 acmid = {2544318},
 publisher = {ACM},
 address = {New York, NY, USA},
 keywords = {adaptive assessment, concept map, non-linear courses, student modeling},
}

@inproceedings{Armendariz:2014:OOC:2556325.2567849,
 author = {Armendariz, Daniel and MacHardy, Zachary and Garcia, Daniel D.},
 title = {OCTAL: Online Course Tool for Adaptive Learning},
 booktitle = {Proceedings of the First ACM Conference on Learning @ Scale Conference},
 series = {L@S '14},
 year = {2014},
 isbn = {978-1-4503-2669-8},
 location = {Atlanta, Georgia, USA},
 pages = {141--142},
 numpages = {2},
 url = {http://doi.acm.org/10.1145/2556325.2567849},
 doi = {10.1145/2556325.2567849},
 acmid = {2567849},
 publisher = {ACM},
 address = {New York, NY, USA},
 keywords = {adaptive assessment, concept map, non-linear courses, student modeling},
}

@article{D'mello:2013:AAA:2395123.2395128,
 author = {D'mello, Sidney and Graesser, Art},
 title = {AutoTutor and Affective Autotutor: Learning by Talking with Cognitively and Emotionally Intelligent Computers That Talk Back},
 journal = {ACM Trans. Interact. Intell. Syst.},
 issue_date = {December 2012},
 volume = {2},
 number = {4},
 month = jan,
 year = {2013},
 issn = {2160-6455},
 pages = {23:1--23:39},
 articleno = {23},
 numpages = {39},
 url = {http://doi.acm.org/10.1145/2395123.2395128},
 doi = {10.1145/2395123.2395128},
 acmid = {2395128},
 publisher = {ACM},
 address = {New York, NY, USA},
 keywords = {Intelligent tutoring systems, affect detection and synthesis, affective computing, constructivism, deep learning, natural language understanding, student modeling, user modeling},
}

@inproceedings{Alhazmi:2018:CCD:3159450.3159464,
 author = {Alhazmi, Sohail and Hamilton, Margaret and Thevathayan, Charles},
 title = {CS for All: Catering to Diversity of Master's Students Through Assignment Choices},
 booktitle = {Proceedings of the 49th ACM Technical Symposium on Computer Science Education},
 series = {SIGCSE '18},
 year = {2018},
 isbn = {978-1-4503-5103-4},
 location = {Baltimore, Maryland, USA},
 pages = {38--43},
 numpages = {6},
 url = {http://doi.acm.org/10.1145/3159450.3159464},
 doi = {10.1145/3159450.3159464},
 acmid = {3159464},
 publisher = {ACM},
 address = {New York, NY, USA},
 keywords = {assessment design, novice programming},
}

@inproceedings{Izu:2018:DAM:3159450.3162212,
 author = {Izu, Cruz and Sanchez Castro, Olga},
 title = {Designing Active Mediated Learning Tasks: Can Small Failures Enhance Student Learning? (Abstract Only)},
 booktitle = {Proceedings of the 49th ACM Technical Symposium on Computer Science Education},
 series = {SIGCSE '18},
 year = {2018},
 isbn = {978-1-4503-5103-4},
 location = {Baltimore, Maryland, USA},
 pages = {1102--1102},
 numpages = {1},
 url = {http://doi.acm.org/10.1145/3159450.3162212},
 doi = {10.1145/3159450.3162212},
 acmid = {3162212},
 publisher = {ACM},
 address = {New York, NY, USA},
 keywords = {knowledge gap, learning mechanisms, productive failure},
}

