@inproceedings{Panteli:2014:PSC:2631488.2631492,
 author = {Panteli, Niki and Lee, Joyce Y.H. and Bulow, Anne Marie},
 title = {Playing the 'Silence' Card: Email Affordances in International Inter-firm Interactions},
 booktitle = {Proceedings of the 5th ACM International Conference on Collaboration Across Boundaries: Culture, Distance \&\#38; Technology},
 series = {CABS '14},
 year = {2014},
 isbn = {978-1-4503-2557-8},
 location = {Kyoto, Japan},
 pages = {63--63},
 numpages = {1},
 url = {http://doi.acm.org/10.1145/2631488.2631492},
 doi = {10.1145/2631488.2631492},
 acmid = {2631492},
 publisher = {ACM},
 address = {New York, NY, USA},
 keywords = {affordances theory, email, language, lingua-franca},
}

@inproceedings{Tang:2018:GBH:3265689.3265695,
 author = {Tang, Jian and Zhang, Ping},
 title = {Gamification and Basic Human Needs in Information Technology Design: A Literature Analysis},
 booktitle = {Proceedings of the 3rd International Conference on Crowd Science and Engineering},
 series = {ICCSE'18},
 year = {2018},
 isbn = {978-1-4503-6587-1},
 location = {Singapore, Singapore},
 pages = {6:1--6:6},
 articleno = {6},
 numpages = {6},
 url = {http://doi.acm.org/10.1145/3265689.3265695},
 doi = {10.1145/3265689.3265695},
 acmid = {3265695},
 publisher = {ACM},
 address = {New York, NY, USA},
 keywords = {Gamification, basic human needs, literature analysis, motivational affordance theory},
}

@inproceedings{Anderson:2008:SSI:1496984.1497016,
 author = {Anderson, Eike Falk},
 title = {Scripted Smarts in an Intelligent Virtual Environment: Behaviour Definition Using a Simple Entity Annotation Language},
 booktitle = {Proceedings of the 2008 Conference on Future Play: Research, Play, Share},
 series = {Future Play '08},
 year = {2008},
 isbn = {978-1-60558-218-4},
 location = {Toronto, Ontario, Canada},
 pages = {185--188},
 numpages = {4},
 url = {http://doi.acm.org/10.1145/1496984.1497016},
 doi = {10.1145/1496984.1497016},
 acmid = {1497016},
 publisher = {ACM},
 address = {New York, NY, USA},
 keywords = {behaviour definition (programming) language, game AI, smart terrain},
}

@inproceedings{Balint:2013:MVA:2484920.2485117,
 author = {Balint, John T. and Allbeck, Jan M.},
 title = {MacGyver Virtual Agents: Using Ontologies and Hierarchies for Resourceful Virtual Human Decision-making},
 booktitle = {Proceedings of the 2013 International Conference on Autonomous Agents and Multi-agent Systems},
 series = {AAMAS '13},
 year = {2013},
 isbn = {978-1-4503-1993-5},
 location = {St. Paul, MN, USA},
 pages = {1153--1154},
 numpages = {2},
 url = {http://dl.acm.org/citation.cfm?id=2484920.2485117},
 acmid = {2485117},
 publisher = {International Foundation for Autonomous Agents and Multiagent Systems},
 address = {Richland, SC},
 keywords = {education, modeling cognition and socio-cultural behavior, training, virtual character modeling and animation in games, virtual environments},
}

@inproceedings{Kim:2010:AFM:2433508.2433604,
 author = {Kim, Namhun and Rothrock, Ling and Joo, Jaekoo and Wysk, Richard A.},
 title = {An Affordance-based Formalism for Modeling Human-involvement in Complex Systems for Prospective Control},
 booktitle = {Proceedings of the Winter Simulation Conference},
 series = {WSC '10},
 year = {2010},
 isbn = {978-1-4244-9864-2},
 location = {Baltimore, Maryland},
 pages = {811--823},
 numpages = {13},
 url = {http://dl.acm.org/citation.cfm?id=2433508.2433604},
 acmid = {2433604},
 publisher = {Winter Simulation Conference},
}

@inproceedings{Kunduru:2018:SMP:3209626.3209627,
 author = {Kunduru, Sunil Reddy},
 title = {Social Media and Public Discourse: A Technology Affordance Perspective on Use of Social Media Features},
 booktitle = {Proceedings of the 2018 ACM SIGMIS Conference on Computers and People Research},
 series = {SIGMIS-CPR'18},
 year = {2018},
 isbn = {978-1-4503-5768-5},
 location = {Buffalo-Niagara Falls, NY, USA},
 pages = {168--176},
 numpages = {9},
 url = {http://doi.acm.org/10.1145/3209626.3209627},
 doi = {10.1145/3209626.3209627},
 acmid = {3209627},
 publisher = {ACM},
 address = {New York, NY, USA},
 keywords = {affordances, mass media, public discourse, social media, user generated content},
}

@incollection{Oviatt:2017:TFM:3015783.3015786,
 author = {Oviatt, Sharon},
 chapter = {Theoretical Foundations of Multimodal Interfaces and Systems},
 title = {The Handbook of Multimodal-Multisensor Interfaces},
 editor = {Oviatt, Sharon and Schuller, Bj\"{o}rn and Cohen, Philip R. and Sonntag, Daniel and Potamianos, Gerasimos and Kr\"{u}ger, Antonio},
 year = {2017},
 isbn = {978-1-97000-167-9},
 pages = {19--50},
 numpages = {32},
 url = {https://doi.org/10.1145/3015783.3015786},
 doi = {10.1145/3015783.3015786},
 acmid = {3015786},
 publisher = {Association for Computing Machinery and Morgan \&\#38; Claypool},
 address = {New York, NY, USA},
}

