@inproceedings{LeeTiernan:2003:TMA:765891.766008,
 author = {LeeTiernan, Scott and Farnham, Shelly and Cheng, Lili},
 title = {Two Methods for Auto-organizing Personal Web History},
 booktitle = {CHI '03 Extended Abstracts on Human Factors in Computing Systems},
 series = {CHI EA '03},
 year = {2003},
 isbn = {1-58113-637-4},
 location = {Ft. Lauderdale, Florida, USA},
 pages = {814--815},
 numpages = {2},
 url = {http://doi.acm.org/10.1145/765891.766008},
 doi = {10.1145/765891.766008},
 acmid = {766008},
 publisher = {ACM},
 address = {New York, NY, USA},
 keywords = {associative learning, internet history, web browsing},
}

@inproceedings{O'Hara:2004:EAD:1610042.1610061,
 author = {O'Hara, Tom and Wiebe, Janyce},
 title = {Empirical Acquisition of Differentiating Relations from Definitions},
 booktitle = {Proceedings of the Workshop on Enhancing and Using Electronic Dictionaries},
 series = {ElectricDict '04},
 year = {2004},
 location = {Geneva, Switzerland},
 pages = {77--80},
 numpages = {4},
 url = {http://dl.acm.org/citation.cfm?id=1610042.1610061},
 acmid = {1610061},
 publisher = {Association for Computational Linguistics},
 address = {Stroudsburg, PA, USA},
}

@inproceedings{Cambridge:2012:FST:2330601.2330622,
 author = {Cambridge, Darren and Perez-Lopez, Kathleen},
 title = {First Steps Towards a Social Learning Analytics for Online Communities of Practice for Educators},
 booktitle = {Proceedings of the 2Nd International Conference on Learning Analytics and Knowledge},
 series = {LAK '12},
 year = {2012},
 isbn = {978-1-4503-1111-3},
 location = {Vancouver, British Columbia, Canada},
 pages = {69--72},
 numpages = {4},
 url = {http://doi.acm.org/10.1145/2330601.2330622},
 doi = {10.1145/2330601.2330622},
 acmid = {2330622},
 publisher = {ACM},
 address = {New York, NY, USA},
 keywords = {education, learning analytics, online communities of practice, paradata, professional development, social network analysis},
}

@inproceedings{Austermann:2009:BIA:1520340.1520533,
 author = {Austermann, Anja and Yamada, Seiji},
 title = {A Biologically Inspired Approach to Learning Multimodal Commands and Feedback for Human-robot Interaction},
 booktitle = {CHI '09 Extended Abstracts on Human Factors in Computing Systems},
 series = {CHI EA '09},
 year = {2009},
 isbn = {978-1-60558-247-4},
 location = {Boston, MA, USA},
 pages = {3553--3558},
 numpages = {6},
 url = {http://doi.acm.org/10.1145/1520340.1520533},
 doi = {10.1145/1520340.1520533},
 acmid = {1520533},
 publisher = {ACM},
 address = {New York, NY, USA},
 keywords = {human-robot-interaction, machine learning, multimodality, speech perception, user feedback},
}

@inproceedings{Grossman:2007:SAO:1240624.1240865,
 author = {Grossman, Tovi and Dragicevic, Pierre and Balakrishnan, Ravin},
 title = {Strategies for Accelerating On-line Learning of Hotkeys},
 booktitle = {Proceedings of the SIGCHI Conference on Human Factors in Computing Systems},
 series = {CHI '07},
 year = {2007},
 isbn = {978-1-59593-593-9},
 location = {San Jose, California, USA},
 pages = {1591--1600},
 numpages = {10},
 url = {http://doi.acm.org/10.1145/1240624.1240865},
 doi = {10.1145/1240624.1240865},
 acmid = {1240865},
 publisher = {ACM},
 address = {New York, NY, USA},
 keywords = {hotkeys, learning},
}

@inproceedings{Yin:2015:BLH:2701973.2702718,
 author = {Yin, Hang and Billard, Aude and Paiva, Ana},
 title = {Bidirectional Learning of Handwriting Skill in Human-Robot Interaction},
 booktitle = {Proceedings of the Tenth Annual ACM/IEEE International Conference on Human-Robot Interaction Extended Abstracts},
 series = {HRI'15 Extended Abstracts},
 year = {2015},
 isbn = {978-1-4503-3318-4},
 location = {Portland, Oregon, USA},
 pages = {243--244},
 numpages = {2},
 url = {http://doi.acm.org/10.1145/2701973.2702718},
 doi = {10.1145/2701973.2702718},
 acmid = {2702718},
 publisher = {ACM},
 address = {New York, NY, USA},
 keywords = {human robot interaction, learning by teaching, learning from demonstrations},
}

@inproceedings{McDowell:2006:CTA:1143997.1144028,
 author = {McDowell, J. J and Soto, Paul L. and Dallery, Jesse and Kulubekova, Saule},
 title = {A Computational Theory of Adaptive Behavior Based on an Evolutionary Reinforcement Mechanism},
 booktitle = {Proceedings of the 8th Annual Conference on Genetic and Evolutionary Computation},
 series = {GECCO '06},
 year = {2006},
 isbn = {1-59593-186-4},
 location = {Seattle, Washington, USA},
 pages = {175--182},
 numpages = {8},
 url = {http://doi.acm.org/10.1145/1143997.1144028},
 doi = {10.1145/1143997.1144028},
 acmid = {1144028},
 publisher = {ACM},
 address = {New York, NY, USA},
 keywords = {Rescorla-Wagner rule, adaptive agents, adaptive behavior, conditioned reinforcement, credit assignment, delay-reduction theory, evolutionary algorithms, matching theory, reinforcement learning, stimulus control},
}

@inproceedings{Godbole:2007:TIL:1286240.1286280,
 author = {Godbole, Shantanu and Joshi, Sachindra and Mehta, Sameep and Ramakrishnan, Ganesh},
 title = {Toward Interactive Learning by Concept Ordering},
 booktitle = {Proceedings of the Eighteenth Conference on Hypertext and Hypermedia},
 series = {HT '07},
 year = {2007},
 isbn = {978-1-59593-820-6},
 location = {Manchester, UK},
 pages = {149--150},
 numpages = {2},
 url = {http://doi.acm.org/10.1145/1286240.1286280},
 doi = {10.1145/1286240.1286280},
 acmid = {1286280},
 publisher = {ACM},
 address = {New York, NY, USA},
 keywords = {information representation, visual analytics},
}

@article{Lorton:1973:CIS:963553.963560,
 author = {Lorton, Paul},
 title = {Computer-based Instruction in Spelling: An Investigation of Optimal Strategies for Presenting Instructional Material},
 journal = {SIGCUE Outlook},
 issue_date = {July 1973},
 volume = {7},
 number = {3},
 month = jul,
 year = {1973},
 issn = {0163-5735},
 pages = {40--40},
 numpages = {1},
 url = {http://doi.acm.org/10.1145/963553.963560},
 doi = {10.1145/963553.963560},
 acmid = {963560},
 publisher = {ACM},
 address = {New York, NY, USA},
}

@inproceedings{O'Donnell:2010:TIE:1866732.1866734,
 author = {O'Donnell, Matthew Brook and Ellis, Nick},
 title = {Towards an Inventory of English Verb Argument Constructions},
 booktitle = {Proceedings of the NAACL HLT Workshop on Extracting and Using Constructions in Computational Linguistics},
 series = {EUCCL '10},
 year = {2010},
 location = {Los Angeles, California},
 pages = {9--16},
 numpages = {8},
 url = {http://dl.acm.org/citation.cfm?id=1866732.1866734},
 acmid = {1866734},
 publisher = {Association for Computational Linguistics},
 address = {Stroudsburg, PA, USA},
}

@article{Flieger:2010:SPP:1858583.1858592,
 author = {Flieger, Joseph and Palmer, James Dean},
 title = {Supporting Pair Programming with JavaGrinder},
 journal = {J. Comput. Sci. Coll.},
 issue_date = {December 2010},
 volume = {26},
 number = {2},
 month = dec,
 year = {2010},
 issn = {1937-4771},
 pages = {63--70},
 numpages = {8},
 url = {http://dl.acm.org/citation.cfm?id=1858583.1858592},
 acmid = {1858592},
 publisher = {Consortium for Computing Sciences in Colleges},
 address = {USA},
}

@inproceedings{Inventado:2016:DPM:3022636.3022644,
 author = {Inventado, Paul Salvador and Scupelli, Peter},
 title = {Design Patterns for Math Problems and Learning Support in Online Learning Systems},
 booktitle = {Proceedings of the 10th Travelling Conference on Pattern Languages of Programs},
 series = {VikingPLoP '16},
 year = {2016},
 isbn = {978-1-4503-4200-1},
 location = {Leerdam, AA, Netherlands},
 pages = {8:1--8:16},
 articleno = {8},
 numpages = {16},
 url = {http://doi.acm.org/10.1145/3022636.3022644},
 doi = {10.1145/3022636.3022644},
 acmid = {3022644},
 publisher = {ACM},
 address = {New York, NY, USA},
 keywords = {ASSISTments, Design patterns, data driven design pattern production, learning support, online learning systems, problem solving},
}

@article{Ponzoni:2007:IAR:1322075.1322088,
 author = {Ponzoni, Ignacio and Azuaje, Francisco and Augusto, Juan and Glass, David},
 title = {Inferring Adaptive Regulation Thresholds and Association Rules from Gene Expression Data Through Combinatorial Optimization Learning},
 journal = {IEEE/ACM Trans. Comput. Biol. Bioinformatics},
 issue_date = {October 2007},
 volume = {4},
 number = {4},
 month = oct,
 year = {2007},
 issn = {1545-5963},
 pages = {624--634},
 numpages = {11},
 url = {https://doi.org/10.1109/tcbb.2007.1049},
 doi = {10.1109/tcbb.2007.1049},
 acmid = {1322088},
 publisher = {IEEE Computer Society Press},
 address = {Los Alamitos, CA, USA},
 keywords = {combinatorial optimization, genetic regulatory networks, machine-learning, gene expression data, decision trees},
}

@inproceedings{Marzukhi:2012:TLC:2330163.2330287,
 author = {Marzukhi, Syahaneim and Browne, Will N. and Zhang, Mengjie},
 title = {Two-cornered Learning Classifier Systems for Pattern Generation and Classification},
 booktitle = {Proceedings of the 14th Annual Conference on Genetic and Evolutionary Computation},
 series = {GECCO '12},
 year = {2012},
 isbn = {978-1-4503-1177-9},
 location = {Philadelphia, Pennsylvania, USA},
 pages = {895--902},
 numpages = {8},
 url = {http://doi.acm.org/10.1145/2330163.2330287},
 doi = {10.1145/2330163.2330287},
 acmid = {2330287},
 publisher = {ACM},
 address = {New York, NY, USA},
 keywords = {co-evolution, learning classifier systems (lcss), pattern classification},
}

@inproceedings{Mobus:1994:FIR:782185.782231,
 author = {Mobus, George E. and Aparicio,IV, Manuel},
 title = {Foraging for Information Resources in Cyberspace: Intelligent Foraging Agent in a Distributed Network},
 booktitle = {Proceedings of the 1994 Conference of the Centre for Advanced Studies on Collaborative Research},
 series = {CASCON '94},
 year = {1994},
 location = {Toronto, Ontario, Canada},
 pages = {46--},
 url = {http://dl.acm.org/citation.cfm?id=782185.782231},
 acmid = {782231},
 publisher = {IBM Press},
}

@inproceedings{Sun:2015:LAC:2783258.2783324,
 author = {Sun, Zhaonan and Wang, Fei and Hu, Jianying},
 title = {LINKAGE: An Approach for Comprehensive Risk Prediction for Care Management},
 booktitle = {Proceedings of the 21th ACM SIGKDD International Conference on Knowledge Discovery and Data Mining},
 series = {KDD '15},
 year = {2015},
 isbn = {978-1-4503-3664-2},
 location = {Sydney, NSW, Australia},
 pages = {1145--1154},
 numpages = {10},
 url = {http://doi.acm.org/10.1145/2783258.2783324},
 doi = {10.1145/2783258.2783324},
 acmid = {2783324},
 publisher = {ACM},
 address = {New York, NY, USA},
 keywords = {comprehensive risk prediction, covariance matrix, generalized linear model, generalized thresholding, healthcare},
}

@inproceedings{Zaid:2012:MMV:2424563.2424575,
 author = {Zaid, Lamia Abo and De Troyer, Olga},
 title = {Modelling and Managing Variability with Feature Assembly: An Experience Report},
 booktitle = {Proceedings of the Second Edition of the International Workshop on Experiences and Empirical Studies in Software Modelling},
 series = {EESSMod '12},
 year = {2012},
 isbn = {978-1-4503-1811-2},
 location = {Innsbruck, Austria},
 pages = {9:1--9:7},
 articleno = {9},
 numpages = {7},
 url = {http://doi.acm.org/10.1145/2424563.2424575},
 doi = {10.1145/2424563.2424575},
 acmid = {2424575},
 publisher = {ACM},
 address = {New York, NY, USA},
 keywords = {Feature Assembly, experience report, feature models, software product lines, variability, variability management},
}

@article{Tipping:2001:SBL:944733.944741,
 author = {Tipping, Michael E.},
 title = {Sparse Bayesian Learning and the Relevance Vector Machine},
 journal = {J. Mach. Learn. Res.},
 issue_date = {9/1/2001},
 volume = {1},
 month = sep,
 year = {2001},
 issn = {1532-4435},
 pages = {211--244},
 numpages = {34},
 url = {https://doi.org/10.1162/15324430152748236},
 doi = {10.1162/15324430152748236},
 acmid = {944741},
 publisher = {JMLR.org},
}

@inproceedings{Chen:2007:IMS:1341920.1341928,
 author = {Chen, Xin and Zhang, Chengcui},
 title = {Interactive Mining and Semantic Retrieval of Videos},
 booktitle = {Proceedings of the 8th International Workshop on Multimedia Data Mining: (Associated with the ACM SIGKDD 2007)},
 series = {MDM '07},
 year = {2007},
 isbn = {978-1-59593-837-4},
 location = {San Jose, California},
 pages = {8:1--8:9},
 articleno = {8},
 numpages = {9},
 url = {http://doi.acm.org/10.1145/1341920.1341928},
 doi = {10.1145/1341920.1341928},
 acmid = {1341928},
 publisher = {ACM},
 address = {New York, NY, USA},
 keywords = {content-based video retrieval, multimedia data mining, neural network, relevance feedback, spatial and temporal data mining, visual data mining},
}

@article{Tatar:2019:PCD:3306465.3306484,
 author = {Tatar, Deborah G. and Stewart, Michael and Shrestha, Chandani},
 title = {Promoting Conscientious Discussions in Computer Science Ethics Instruction},
 journal = {J. Comput. Sci. Coll.},
 issue_date = {January 2019},
 volume = {34},
 number = {3},
 month = jan,
 year = {2019},
 issn = {1937-4771},
 pages = {128--128},
 numpages = {1},
 url = {http://dl.acm.org/citation.cfm?id=3306465.3306484},
 acmid = {3306484},
 publisher = {Consortium for Computing Sciences in Colleges},
 address = {USA},
}

@article{Krishnan:2007:CQT:1281421.1281427,
 author = {Krishnan, R and Krishna, S Murali and Bharill, Nishil},
 title = {Code Quality Tools: Learning from Our Experience},
 journal = {SIGSOFT Softw. Eng. Notes},
 issue_date = {July 2007},
 volume = {32},
 number = {4},
 month = jul,
 year = {2007},
 issn = {0163-5948},
 articleno = {5},
 url = {http://doi.acm.org/10.1145/1281421.1281427},
 doi = {10.1145/1281421.1281427},
 acmid = {1281427},
 publisher = {ACM},
 address = {New York, NY, USA},
 keywords = {buffer overflow and memory corruption, code quality, memory leak},
}

@article{Divitini:1996:LMT:242206.242306,
 author = {Divitini, Monica and Simone, Carla},
 title = {Learning, Memory and Technology: Some Initial Considerations},
 journal = {SIGOIS Bull.},
 issue_date = {Dec. 1996},
 volume = {17},
 number = {3},
 month = dec,
 year = {1996},
 issn = {0894-0819},
 pages = {45--47},
 numpages = {3},
 url = {http://doi.acm.org/10.1145/242206.242306},
 doi = {10.1145/242206.242306},
 acmid = {242306},
 publisher = {ACM},
 address = {New York, NY, USA},
}

