@inproceedings{Botzer:2018:USF:3232078.3232083,
 author = {Botzer, Assaf and Shvalb, Nir and she, Boaz Ben-Mo},
 title = {Using Sound Feedback to Help Blind People Navigate},
 booktitle = {Proceedings of the 36th European Conference on Cognitive Ergonomics},
 series = {ECCE'18},
 year = {2018},
 isbn = {978-1-4503-6449-2},
 location = {Utrecht, Netherlands},
 pages = {23:1--23:3},
 articleno = {23},
 numpages = {3},
 url = {http://doi.acm.org/10.1145/3232078.3232083},
 doi = {10.1145/3232078.3232083},
 acmid = {3232083},
 publisher = {ACM},
 address = {New York, NY, USA},
 keywords = {Cross-modality matching, Hebb-Williams Maze, spatial navigation, visually impaired},
}

