@article{Russell:1991:NNU:128000.904009,
 author = {Russell, Ingrid F.},
 title = {Neural Networks in the Undergraduate Curriculum},
 journal = {J. Comput. Sci. Coll.},
 issue_date = {May 1991},
 volume = {6},
 number = {5},
 month = apr,
 year = {1991},
 issn = {1937-4771},
 pages = {92--97},
 numpages = {6},
 url = {http://dl.acm.org/citation.cfm?id=128000.904009},
 acmid = {904009},
 publisher = {Consortium for Computing Sciences in Colleges},
 address = {USA},
}

@inproceedings{Botzer:2018:USF:3232078.3232083,
 author = {Botzer, Assaf and Shvalb, Nir and she, Boaz Ben-Mo},
 title = {Using Sound Feedback to Help Blind People Navigate},
 booktitle = {Proceedings of the 36th European Conference on Cognitive Ergonomics},
 series = {ECCE'18},
 year = {2018},
 isbn = {978-1-4503-6449-2},
 location = {Utrecht, Netherlands},
 pages = {23:1--23:3},
 articleno = {23},
 numpages = {3},
 url = {http://doi.acm.org/10.1145/3232078.3232083},
 doi = {10.1145/3232078.3232083},
 acmid = {3232083},
 publisher = {ACM},
 address = {New York, NY, USA},
 keywords = {Cross-modality matching, Hebb-Williams Maze, spatial navigation, visually impaired},
}

@inproceedings{Golea:1993:ACA:168304.168323,
 author = {Golea, Mostefa and Marchand, Mario},
 title = {Average Case Analysis of the Clipped Hebb Rule for Nonoverlapping Perception Networks},
 booktitle = {Proceedings of the Sixth Annual Conference on Computational Learning Theory},
 series = {COLT '93},
 year = {1993},
 isbn = {0-89791-611-5},
 location = {Santa Cruz, California, USA},
 pages = {151--157},
 numpages = {7},
 url = {http://doi.acm.org/10.1145/168304.168323},
 doi = {10.1145/168304.168323},
 acmid = {168323},
 publisher = {ACM},
 address = {New York, NY, USA},
}

@inproceedings{Whitson:1988:TSP:322609.322794,
 author = {Whitson, George M. and Kulkarni, Arun},
 title = {A Testbed for Sensory PDP Models},
 booktitle = {Proceedings of the 1988 ACM Sixteenth Annual Conference on Computer Science},
 series = {CSC '88},
 year = {1988},
 isbn = {0-89791-260-8},
 location = {Atlanta, Georgia, USA},
 pages = {467--468},
 numpages = {2},
 url = {http://doi.acm.org/10.1145/322609.322794},
 doi = {10.1145/322609.322794},
 acmid = {322794},
 publisher = {ACM},
 address = {New York, NY, USA},
}

@inproceedings{Ulug:1989:HES:66617.66654,
 author = {Ulug, M. E.},
 title = {A Hybrid Expert System Combining AI Techniques with a Neural-net},
 booktitle = {Proceedings of the 2Nd International Conference on Industrial and Engineering Applications of Artificial Intelligence and Expert Systems - Volume 1},
 series = {IEA/AIE '89},
 year = {1989},
 isbn = {0-89791-320-5},
 location = {Tullahoma, Tennessee, USA},
 pages = {305--309},
 numpages = {5},
 url = {http://doi.acm.org/10.1145/66617.66654},
 doi = {10.1145/66617.66654},
 acmid = {66654},
 publisher = {ACM},
 address = {New York, NY, USA},
}

@inproceedings{1973:AII:1125118.1125154,
 title = {Artificial Intelligence II},
 booktitle = {Proceedings of the 1st Annual Computer Science Conference on Program Information Abstracts},
 series = {CSC '73},
 year = {1973},
 location = {Columbus, Ohio},
 pages = {63--64},
 numpages = {2},
 url = {http://doi.acm.org/10.1145/1125118.1125154},
 doi = {10.1145/1125118.1125154},
 acmid = {1125154},
 publisher = {ACM},
 address = {New York, NY, USA},
key = {{$\!\!$}} ,
}

@inproceedings{Fernando:2007:HLS:1276958.1277046,
 author = {Fernando, Chrisantha Thomas and Rowe, Jon},
 title = {Hebbian Learning in a Simple Gene Circuit},
 booktitle = {Proceedings of the 9th Annual Conference on Genetic and Evolutionary Computation},
 series = {GECCO '07},
 year = {2007},
 isbn = {978-1-59593-697-4},
 location = {London, England},
 pages = {426--426},
 numpages = {1},
 url = {http://doi.acm.org/10.1145/1276958.1277046},
 doi = {10.1145/1276958.1277046},
 acmid = {1277046},
 publisher = {ACM},
 address = {New York, NY, USA},
 keywords = {hebbian learning},
}

@inproceedings{vanderSmagt:1990:CSN:98894.99119,
 author = {van der Smagt, P. Patrick},
 title = {A Comparative Study of Neural Network Algorithms Applied to Optical Character Recognition},
 booktitle = {Proceedings of the 3rd International Conference on Industrial and Engineering Applications of Artificial Intelligence and Expert Systems - Volume 2},
 series = {IEA/AIE '90},
 year = {1990},
 isbn = {0-89791-372-8},
 location = {Charleston, South Carolina, USA},
 pages = {1037--1044},
 numpages = {8},
 url = {http://doi.acm.org/10.1145/98894.99119},
 doi = {10.1145/98894.99119},
 acmid = {99119},
 publisher = {ACM},
 address = {New York, NY, USA},
}

@article{Sondak:1989:NNA:65294.71221,
 author = {Sondak, N. E. and Sondak, V. K.},
 title = {Neural Networks and Artificial Intelligence},
 journal = {SIGCSE Bull.},
 issue_date = {Feb. 1989},
 volume = {21},
 number = {1},
 month = feb,
 year = {1989},
 issn = {0097-8418},
 pages = {241--245},
 numpages = {5},
 url = {http://doi.acm.org/10.1145/65294.71221},
 doi = {10.1145/65294.71221},
 acmid = {71221},
 publisher = {ACM},
 address = {New York, NY, USA},
}

@inproceedings{Sondak:1989:NNA:65293.71221,
 author = {Sondak, N. E. and Sondak, V. K.},
 title = {Neural Networks and Artificial Intelligence},
 booktitle = {Proceedings of the Twentieth SIGCSE Technical Symposium on Computer Science Education},
 series = {SIGCSE '89},
 year = {1989},
 isbn = {0-89791-298-5},
 location = {Louisville, Kentucky, USA},
 pages = {241--245},
 numpages = {5},
 url = {http://doi.acm.org/10.1145/65293.71221},
 doi = {10.1145/65293.71221},
 acmid = {71221},
 publisher = {ACM},
 address = {New York, NY, USA},
}

@article{Kissel:2003:AMB:1027328.1027332,
 author = {Kissel, Zachary A.},
 title = {Associative Memory and the Board Game Quarto},
 journal = {XRDS},
 issue_date = {December 2003},
 volume = {10},
 number = {2},
 month = dec,
 year = {2003},
 issn = {1528-4972},
 pages = {4--4},
 numpages = {1},
 url = {http://doi.acm.org/10.1145/1027328.1027332},
 doi = {10.1145/1027328.1027332},
 acmid = {1027332},
 publisher = {ACM},
 address = {New York, NY, USA},
}

@inproceedings{Sejnowski:1995:PHL:225298.225300,
 author = {Sejnowski, Terrence J. and Dayan, Peter and Montague, P. Read},
 title = {Predictive Hebbian Learning},
 booktitle = {Proceedings of the Eighth Annual Conference on Computational Learning Theory},
 series = {COLT '95},
 year = {1995},
 isbn = {0-89791-723-5},
 location = {Santa Cruz, California, USA},
 pages = {15--18},
 numpages = {4},
 url = {http://doi.acm.org/10.1145/225298.225300},
 doi = {10.1145/225298.225300},
 acmid = {225300},
 publisher = {ACM},
 address = {New York, NY, USA},
}

@article{Serra:1997:BRA:272874.1067697,
 note = {Reviewer-Serra, Roberto},
 title = {Book Review: Analysis and Applications of Artificial Neural Networks by L.P.J. Veelenturf (Prentice Hall 1995)},
 journal = {SIGART Bull.},
 issue_date = {1997},
 volume = {8},
 number = {1-4},
 month = dec,
 year = {1997},
 issn = {0163-5719},
 pages = {38--39},
 numpages = {2},
 url = {http://doi.acm.org/10.1145/272874.1067697},
 doi = {10.1145/272874.1067697},
 acmid = {1067697},
 publisher = {ACM},
 address = {New York, NY, USA},
}

@inproceedings{Malin:1961:CON:1460764.1460771,
 author = {Malin, David},
 title = {CONTRANS: (Conceptual Thought, Random-net Simulation)},
 booktitle = {Proceedings of the December 12-14, 1961, Eastern Joint Computer Conference: Computers - Key to Total Systems Control},
 series = {AFIPS '61 (Eastern)},
 year = {1961},
 location = {Washington, D.C.},
 pages = {124--134},
 numpages = {11},
 url = {http://doi.acm.org/10.1145/1460764.1460771},
 doi = {10.1145/1460764.1460771},
 acmid = {1460771},
 publisher = {ACM},
 address = {New York, NY, USA},
}

@article{Kwok:1989:NNP:75335.75338,
 author = {Kwok, K. L.},
 title = {A Neural Network for Probabilistic Information Retrieval},
 journal = {SIGIR Forum},
 issue_date = {June 1989},
 volume = {23},
 number = {SI},
 month = may,
 year = {1989},
 issn = {0163-5840},
 pages = {21--30},
 numpages = {10},
 url = {http://doi.acm.org/10.1145/75335.75338},
 doi = {10.1145/75335.75338},
 acmid = {75338},
 publisher = {ACM},
 address = {New York, NY, USA},
}

@inproceedings{Kwok:1989:NNP:75334.75338,
 author = {Kwok, K. L.},
 title = {A Neural Network for Probabilistic Information Retrieval},
 booktitle = {Proceedings of the 12th Annual International ACM SIGIR Conference on Research and Development in Information Retrieval},
 series = {SIGIR '89},
 year = {1989},
 isbn = {0-89791-321-3},
 location = {Cambridge, Massachusetts, USA},
 pages = {21--30},
 numpages = {10},
 url = {http://doi.acm.org/10.1145/75334.75338},
 doi = {10.1145/75334.75338},
 acmid = {75338},
 publisher = {ACM},
 address = {New York, NY, USA},
}

@article{Keating:1993:HNN:164205.164224,
 author = {Keating, John G.},
 title = {Hopfield Networks, Neural Data Structures and the Nine Flies Problem: Neural Network Programming Projects for Undergraduates},
 journal = {SIGCSE Bull.},
 issue_date = {Dec. 1993},
 volume = {25},
 number = {4},
 month = dec,
 year = {1993},
 issn = {0097-8418},
 pages = {33--37},
 numpages = {5},
 url = {http://doi.acm.org/10.1145/164205.164224},
 doi = {10.1145/164205.164224},
 acmid = {164224},
 publisher = {ACM},
 address = {New York, NY, USA},
}

@inproceedings{Kang:2007:UII:1297277.1297303,
 author = {Kang, Helen W. and Zentall, Sydney S. and Burton, Terry L.},
 title = {Use of Images in Instructional Technology for Children with Attentional Difficulties},
 booktitle = {Proceedings of the 6th International Conference on Interaction Design and Children},
 series = {IDC '07},
 year = {2007},
 isbn = {978-1-59593-747-6},
 location = {Aalborg, Denmark},
 pages = {129--132},
 numpages = {4},
 url = {http://doi.acm.org/10.1145/1297277.1297303},
 doi = {10.1145/1297277.1297303},
 acmid = {1297303},
 publisher = {ACM},
 address = {New York, NY, USA},
 keywords = {ADHD, additional visual cues, low-level visual cues},
}

@inproceedings{deVladar:2016:ANM:2908961.2931672,
 author = {de Vladar, Harold P. and Fedor, Anna and Szil\'{a}gyi, Andr\'{a}s and Zachar, Istv\'{a}n and Szathm\'{a}ry, E\"{o}rs},
 title = {An Attractor Network-Based Model with Darwinian Dynamics},
 booktitle = {Proceedings of the 2016 on Genetic and Evolutionary Computation Conference Companion},
 series = {GECCO '16 Companion},
 year = {2016},
 isbn = {978-1-4503-4323-7},
 location = {Denver, Colorado, USA},
 pages = {1049--1052},
 numpages = {4},
 url = {http://doi.acm.org/10.1145/2908961.2931672},
 doi = {10.1145/2908961.2931672},
 acmid = {2931672},
 publisher = {ACM},
 address = {New York, NY, USA},
 keywords = {attractor network, autoassociative neural network, darwinian dynamics, learning, evolutionary search, neurodynamics},
}

@inproceedings{Neidich:2005:SNA:1056224.1056281,
 author = {Neidich, Warren and Zimmer, Robert and de Souza, Thibaud},
 title = {Society of Neurons: An Arts/Science Project},
 booktitle = {Proceedings of the 5th Conference on Creativity \&Amp; Cognition},
 series = {C\&amp;C '05},
 year = {2005},
 isbn = {1-59593-025-6},
 location = {London, United Kingdom},
 pages = {301--304},
 numpages = {4},
 url = {http://doi.acm.org/10.1145/1056224.1056281},
 doi = {10.1145/1056224.1056281},
 acmid = {1056281},
 publisher = {ACM},
 address = {New York, NY, USA},
 keywords = {digital art, neural Darwinism, web art},
}

@inproceedings{Florencio:2018:IDV:3293614.3293642,
 author = {Florencio, Felipe de Almeida and Moreno, Edward David and Macedo, Hendrik and de B. Salgueiro, Ricardo J. P. and do Nascimento, Filipe Barreto and Santos, Flavio Arthur Oliveira},
 title = {Intrusion Detection via Multilayer Perceptron Using a Low Power Device},
 booktitle = {Proceedings of the Euro American Conference on Telematics and Information Systems},
 series = {EATIS '18},
 year = {2018},
 isbn = {978-1-4503-6572-7},
 location = {Fortaleza, Brazil},
 pages = {11:1--11:5},
 articleno = {11},
 numpages = {5},
 url = {http://doi.acm.org/10.1145/3293614.3293642},
 doi = {10.1145/3293614.3293642},
 acmid = {3293642},
 publisher = {ACM},
 address = {New York, NY, USA},
 keywords = {Arduino, Embedded System, IDS, Intrusion Detection, IoT, KDD, MLP, Multilayer Perceptron},
}

@inproceedings{Frenger:1991:FHN:259965.260009,
 author = {Frenger, Paul},
 title = {A Forth-based Hybrid Neuron for Neural Nets},
 booktitle = {Proceedings of the Second and Third Annual Workshops on Forth},
 series = {FORTH '90 and '91},
 year = {1991},
 isbn = {0-89791-462-7},
 location = {San Antonio, Texas, USA},
 pages = {99--102},
 numpages = {4},
 url = {http://doi.acm.org/10.1145/259965.260009},
 doi = {10.1145/259965.260009},
 acmid = {260009},
 publisher = {ACM},
 address = {New York, NY, USA},
}

@article{Laing:1961:AT:366696.366783,
 author = {Laing, Richard},
 title = {Automata Theory},
 journal = {Commun. ACM},
 issue_date = {Sept. 1961},
 volume = {4},
 number = {9},
 month = sep,
 year = {1961},
 issn = {0001-0782},
 pages = {406--},
 url = {http://doi.acm.org/10.1145/366696.366783},
 doi = {10.1145/366696.366783},
 acmid = {366783},
 publisher = {ACM},
 address = {New York, NY, USA},
 keywords = {automata theory, machine adaptive systems, machine learning theory, mathematical logic},
}

@article{Barton:1961:FDC:366696.366774,
 author = {Barton, Robert S.},
 title = {Functional Design of Computers},
 journal = {Commun. ACM},
 issue_date = {Sept. 1961},
 volume = {4},
 number = {9},
 month = sep,
 year = {1961},
 issn = {0001-0782},
 pages = {405--},
 url = {http://doi.acm.org/10.1145/366696.366774},
 doi = {10.1145/366696.366774},
 acmid = {366774},
 publisher = {ACM},
 address = {New York, NY, USA},
 keywords = {automatic programming, computer functional design, computer organization, language models for computers, multiprocessor control, program control, storage alloction},
}

@inproceedings{Basterrech:2013:IRE:2542050.2542087,
 author = {Basterrech, Sebasti\'{a}n and Sn\'{a}\v{s}el, V\'{a}clav},
 title = {Initializing Reservoirs with Exhibitory and Inhibitory Signals Using Unsupervised Learning Techniques},
 booktitle = {Proceedings of the Fourth Symposium on Information and Communication Technology},
 series = {SoICT '13},
 year = {2013},
 isbn = {978-1-4503-2454-0},
 location = {Danang, Vietnam},
 pages = {53--60},
 numpages = {8},
 url = {http://doi.acm.org/10.1145/2542050.2542087},
 doi = {10.1145/2542050.2542087},
 acmid = {2542087},
 publisher = {ACM},
 address = {New York, NY, USA},
 keywords = {neural computation, reservoir computing, time series benchmarks, unsupervised learning},
}

@article{Vazsonyi:1961:OMS:366696.366776,
 author = {Vazsonyi, Andrew},
 title = {An On-line Management System Using English Language},
 journal = {Commun. ACM},
 issue_date = {Sept. 1961},
 volume = {4},
 number = {9},
 month = sep,
 year = {1961},
 issn = {0001-0782},
 pages = {405--},
 url = {http://doi.acm.org/10.1145/366696.366776},
 doi = {10.1145/366696.366776},
 acmid = {366776},
 publisher = {ACM},
 address = {New York, NY, USA},
 keywords = {computer routines, decision gaming, input-output devices, management system, mathematical models, on-line system},
}

@article{Levenson:1961:MC:366696.366780,
 author = {Levenson, Judith and Helwig, Frank},
 title = {The META Compiler},
 journal = {Commun. ACM},
 issue_date = {Sept. 1961},
 volume = {4},
 number = {9},
 month = sep,
 year = {1961},
 issn = {0001-0782},
 pages = {405--},
 url = {http://doi.acm.org/10.1145/366696.366780},
 doi = {10.1145/366696.366780},
 acmid = {366780},
 publisher = {ACM},
 address = {New York, NY, USA},
 keywords = {compilers, meta languages, programming languages},
}

@article{Quillian:1961:SHU:366696.366784,
 author = {Quillian, M. Ross},
 title = {Simulation of Human Understanding of Language},
 journal = {Commun. ACM},
 issue_date = {Sept. 1961},
 volume = {4},
 number = {9},
 month = sep,
 year = {1961},
 issn = {0001-0782},
 pages = {406--},
 url = {http://doi.acm.org/10.1145/366696.366784},
 doi = {10.1145/366696.366784},
 acmid = {366784},
 publisher = {ACM},
 address = {New York, NY, USA},
 keywords = {artificial intelligence, computer simulation, human understanding and concept formation, information storage and retrieval, machine translation, meaning machinese, semantic analysis of language},
}

@article{Laing:1961:NS:366696.366778,
 author = {Laing, Richard},
 title = {Nerve-net Simulations},
 journal = {Commun. ACM},
 issue_date = {Sept. 1961},
 volume = {4},
 number = {9},
 month = sep,
 year = {1961},
 issn = {0001-0782},
 pages = {405--},
 url = {http://doi.acm.org/10.1145/366696.366778},
 doi = {10.1145/366696.366778},
 acmid = {366778},
 publisher = {ACM},
 address = {New York, NY, USA},
 keywords = {automata theory, machine learning theory, nerve-net simulation},
}

@article{Yoon:1989:ANN:74657.74658,
 author = {Yoon, B. L.},
 title = {Artificial Neural Network Technology},
 journal = {SIGSMALL/PC Notes},
 issue_date = {Aug. 1989},
 volume = {15},
 number = {3},
 month = aug,
 year = {1989},
 issn = {0893-2875},
 pages = {3--16},
 numpages = {14},
 url = {http://doi.acm.org/10.1145/74657.74658},
 doi = {10.1145/74657.74658},
 acmid = {74658},
 publisher = {ACM},
 address = {New York, NY, USA},
}

@inproceedings{Falk:2012:CFV:2390524.2390643,
 author = {Falk, Ingrid and Gardent, Claire and Lamirel, Jean-Charles},
 title = {Classifying French Verbs Using French and English Lexical Resources},
 booktitle = {Proceedings of the 50th Annual Meeting of the Association for Computational Linguistics: Long Papers - Volume 1},
 series = {ACL '12},
 year = {2012},
 location = {Jeju Island, Korea},
 pages = {854--863},
 numpages = {10},
 url = {http://dl.acm.org/citation.cfm?id=2390524.2390643},
 acmid = {2390643},
 publisher = {Association for Computational Linguistics},
 address = {Stroudsburg, PA, USA},
}

@article{Roy:2000:ANN:846183.846192,
 author = {Roy, Asim},
 title = {Artificial Neural Networks: A Science in Trouble},
 journal = {SIGKDD Explor. Newsl.},
 issue_date = {January 2000},
 volume = {1},
 number = {2},
 month = jan,
 year = {2000},
 issn = {1931-0145},
 pages = {33--38},
 numpages = {6},
 url = {http://doi.acm.org/10.1145/846183.846192},
 doi = {10.1145/846183.846192},
 acmid = {846192},
 publisher = {ACM},
 address = {New York, NY, USA},
 keywords = {artificial neural networks, automated learning, brain-like learning, connectionism, data mining, intelligent systems},
}

@inproceedings{Mustafa:2016:QPA:3023924.3023925,
 author = {Mustafa, Hassan M. H. and Ben Tourkia, Fadhel},
 title = {On Quantified Performance Analysis of Highly Specialized Neurons for Development of Reading Brain Function Using Neural Networks' Modeling (Generalized Hebbian Algorithm Approach)},
 booktitle = {Proceedings of the 2016 International Conference on Communication and Information Systems},
 series = {ICCIS '16},
 year = {2016},
 isbn = {978-1-4503-4791-4},
 location = {Bangkok, Thailand},
 pages = {36--46},
 numpages = {11},
 url = {http://doi.acm.org/10.1145/3023924.3023925},
 doi = {10.1145/3023924.3023925},
 acmid = {3023925},
 publisher = {ACM},
 address = {New York, NY, USA},
 keywords = {Artificial neural network modeling, Associative memory, Reading brain Performance, Self-organized learning},
}

@inproceedings{Guntz:2018:REP:3279810.3279846,
 author = {Guntz, Thomas and Crowley, James L. and Vaufreydaz, Dominique and Balzarini, Raffaella and Dessus, Philippe},
 title = {The Role of Emotion in Problem Solving: First Results from Observing Chess},
 booktitle = {Proceedings of the Workshop on Modeling Cognitive Processes from Multimodal Data},
 series = {MCPMD '18},
 year = {2016},
 isbn = {978-1-4503-6072-2},
 location = {Boulder, Colorado},
 pages = {12:1--12:8},
 articleno = {12},
 numpages = {8},
 url = {http://doi.acm.org/10.1145/3279810.3279846},
 doi = {10.1145/3279810.3279846},
 acmid = {3279846},
 publisher = {ACM},
 address = {New York, NY, USA},
 keywords = {chess, chunking, cognitive models, multimodal observation of gaze and emotion, situation models, working memory},
}

@inproceedings{Treur:2012:CAI:2457525.2457708,
 author = {Treur, Jan and Van Wissen, Arlette},
 title = {Computational Analysis of the Impacts of Emotion on Learning in a Social Context},
 booktitle = {Proceedings of the The 2012 IEEE/WIC/ACM International Joint Conferences on Web Intelligence and Intelligent Agent Technology - Volume 02},
 series = {WI-IAT '12},
 year = {2012},
 isbn = {978-0-7695-4880-7},
 pages = {417--424},
 numpages = {8},
 url = {http://dx.doi.org/10.1109/WI-IAT.2012.253},
 doi = {10.1109/WI-IAT.2012.253},
 acmid = {2457708},
 publisher = {IEEE Computer Society},
 address = {Washington, DC, USA},
 keywords = {Social simulation, learning, emotion contagion},
}

@inproceedings{Simon:1961:MHM:1460690.1460703,
 author = {Simon, Herbert A.},
 title = {Modeling Human Mental Processes},
 booktitle = {Papers Presented at the May 9-11, 1961, Western Joint IRE-AIEE-ACM Computer Conference},
 series = {IRE-AIEE-ACM '61 (Western)},
 year = {1961},
 location = {Los Angeles, California},
 pages = {111--119},
 numpages = {9},
 url = {http://doi.acm.org/10.1145/1460690.1460703},
 doi = {10.1145/1460690.1460703},
 acmid = {1460703},
 publisher = {ACM},
 address = {New York, NY, USA},
}

@inproceedings{Tang:2007:EPS:1240624.1240769,
 author = {Tang, John C. and Drews, Clemens and Smith, Mark and Wu, Fei and Sue, Alison and Lau, Tessa},
 title = {Exploring Patterns of Social Commonality Among File Directories at Work},
 booktitle = {Proceedings of the SIGCHI Conference on Human Factors in Computing Systems},
 series = {CHI '07},
 year = {2007},
 isbn = {978-1-59593-593-9},
 location = {San Jose, California, USA},
 pages = {951--960},
 numpages = {10},
 url = {http://doi.acm.org/10.1145/1240624.1240769},
 doi = {10.1145/1240624.1240769},
 acmid = {1240769},
 publisher = {ACM},
 address = {New York, NY, USA},
 keywords = {CSCW, enterprise work setting, file management, social networking, social recommendation, usage logs},
}

@inproceedings{Nair:2010:IPV:1858378.1858383,
 author = {Nair, Manjusha and Melethadathil, Nidheesh and Nair, Bipin and Diwakar, Shyam},
 title = {Information Processing via Post-synaptic EPSP-spike Complex and Model-based Predictions of Induced Changes During Plasticity in Cerebellar Granular Neuron},
 booktitle = {Proceedings of the 1st Amrita ACM-W Celebration on Women in Computing in India},
 series = {A2CWiC '10},
 year = {2010},
 isbn = {978-1-4503-0194-7},
 location = {Coimbatore, India},
 pages = {5:1--5:8},
 articleno = {5},
 numpages = {8},
 url = {http://doi.acm.org/10.1145/1858378.1858383},
 doi = {10.1145/1858378.1858383},
 acmid = {1858383},
 publisher = {ACM},
 address = {New York, NY, USA},
 keywords = {EPSP, action potentials, cerebellum, computational neuroscience, granule cells, plasticity},
}

@inproceedings{Blackmore:2016:USR:2843043.2843482,
 author = {Blackmore, Karen L. and Coppins, William and Nesbitt, Keith V.},
 title = {Using Startle Reflex to Compare Playing and Watching in a Horror Game},
 booktitle = {Proceedings of the Australasian Computer Science Week Multiconference},
 series = {ACSW '16},
 year = {2016},
 isbn = {978-1-4503-4042-7},
 location = {Canberra, Australia},
 pages = {72:1--72:7},
 articleno = {72},
 numpages = {7},
 url = {http://doi.acm.org/10.1145/2843043.2843482},
 doi = {10.1145/2843043.2843482},
 acmid = {2843482},
 publisher = {ACM},
 address = {New York, NY, USA},
 keywords = {affective processing, engagement, eye blink, horror genre, startle reflex},
}

@inproceedings{Yaman:2019:LDS:3321707.3321723,
 author = {Yaman, Anil and Iacca, Giovanni and Mocanu, Decebal Constantin and Fletcher, George and Pechenizkiy, Mykola},
 title = {Learning with Delayed Synaptic Plasticity},
 booktitle = {Proceedings of the Genetic and Evolutionary Computation Conference},
 series = {GECCO '19},
 year = {2019},
 isbn = {978-1-4503-6111-8},
 location = {Prague, Czech Republic},
 pages = {152--160},
 numpages = {9},
 url = {http://doi.acm.org/10.1145/3321707.3321723},
 doi = {10.1145/3321707.3321723},
 acmid = {3321723},
 publisher = {ACM},
 address = {New York, NY, USA},
 keywords = {delayed plasticity, distal reward problem, evolving plastic artificial neural networks, hebbian learning},
}

@inproceedings{Greene:1959:ACP:1457838.1457870,
 author = {Greene, Peter H.},
 title = {An Approach to Computers That Perceive, Learn, and Reason},
 booktitle = {Papers Presented at the the March 3-5, 1959, Western Joint Computer Conference},
 series = {IRE-AIEE-ACM '59 (Western)},
 year = {1959},
 location = {San Francisco, California},
 pages = {181--186},
 numpages = {6},
 url = {http://doi.acm.org/10.1145/1457838.1457870},
 doi = {10.1145/1457838.1457870},
 acmid = {1457870},
 publisher = {ACM},
 address = {New York, NY, USA},
}

@inproceedings{Zhang:2016:CME:2915926.2915952,
 author = {Zhang, Juzheng and Thalmann, Nadia Magnenat and Zheng, Jianmin},
 title = {Combining Memory and Emotion With Dialog on Social Companion: A Review},
 booktitle = {Proceedings of the 29th International Conference on Computer Animation and Social Agents},
 series = {CASA '16},
 year = {2016},
 isbn = {978-1-4503-4745-7},
 location = {Geneva, Switzerland},
 pages = {1--9},
 numpages = {9},
 url = {http://doi.acm.org/10.1145/2915926.2915952},
 doi = {10.1145/2915926.2915952},
 acmid = {2915952},
 publisher = {ACM},
 address = {New York, NY, USA},
 keywords = {Affective Computing, Episodic Memory, Natural Language Dialog, Social Companion},
}

@article{Howard:2011:ESN:2020616.2020618,
 author = {Howard, Gerard and Gale, Ella and Bull, Larry and de Lacy Costello, Ben and Adamatzky, Andy},
 title = {Evolving Spiking Networks with Variable Memristors},
 journal = {SIGEVOlution},
 issue_date = {August 2011},
 volume = {5},
 number = {2},
 month = aug,
 year = {2011},
 issn = {1931-8499},
 pages = {9--20},
 numpages = {12},
 url = {http://doi.acm.org/10.1145/2020616.2020618},
 doi = {10.1145/2020616.2020618},
 acmid = {2020618},
 publisher = {ACM},
 address = {New York, NY, USA},
}

@article{Urzelai:2001:EAS:1108822.1108827,
 author = {Urzelai, Joseba and Floreano, Dario},
 title = {Evolution of Adaptive Synapses: Robots with Fast Adaptive Behavior in New Environments},
 journal = {Evol. Comput.},
 issue_date = {December 2001},
 volume = {9},
 number = {4},
 month = dec,
 year = {2001},
 issn = {1063-6560},
 pages = {495--524},
 numpages = {30},
 url = {https://doi.org/10.1162/10636560152642887},
 doi = {10.1162/10636560152642887},
 acmid = {1108827},
 publisher = {MIT Press},
 address = {Cambridge, MA, USA},
}

@inproceedings{Abunawass:1992:BBM:134510.134529,
 author = {Abunawass, Adel M.},
 title = {Biologically Based Machine Learning Paradigms: An Introductory Course},
 booktitle = {Proceedings of the Twenty-third SIGCSE Technical Symposium on Computer Science Education},
 series = {SIGCSE '92},
 year = {1992},
 isbn = {0-89791-468-6},
 location = {Kansas City, Missouri, USA},
 pages = {87--91},
 numpages = {5},
 url = {http://doi.acm.org/10.1145/134510.134529},
 doi = {10.1145/134510.134529},
 acmid = {134529},
 publisher = {ACM},
 address = {New York, NY, USA},
}

@article{Abunawass:1992:BBM:135250.134529,
 author = {Abunawass, Adel M.},
 title = {Biologically Based Machine Learning Paradigms: An Introductory Course},
 journal = {SIGCSE Bull.},
 issue_date = {March 1992},
 volume = {24},
 number = {1},
 month = mar,
 year = {1992},
 issn = {0097-8418},
 pages = {87--91},
 numpages = {5},
 url = {http://doi.acm.org/10.1145/135250.134529},
 doi = {10.1145/135250.134529},
 acmid = {134529},
 publisher = {ACM},
 address = {New York, NY, USA},
}

@inproceedings{Kim:1995:OCB:225298.225327,
 author = {Kim, Jeong Han and Roche, James R.},
 title = {On the Optimal Capacity of Binary Neural Networks: Rigorous Combinatorial Approaches},
 booktitle = {Proceedings of the Eighth Annual Conference on Computational Learning Theory},
 series = {COLT '95},
 year = {1995},
 isbn = {0-89791-723-5},
 location = {Santa Cruz, California, USA},
 pages = {240--249},
 numpages = {10},
 url = {http://doi.acm.org/10.1145/225298.225327},
 doi = {10.1145/225298.225327},
 acmid = {225327},
 publisher = {ACM},
 address = {New York, NY, USA},
}

@article{Coussy:2015:FBN:2767119.2629510,
 author = {Coussy, Philippe and Chavet, Cyrille and Wouafo, Hugues Nono and Conde-Canencia, Laura},
 title = {Fully Binary Neural Network Model and Optimized Hardware Architectures for Associative Memories},
 journal = {J. Emerg. Technol. Comput. Syst.},
 issue_date = {April 2015},
 volume = {11},
 number = {4},
 month = apr,
 year = {2015},
 issn = {1550-4832},
 pages = {35:1--35:23},
 articleno = {35},
 numpages = {23},
 url = {http://doi.acm.org/10.1145/2629510},
 doi = {10.1145/2629510},
 acmid = {2629510},
 publisher = {ACM},
 address = {New York, NY, USA},
 keywords = {Neural network, associative memory, neural cliques, sparse network},
}

@inproceedings{Chen:2019:RCU:3306127.3331764,
 author = {Chen, Jize and Wang, Changhong},
 title = {Reaching Cooperation Using Emerging Empathy and Counter-empathy},
 booktitle = {Proceedings of the 18th International Conference on Autonomous Agents and MultiAgent Systems},
 series = {AAMAS '19},
 year = {2019},
 isbn = {978-1-4503-6309-9},
 location = {Montreal QC, Canada},
 pages = {746--753},
 numpages = {8},
 url = {http://dl.acm.org/citation.cfm?id=3306127.3331764},
 acmid = {3331764},
 publisher = {International Foundation for Autonomous Agents and Multiagent Systems},
 address = {Richland, SC},
 keywords = {adversarial bandit, cooperation, empathy and counter-empathy, multi-agent system},
}

@inproceedings{Duro:2016:CMN:2908961.2931674,
 author = {Duro, Richard J. and Becerra, Jos{\'e} Antonio and Monroy, Juan and Caamano, Pilar},
 title = {Considering Memory Networks in the LTM Structure of the Multilevel Darwinist Brain},
 booktitle = {Proceedings of the 2016 on Genetic and Evolutionary Computation Conference Companion},
 series = {GECCO '16 Companion},
 year = {2016},
 isbn = {978-1-4503-4323-7},
 location = {Denver, Colorado, USA},
 pages = {1057--1060},
 numpages = {4},
 url = {http://doi.acm.org/10.1145/2908961.2931674},
 doi = {10.1145/2908961.2931674},
 acmid = {2931674},
 publisher = {ACM},
 address = {New York, NY, USA},
 keywords = {cognition, long term memory, multilevel darwinist brain, network memory.},
}

@inproceedings{Manner:1989:MSN:76263.76314,
 author = {Manner, R. and Horner, R. and Hauser, R. and Genthner, A.},
 title = {Multiprocessor Simulation of Neural Networks with NERV},
 booktitle = {Proceedings of the 1989 ACM/IEEE Conference on Supercomputing},
 series = {Supercomputing '89},
 year = {1989},
 isbn = {0-89791-341-8},
 location = {Reno, Nevada, USA},
 pages = {457--465},
 numpages = {9},
 url = {http://doi.acm.org/10.1145/76263.76314},
 doi = {10.1145/76263.76314},
 acmid = {76314},
 publisher = {ACM},
 address = {New York, NY, USA},
}

@inproceedings{Howard:2011:ESN:2001576.2001748,
 author = {Howard, Gerard David and Gale, Ella and Bull, Larry and de Lacy Costello, Benjamin and Adamatzky, Andrew},
 title = {Evolving Spiking Networks with Variable Memristors},
 booktitle = {Proceedings of the 13th Annual Conference on Genetic and Evolutionary Computation},
 series = {GECCO '11},
 year = {2011},
 isbn = {978-1-4503-0557-0},
 location = {Dublin, Ireland},
 pages = {1275--1282},
 numpages = {8},
 url = {http://doi.acm.org/10.1145/2001576.2001748},
 doi = {10.1145/2001576.2001748},
 acmid = {2001748},
 publisher = {ACM},
 address = {New York, NY, USA},
 keywords = {STDP, constructivism, memristors, neuro-evolution, self-adaptation},
}

@inproceedings{Luo:2009:GLM:1631111.1631123,
 author = {Luo, Xiangfeng and Wei, Xiao and Zhang, Jun},
 title = {Game-based Learning Model Using Fuzzy Cognitive Map},
 booktitle = {Proceedings of the First ACM International Workshop on Multimedia Technologies for Distance Learning},
 series = {MTDL '09},
 year = {2009},
 isbn = {978-1-60558-757-8},
 location = {Beijing, China},
 pages = {67--76},
 numpages = {10},
 url = {http://doi.acm.org/10.1145/1631111.1631123},
 doi = {10.1145/1631111.1631123},
 acmid = {1631123},
 publisher = {ACM},
 address = {New York, NY, USA},
 keywords = {concept learning, fuzzy cognitive map, game-based learning, learner model, learning mechanism, teacher model},
}

@article{Peelle:1981:TTC:390007.805366,
 author = {Peelle, Howard A.},
 title = {Teaching a Topic in Cybernetics with APL: An Introduction to Neural Net Modelling},
 journal = {SIGAPL APL Quote Quad},
 issue_date = {September 1981},
 volume = {12},
 number = {1},
 month = sep,
 year = {1981},
 issn = {0163-6006},
 pages = {235--239},
 numpages = {5},
 url = {http://doi.acm.org/10.1145/390007.805366},
 doi = {10.1145/390007.805366},
 acmid = {805366},
 publisher = {ACM},
 address = {New York, NY, USA},
}

@inproceedings{Peelle:1981:TTC:800142.805366,
 author = {Peelle, Howard A.},
 title = {Teaching a Topic in Cybernetics with APL: An Introduction to Neural Net Modelling},
 booktitle = {Proceedings of the International Conference on APL},
 series = {APL '81},
 year = {1981},
 isbn = {0-89791-035-4},
 location = {San Francisco, California, USA},
 pages = {235--239},
 numpages = {5},
 url = {http://doi.acm.org/10.1145/800142.805366},
 doi = {10.1145/800142.805366},
 acmid = {805366},
 publisher = {ACM},
 address = {New York, NY, USA},
}

@inproceedings{Naylor:1969:LNA:1476793.1476818,
 author = {Naylor, W. Clark},
 title = {Some Logical and Numerical Aspects of Pattern Recognition and Artificial Intelligence},
 booktitle = {Proceedings of the May 14-16, 1969, Spring Joint Computer Conference},
 series = {AFIPS '69 (Spring)},
 year = {1969},
 location = {Boston, Massachusetts},
 pages = {95--101},
 numpages = {7},
 url = {http://doi.acm.org/10.1145/1476793.1476818},
 doi = {10.1145/1476793.1476818},
 acmid = {1476818},
 publisher = {ACM},
 address = {New York, NY, USA},
}

@inproceedings{Jiang:2018:MFJ:3230876.3230895,
 author = {Jiang, Jirong and Sun, Ying and Zhang, Yajie and Wang, Chenyi and Liu, Jiexin},
 title = {Method for Fast Judgment of Inland Waterway Wreck Based on AIS},
 booktitle = {Proceedings of the 2018 International Conference on Mechatronic Systems and Robots},
 series = {ICMSR '18},
 year = {2018},
 isbn = {978-1-4503-6458-4},
 location = {Singapore, Singapore},
 pages = {119--122},
 numpages = {4},
 url = {http://doi.acm.org/10.1145/3230876.3230895},
 doi = {10.1145/3230876.3230895},
 acmid = {3230895},
 publisher = {ACM},
 address = {New York, NY, USA},
 keywords = {AIS, inland river shipping, judgment index, shipwreck},
}

@inproceedings{Bluff:2017:CSM:3072940.3072965,
 author = {Bluff, Andrew and Johnston, Andrew},
 title = {Creature:Interactions: A Social Mixed-reality Playspace},
 booktitle = {ACM SIGGRAPH 2017 Art Gallery},
 series = {SIGGRAPH '17},
 year = {2017},
 isbn = {978-1-4503-4998-7},
 location = {Los Angeles, California},
 pages = {360--367},
 numpages = {8},
 url = {http://doi.acm.org/10.1145/3072940.3072965},
 doi = {10.1145/3072940.3072965},
 acmid = {3072965},
 publisher = {ACM},
 address = {New York, NY, USA},
}

@article{Mataric:1991:BSW:122344.122370,
 author = {Mataric, Maja J.},
 title = {Behavioral Synergy Without Explicit Integration},
 journal = {SIGART Bull.},
 issue_date = {Aug. 1991},
 volume = {2},
 number = {4},
 month = jul,
 year = {1991},
 issn = {0163-5719},
 pages = {130--133},
 numpages = {4},
 url = {http://doi.acm.org/10.1145/122344.122370},
 doi = {10.1145/122344.122370},
 acmid = {122370},
 publisher = {ACM},
 address = {New York, NY, USA},
}

@inproceedings{Rustia:2018:PSB:3185089.3185101,
 author = {Rustia, Reynold A. and Cruz, Ma. Melanie A. and Burac, Michael Angelo P. and Palaoag, Thelma D.},
 title = {Predicting Student's Board Examination Performance Using Classification Algorithms},
 booktitle = {Proceedings of the 2018 7th International Conference on Software and Computer Applications},
 series = {ICSCA 2018},
 year = {2018},
 isbn = {978-1-4503-5414-1},
 location = {Kuantan, Malaysia},
 pages = {233--237},
 numpages = {5},
 url = {http://doi.acm.org/10.1145/3185089.3185101},
 doi = {10.1145/3185089.3185101},
 acmid = {3185101},
 publisher = {ACM},
 address = {New York, NY, USA},
 keywords = {Board Examination Performance, C4.5, Educational Data Mining, Logistic Regression, Na\"{\i}ve Bayes, Nueral Networks, Performance Prediction, Support Vector Machine},
}

@inproceedings{Jie:2018:IIC:3271553.3271593,
 author = {Jie, Hao},
 title = {Integrating Independent Component Analysis with Hopfield Recurrent Neural Network to Estimate the Channel of MIMO-OFDM System},
 booktitle = {Proceedings of the 2Nd International Conference on Vision, Image and Signal Processing},
 series = {ICVISP 2018},
 year = {2018},
 isbn = {978-1-4503-6529-1},
 location = {Las Vegas, NV, USA},
 pages = {47:1--47:5},
 articleno = {47},
 numpages = {5},
 url = {http://doi.acm.org/10.1145/3271553.3271593},
 doi = {10.1145/3271553.3271593},
 acmid = {3271593},
 publisher = {ACM},
 address = {New York, NY, USA},
 keywords = {Channel Estimation, ICA, ICA-HRNN, Improved HRNN, MIMO-OFDM System},
}

@inproceedings{Jie:2018:SCE:3206185.3219779,
 author = {Jie, Hao},
 title = {Semi-Blind Channel Estimation of MIMO-OFDM Systems Based on Improved PSO-Hopfield Neural Network},
 booktitle = {Proceedings of the 2Nd International Conference on Intelligent Systems, Metaheuristics \& Swarm Intelligence},
 series = {ISMSI '18},
 year = {2018},
 isbn = {978-1-4503-6412-6},
 location = {Phuket, Thailand},
 pages = {153--157},
 numpages = {5},
 url = {http://doi.acm.org/10.1145/3206185.3219779},
 doi = {10.1145/3206185.3219779},
 acmid = {3219779},
 publisher = {ACM},
 address = {New York, NY, USA},
 keywords = {MIMO-OFDM systems, PSO, cost function, improved hopfield network, semi-blind channel estimation},
}

@inproceedings{Henriksen:2016:AVR:2927929.2927932,
 author = {Henriksen, Bartal and Nielsen, Ronni and Szabo, Laszlo and Evers, Nicolaj and Kraus, Martin and Geng, Bo},
 title = {An Affordable Virtual Reality System for Treatment of Phantom Limb Pain},
 booktitle = {Proceedings of the 2016 Virtual Reality International Conference},
 series = {VRIC '16},
 year = {2016},
 isbn = {978-1-4503-4180-6},
 location = {Laval, France},
 pages = {23:1--23:4},
 articleno = {23},
 numpages = {4},
 url = {http://doi.acm.org/10.1145/2927929.2927932},
 doi = {10.1145/2927929.2927932},
 acmid = {2927932},
 publisher = {ACM},
 address = {New York, NY, USA},
 keywords = {mirror therapy, phantom limb pain, virtual environment, virtual reality},
}

@inproceedings{Chen:2018:SNP:3303714.3303715,
 author = {Chen, Yuyan and Wang, Yeqin and Ni, Wei and Yang, Yan and Liu, Lu and Wang, Xingyue},
 title = {Single Neuron PI Control of PFC AC/DC Converter for On-board Charger},
 booktitle = {Proceedings of the 2018 International Conference on Robotics, Control and Automation Engineering},
 series = {RCAE 2018},
 year = {2018},
 isbn = {978-1-4503-6102-6},
 location = {Beijing, China},
 pages = {107--111},
 numpages = {5},
 url = {http://doi.acm.org/10.1145/3303714.3303715},
 doi = {10.1145/3303714.3303715},
 acmid = {3303715},
 publisher = {ACM},
 address = {New York, NY, USA},
 keywords = {AC/DC converter, On-board charger, power factor correction, single neuron PI control, uncertainty},
}

@article{Jacquemin:1994:TCA:181911.181913,
 author = {Jacquemin, Christian},
 title = {A Temporal Connectionist Approach to Natural Language},
 journal = {SIGART Bull.},
 issue_date = {July 1994},
 volume = {5},
 number = {3},
 month = jul,
 year = {1994},
 issn = {0163-5719},
 pages = {12--22},
 numpages = {11},
 url = {http://doi.acm.org/10.1145/181911.181913},
 doi = {10.1145/181911.181913},
 acmid = {181913},
 publisher = {ACM},
 address = {New York, NY, USA},
}

@article{Xiao:2019:CRC:3309872.3186729,
 author = {Xiao, Ping and Toivonen, Hannu and Gross, Oskar and Cardoso, Am\'{\i}lcar and Correia, Jo\~{a}o and Machado, Penousal and Martins, Pedro and Oliveira, Hugo Goncalo and Sharma, Rahul and Pinto, Alexandre Miguel and D\'{\i}az, Alberto and Francisco, Virginia and Gerv\'{a}s, Pablo and Herv\'{a}s, Raquel and Le\'{o}n, Carlos and Forth, Jamie and Purver, Matthew and Wiggins, Geraint A. and Miljkovi\'{c}, Dragana and Podpe\v{c}an, Vid and Pollak, Senja and Kralj, Jan and \v{Z}nidar\v{s}i\v{c}, Martin and Bohanec, Marko and Lavra\v{c}, Nada and Urban\v{c}i\v{c}, Tanja and Velde, Frank Van Der and Battersby, Stuart},
 title = {Conceptual Representations for Computational Concept Creation},
 journal = {ACM Comput. Surv.},
 issue_date = {February 2019},
 volume = {52},
 number = {1},
 month = feb,
 year = {2019},
 issn = {0360-0300},
 pages = {9:1--9:33},
 articleno = {9},
 numpages = {33},
 url = {http://doi.acm.org/10.1145/3186729},
 doi = {10.1145/3186729},
 acmid = {3186729},
 publisher = {ACM},
 address = {New York, NY, USA},
 keywords = {Computational creativity, concept, concept creation, conceptual representation, procedural representation},
}

@inproceedings{Gabora:2002:CMU:581710.581730,
 author = {Gabora, Liane},
 title = {Cognitive Mechanisms Underlying the Creative Process},
 booktitle = {Proceedings of the 4th Conference on Creativity \& Cognition},
 series = {C\&\#38;C '02},
 year = {2002},
 isbn = {1-58113-465-7},
 location = {Loughborough, UK},
 pages = {126--133},
 numpages = {8},
 url = {http://doi.acm.org/10.1145/581710.581730},
 doi = {10.1145/581710.581730},
 acmid = {581730},
 publisher = {ACM},
 address = {New York, NY, USA},
 keywords = {association, associative network, bisociation, brainstorm, creativity, defocused attention, distributed representation, evaluation, focus, generation, idea, intuition, memory},
}

@article{Gal:2006:SGF:1122501.1122507,
 author = {Gal, Ran and Cohen-Or, Daniel},
 title = {Salient Geometric Features for Partial Shape Matching and Similarity},
 journal = {ACM Trans. Graph.},
 issue_date = {January 2006},
 volume = {25},
 number = {1},
 month = jan,
 year = {2006},
 issn = {0730-0301},
 pages = {130--150},
 numpages = {21},
 url = {http://doi.acm.org/10.1145/1122501.1122507},
 doi = {10.1145/1122501.1122507},
 acmid = {1122507},
 publisher = {ACM},
 address = {New York, NY, USA},
 keywords = {Partial matching, geometric transformations, salient features, shape retrieval, similarity},
}

@article{Dinse:2005:IHH:1060581.1060583,
 author = {Dinse, Hubert R. and Kalisch, Tobias and Ragert, Patrick and Pleger, Burkhard and Schwenkreis, Peter and Tegenthoff, Martin},
 title = {Improving Human Haptic Performance in Normal and Impaired Human Populations Through Unattended Activation-based Learning},
 journal = {ACM Trans. Appl. Percept.},
 issue_date = {April 2005},
 volume = {2},
 number = {2},
 month = apr,
 year = {2005},
 issn = {1544-3558},
 pages = {71--88},
 numpages = {18},
 url = {http://doi.acm.org/10.1145/1060581.1060583},
 doi = {10.1145/1060581.1060583},
 acmid = {1060583},
 publisher = {ACM},
 address = {New York, NY, USA},
 keywords = {Learning, aging, cognition, cortical reorganization, learn-ware, plasticity, therapy},
}

@inproceedings{Goodman:2015:IAU:2888619.2888893,
 author = {Goodman, Tyler J. and Miller, Michael E. and Rusnock, Christina F.},
 title = {Incorporating Automation: Using Modeling and Simulation to Enable Task Re-allocation},
 booktitle = {Proceedings of the 2015 Winter Simulation Conference},
 series = {WSC '15},
 year = {2015},
 isbn = {978-1-4673-9741-4},
 location = {Huntington Beach, California},
 pages = {2388--2399},
 numpages = {12},
 url = {http://dl.acm.org/citation.cfm?id=2888619.2888893},
 acmid = {2888893},
 publisher = {IEEE Press},
 address = {Piscataway, NJ, USA},
}

@inproceedings{Wilde:2013:ENC:2468356.2468749,
 author = {Wilde, Danielle},
 title = {Embodying Neuroplastic Change},
 booktitle = {CHI '13 Extended Abstracts on Human Factors in Computing Systems},
 series = {CHI EA '13},
 year = {2013},
 isbn = {978-1-4503-1952-2},
 location = {Paris, France},
 pages = {2267--2276},
 numpages = {10},
 url = {http://doi.acm.org/10.1145/2468356.2468749},
 doi = {10.1145/2468356.2468749},
 acmid = {2468749},
 publisher = {ACM},
 address = {New York, NY, USA},
 keywords = {abilitation, design futures, design innovation, embodied engagement, health, learning, magical thinking, neuroplasticity, poetic-kinaesthetics, poetics},
}

@article{Powers:1983:NPB:1056623.1056625,
 author = {Powers, D. M. W.},
 title = {Neurolinguistics and Psycholinguistics As a Basis for Computer Acquisition of Natural Language},
 journal = {SIGART Bull.},
 issue_date = {April 1983},
 number = {84},
 month = apr,
 year = {1983},
 issn = {0163-5719},
 pages = {29--34},
 numpages = {6},
 url = {http://doi.acm.org/10.1145/1056623.1056625},
 doi = {10.1145/1056623.1056625},
 acmid = {1056625},
 publisher = {ACM},
 address = {New York, NY, USA},
}

@inproceedings{Liu:2018:LDS:3242587.3242650,
 author = {Liu, Thomas F. and Craft, Mark and Situ, Jason and Yumer, Ersin and Mech, Radomir and Kumar, Ranjitha},
 title = {Learning Design Semantics for Mobile Apps},
 booktitle = {Proceedings of the 31st Annual ACM Symposium on User Interface Software and Technology},
 series = {UIST '18},
 year = {2018},
 isbn = {978-1-4503-5948-1},
 location = {Berlin, Germany},
 pages = {569--579},
 numpages = {11},
 url = {http://doi.acm.org/10.1145/3242587.3242650},
 doi = {10.1145/3242587.3242650},
 acmid = {3242650},
 publisher = {ACM},
 address = {New York, NY, USA},
 keywords = {design semantics, machine learning, mobile app design},
}

@inproceedings{Kwok:1991:QME:122860.122879,
 author = {Kwok, K. L.},
 title = {Query Modification and Expansion in a Network with Adaptive Architecture},
 booktitle = {Proceedings of the 14th Annual International ACM SIGIR Conference on Research and Development in Information Retrieval},
 series = {SIGIR '91},
 year = {1991},
 isbn = {0-89791-448-1},
 location = {Chicago, Illinois, USA},
 pages = {192--201},
 numpages = {10},
 url = {http://doi.acm.org/10.1145/122860.122879},
 doi = {10.1145/122860.122879},
 acmid = {122879},
 publisher = {ACM},
 address = {New York, NY, USA},
}

@inproceedings{Lomas:2017:DOE:3025453.3025638,
 author = {Lomas, J. Derek and Koedinger, Kenneth and Patel, Nirmal and Shodhan, Sharan and Poonwala, Nikhil and Forlizzi, Jodi L.},
 title = {Is Difficulty Overrated?: The Effects of Choice, Novelty and Suspense on Intrinsic Motivation in Educational Games},
 booktitle = {Proceedings of the 2017 CHI Conference on Human Factors in Computing Systems},
 series = {CHI '17},
 year = {2017},
 isbn = {978-1-4503-4655-9},
 location = {Denver, Colorado, USA},
 pages = {1028--1039},
 numpages = {12},
 url = {http://doi.acm.org/10.1145/3025453.3025638},
 doi = {10.1145/3025453.3025638},
 acmid = {3025638},
 publisher = {ACM},
 address = {New York, NY, USA},
 keywords = {a/b testing, challenge, difficulty, education, experiments, flow, games, intrinsic motivation, learning, near win, novelty, suspense, theory},
}

@article{Acevedo-Mosqueda:2013:BAM:2431211.2431217,
 author = {Acevedo-Mosqueda, Maria Elena and Y\'{a}\~{n}ez-M\'{a}rquez, Cornelio and Acevedo-Mosqueda, Marco Antonio},
 title = {Bidirectional Associative Memories: Different Approaches},
 journal = {ACM Comput. Surv.},
 issue_date = {February 2013},
 volume = {45},
 number = {2},
 month = mar,
 year = {2013},
 issn = {0360-0300},
 pages = {18:1--18:30},
 articleno = {18},
 numpages = {30},
 url = {http://doi.acm.org/10.1145/2431211.2431217},
 doi = {10.1145/2431211.2431217},
 acmid = {2431217},
 publisher = {ACM},
 address = {New York, NY, USA},
 keywords = {Bidirectional associative memories, correct recall, one-shot algorithms},
}

@inproceedings{Edwards:2002:MES:882452.874349,
 author = {Edwards, M. and Green, P.},
 title = {The Modelling of Embedded Systems Using HASoC},
 booktitle = {Proceedings of the Conference on Design, Automation and Test in Europe},
 series = {DATE '02},
 year = {2002},
 isbn = {0-7695-1471-5},
 pages = {752--},
 url = {http://dl.acm.org/citation.cfm?id=882452.874349},
 acmid = {874349},
 publisher = {IEEE Computer Society},
 address = {Washington, DC, USA},
}

@inproceedings{Fox:1988:LBL:62297.62327,
 author = {Fox, G. C. and Furmanski, W.},
 title = {Load Balancing Loosely Synchronous Problems with a Neural Network},
 booktitle = {Proceedings of the Third Conference on Hypercube Concurrent Computers and Applications: Architecture, Software, Computer Systems, and General Issues - Volume 1},
 series = {C<sup>3</sup>P},
 year = {1988},
 isbn = {0-89791-278-0},
 location = {Pasadena, California, USA},
 pages = {241--278},
 numpages = {38},
 url = {http://doi.acm.org/10.1145/62297.62327},
 doi = {10.1145/62297.62327},
 acmid = {62327},
 publisher = {ACM},
 address = {New York, NY, USA},
}

@inproceedings{Lutkenhouse:2005:DRC:1083356.1083374,
 author = {Lutkenhouse, Thomas and Nelson, Michael L. and Bollen, Johan},
 title = {Distributed, Real-time Computation of Community Preferences},
 booktitle = {Proceedings of the Sixteenth ACM Conference on Hypertext and Hypermedia},
 series = {HYPERTEXT '05},
 year = {2005},
 isbn = {1-59593-168-6},
 location = {Salzburg, Austria},
 pages = {88--97},
 numpages = {10},
 url = {http://doi.acm.org/10.1145/1083356.1083374},
 doi = {10.1145/1083356.1083374},
 acmid = {1083374},
 publisher = {ACM},
 address = {New York, NY, USA},
 keywords = {buckets, link computation, smart objects, traversal patterns},
}

@article{Yeo:2012:ESV:2185520.2185538,
 author = {Yeo, Sang Hoon and Lesmana, Martin and Neog, Debanga R. and Pai, Dinesh K.},
 title = {Eyecatch: Simulating Visuomotor Coordination for Object Interception},
 journal = {ACM Trans. Graph.},
 issue_date = {July 2012},
 volume = {31},
 number = {4},
 month = jul,
 year = {2012},
 issn = {0730-0301},
 pages = {42:1--42:10},
 articleno = {42},
 numpages = {10},
 url = {http://doi.acm.org/10.1145/2185520.2185538},
 doi = {10.1145/2185520.2185538},
 acmid = {2185538},
 publisher = {ACM},
 address = {New York, NY, USA},
 keywords = {catching, eye movements, human animation, interception, movement coordination, sensorimotor computation},
}

@inproceedings{Zador:1996:VDI:238061.238064,
 author = {Zador, Anthony M. and Pearlmutter, Barak A.},
 title = {VC Dimension of an Integrate-and-fire Neuron Model},
 booktitle = {Proceedings of the Ninth Annual Conference on Computational Learning Theory},
 series = {COLT '96},
 year = {1996},
 isbn = {0-89791-811-8},
 location = {Desenzano del Garda, Italy},
 pages = {10--18},
 numpages = {9},
 url = {http://doi.acm.org/10.1145/238061.238064},
 doi = {10.1145/238061.238064},
 acmid = {238064},
 publisher = {ACM},
 address = {New York, NY, USA},
}

@article{Yasar:2018:NPC:3234519.3214354,
 author = {Ya\c{s}ar, Osman},
 title = {A New Perspective on Computational Thinking},
 journal = {Commun. ACM},
 issue_date = {July 2018},
 volume = {61},
 number = {7},
 month = jun,
 year = {2018},
 issn = {0001-0782},
 pages = {33--39},
 numpages = {7},
 url = {http://doi.acm.org/10.1145/3214354},
 doi = {10.1145/3214354},
 acmid = {3214354},
 publisher = {ACM},
 address = {New York, NY, USA},
}

@article{Gu:2018:EIO:3184444.3184450,
 author = {Gu, Rui and Jiang, Zhenhui (Jack) and Oh, Lih-Bin and Wang, Kanliang},
 title = {Exploring the Impact of Optimum Stimulation Level on Individual Perceptions of IT Innovations: A Trait Hierarchical Model Perspective},
 journal = {SIGMIS Database},
 issue_date = {February 2018},
 volume = {49},
 number = {1},
 month = feb,
 year = {2018},
 issn = {0095-0033},
 pages = {67--92},
 numpages = {26},
 url = {http://doi.acm.org/10.1145/3184444.3184450},
 doi = {10.1145/3184444.3184450},
 acmid = {3184450},
 publisher = {ACM},
 address = {New York, NY, USA},
 keywords = {computer self-efficacy., optimum stimulation level theory, personal innovativeness in information technology, social networking site, technology acceptance model, trait hierarchical model},
}

@inproceedings{Jones:1971:CMS:1478873.1478990,
 author = {Jones, Thomas L.},
 title = {A Computer Model of Simple Forms of Learning in Infants},
 booktitle = {Proceedings of the May 16-18, 1972, Spring Joint Computer Conference},
 series = {AFIPS '72 (Spring)},
 year = {1972},
 location = {Atlantic City, New Jersey},
 pages = {885--895},
 numpages = {11},
 url = {http://doi.acm.org/10.1145/1478873.1478990},
 doi = {10.1145/1478873.1478990},
 acmid = {1478990},
 publisher = {ACM},
 address = {New York, NY, USA},
}

@Article{1977:1045398,
 journal = {SIGART Bull.},
 year = {1977},
 issn = {0163-5719},
 number = {62},
 issue_date = {April 1977},
 publisher = {ACM},
 address = {New York, NY, USA},
key = {{$\!\!$}} ,
}

@inproceedings{Coleman:2014:AGE:2576768.2598257,
 author = {Coleman, Oliver J. and Blair, Alan D. and Clune, Jeff},
 title = {Automated Generation of Environments to Test the General Learning Capabilities of AI Agents},
 booktitle = {Proceedings of the 2014 Annual Conference on Genetic and Evolutionary Computation},
 series = {GECCO '14},
 year = {2014},
 isbn = {978-1-4503-2662-9},
 location = {Vancouver, BC, Canada},
 pages = {161--168},
 numpages = {8},
 url = {http://doi.acm.org/10.1145/2576768.2598257},
 doi = {10.1145/2576768.2598257},
 acmid = {2598257},
 publisher = {ACM},
 address = {New York, NY, USA},
 keywords = {evolutionary robotics, generative encodings, learning, neural network, neuromodulation},
}

@inproceedings{DeMaria:2017:MFV:3156346.3156348,
 author = {De Maria, Elisabetta and L'Yvonnet, Thibaud and Gaff{\'e}, Daniel and Ressouche, Annie and Grammont, Franck},
 title = {Modelling and Formal Verification of Neuronal Archetypes Coupling},
 booktitle = {Proceedings of the 8th International Conference on Computational Systems-Biology and Bioinformatics},
 series = {CSBio '17},
 year = {2017},
 isbn = {978-1-4503-5350-2},
 location = {Nha Trang City, Viet Nam},
 pages = {3--10},
 numpages = {8},
 url = {http://doi.acm.org/10.1145/3156346.3156348},
 doi = {10.1145/3156346.3156348},
 acmid = {3156348},
 publisher = {ACM},
 address = {New York, NY, USA},
 keywords = {Leaky Integrate and Fire Modeling, Model Checking, Model Coupling, Neuronal Networks, Synchronous Languages},
}

@inproceedings{Ikegami:2010:SSS:1942793.1942794,
 author = {Ikegami, Takashi},
 title = {Studying a Self-sustainable System by Making a Mind Time Machine},
 booktitle = {Workshop on Self-Sustaining Systems},
 series = {S3 '10},
 year = {2010},
 isbn = {978-1-4503-0491-7},
 location = {Tokyo, Japan},
 pages = {1--8},
 numpages = {8},
 url = {http://doi.acm.org/10.1145/1942793.1942794},
 doi = {10.1145/1942793.1942794},
 acmid = {1942794},
 publisher = {ACM},
 address = {New York, NY, USA},
 keywords = {massive data, mind time, plasticity, sustainability},
}

@inproceedings{Soltiz:2012:RAN:2765491.2765530,
 author = {Soltiz, Michael and Merkel, Cory and Kudithipudi, Dhireesha and Rose, Garrett S.},
 title = {RRAM-based Adaptive Neural Logic Block for Implementing Non-linearly Separable Functions in a Single Layer},
 booktitle = {Proceedings of the 2012 IEEE/ACM International Symposium on Nanoscale Architectures},
 series = {NANOARCH '12},
 year = {2012},
 isbn = {978-1-4503-1671-2},
 location = {Amsterdam, The Netherlands},
 pages = {218--225},
 numpages = {8},
 url = {http://doi.acm.org/10.1145/2765491.2765530},
 doi = {10.1145/2765491.2765530},
 acmid = {2765530},
 publisher = {ACM},
 address = {New York, NY, USA},
}

@article{Gallacher:2013:LUP:2451248.2451253,
 author = {Gallacher, Sarah and Papadopoulou, Eliza and Taylor, Nick K. and Williams, M. Howard},
 title = {Learning User Preferences for Adaptive Pervasive Environments: An Incremental and Temporal Approach},
 journal = {ACM Trans. Auton. Adapt. Syst.},
 issue_date = {April 2013},
 volume = {8},
 number = {1},
 month = apr,
 year = {2013},
 issn = {1556-4665},
 pages = {5:1--5:26},
 articleno = {5},
 numpages = {26},
 url = {http://doi.acm.org/10.1145/2451248.2451253},
 doi = {10.1145/2451248.2451253},
 acmid = {2451253},
 publisher = {ACM},
 address = {New York, NY, USA},
 keywords = {Context aware, incremental learning, personalization, pervasive environment, user preferences},
}

@inproceedings{Greve:2016:ENT:2908812.2908930,
 author = {Greve, Rasmus Boll and Jacobsen, Emil Juul and Risi, Sebastian},
 title = {Evolving Neural Turing Machines for Reward-based Learning},
 booktitle = {Proceedings of the Genetic and Evolutionary Computation Conference 2016},
 series = {GECCO '16},
 year = {2016},
 isbn = {978-1-4503-4206-3},
 location = {Denver, Colorado, USA},
 pages = {117--124},
 numpages = {8},
 url = {http://doi.acm.org/10.1145/2908812.2908930},
 doi = {10.1145/2908812.2908930},
 acmid = {2908930},
 publisher = {ACM},
 address = {New York, NY, USA},
 keywords = {adaptive neural networks, learning, memory, neural plasticity, neural turing machine},
}

@inproceedings{McCabe:2011:WAN:2527031.2527044,
 author = {McCabe, Connor and Watson, Richard A. and Prichard, Jane and Hall, Wendy},
 title = {The Web As an Adaptive Network: Coevolution of Web Behavior and Web Structure},
 booktitle = {Proceedings of the 3rd International Web Science Conference},
 series = {WebSci '11},
 year = {2011},
 isbn = {978-1-4503-0855-7},
 location = {Koblenz, Germany},
 pages = {22:1--22:7},
 articleno = {22},
 numpages = {7},
 url = {http://doi.acm.org/10.1145/2527031.2527044},
 doi = {10.1145/2527031.2527044},
 acmid = {2527044},
 publisher = {ACM},
 address = {New York, NY, USA},
 keywords = {adaptive, dynamics, networks, simulation, structure, user behavior},
}

@inproceedings{Wade:1978:GRS:800131.804281,
 author = {Wade, Gillian},
 title = {A Guide to Reference Sources for User Services},
 booktitle = {Proceedings of the 6th Annual ACM SIGUCCS Conference on User Services},
 series = {SIGUCCS '78},
 year = {1978},
 location = {Boston, Massachusetts, USA},
 pages = {92--99},
 numpages = {8},
 url = {http://doi.acm.org/10.1145/800131.804281},
 doi = {10.1145/800131.804281},
 acmid = {804281},
 publisher = {ACM},
 address = {New York, NY, USA},
}

@incollection{James:2017:IML:3015783.3015787,
 author = {James, Karin H. and Vinci-Booher, Sophia and Munoz-Rubke, Felipe},
 chapter = {The Impact of Multimodal-multisensory Learning on Human Performance and Brain Activation Patterns},
 title = {The Handbook of Multimodal-Multisensor Interfaces},
 editor = {Oviatt, Sharon and Schuller, Bj\"{o}rn and Cohen, Philip R. and Sonntag, Daniel and Potamianos, Gerasimos and Kr\"{u}ger, Antonio},
 year = {2017},
 isbn = {978-1-97000-167-9},
 pages = {51--94},
 numpages = {44},
 url = {https://doi.org/10.1145/3015783.3015787},
 doi = {10.1145/3015783.3015787},
 acmid = {3015787},
 publisher = {Association for Computing Machinery and Morgan \&\#38; Claypool},
 address = {New York, NY, USA},
}

@inproceedings{Veletic:2014:NNE:2619955.2619979,
 author = {Veleti\'{c}, Mladen and Floor, P{\aa}l Anders and Balasingham, Ilangko},
 title = {From Nano-Scale Neural Excitability to Long Term Synaptic Modification},
 booktitle = {Proceedings of ACM The First Annual International Conference on Nanoscale Computing and Communication},
 series = {NANOCOM' 14},
 year = {2007},
 isbn = {978-1-4503-2979-8},
 location = {Atlanta, GA, USA},
 pages = {22:1--22:9},
 articleno = {22},
 numpages = {9},
 url = {http://doi.acm.org/10.1145/2619955.2619979},
 doi = {10.1145/2619955.2619979},
 acmid = {2619979},
 publisher = {ACM},
 address = {New York, NY, USA},
}

@inproceedings{Sher:2014:PRN:2568326.2568328,
 author = {Sher, Gene and Martin, Kyle and Dechev, Damian},
 title = {Preliminary Results for Neuroevolutionary Optimization Phase Order Generation for Static Compilation},
 booktitle = {Proceedings of the 11th Workshop on Optimizations for DSP and Embedded Systems},
 series = {ODES '14},
 year = {2014},
 isbn = {978-1-4503-2595-0},
 location = {Orlando, Florida, USA},
 pages = {33--40},
 numpages = {8},
 url = {http://doi.acm.org/10.1145/2568326.2568328},
 doi = {10.1145/2568326.2568328},
 acmid = {2568328},
 publisher = {ACM},
 address = {New York, NY, USA},
 keywords = {DXNN, LLVM, evolutionary computation, neural network, neuroevolution, optimization, optimization phase ordering},
}

@inproceedings{Wyer:2017:EOM:3183584.3183616,
 author = {Wyer, Austin and Adnan, Md Musabbir and Ku, Bon Woong and Lim, Sung Kyu and Schuman, Catherine D. and Pooser, Raphael C. and Rose, Garrett S.},
 title = {Evaluating Online-learning in Memristive Neuromorphic Circuits},
 booktitle = {Proceedings of the Neuromorphic Computing Symposium},
 series = {NCS '17},
 year = {2017},
 isbn = {978-1-4503-6442-3},
 location = {Knoxville, Tennessee},
 pages = {5:1--5:8},
 articleno = {5},
 numpages = {8},
 url = {http://doi.acm.org/10.1145/3183584.3183616},
 doi = {10.1145/3183584.3183616},
 acmid = {3183616},
 publisher = {ACM},
 address = {New York, NY, USA},
}

@article{Wu:2013:CPC:2543581.2543585,
 author = {Wu, Qiong and Miao, Chunyan},
 title = {Curiosity: From Psychology to Computation},
 journal = {ACM Comput. Surv.},
 issue_date = {November 2013},
 volume = {46},
 number = {2},
 month = dec,
 year = {2013},
 issn = {0360-0300},
 pages = {18:1--18:26},
 articleno = {18},
 numpages = {26},
 url = {http://doi.acm.org/10.1145/2543581.2543585},
 doi = {10.1145/2543581.2543585},
 acmid = {2543585},
 publisher = {ACM},
 address = {New York, NY, USA},
 keywords = {Human curiosity, computational curiosity, curious agents, curious learning, curious robots},
}

@inproceedings{Valsalam:2005:CGL:1068009.1068012,
 author = {Valsalam, Vinod and Bednar, James and Miikkulainen, Risto},
 title = {Constructing Good Learners Using Evolved Pattern Generators},
 booktitle = {Proceedings of the 7th Annual Conference on Genetic and Evolutionary Computation},
 series = {GECCO '05},
 year = {2005},
 isbn = {1-59593-010-8},
 location = {Washington DC, USA},
 pages = {11--18},
 numpages = {8},
 url = {http://doi.acm.org/10.1145/1068009.1068012},
 doi = {10.1145/1068009.1068012},
 acmid = {1068012},
 publisher = {ACM},
 address = {New York, NY, USA},
 keywords = {competitive learning, complex systems, evolutionary computation, pattern generators, self-organization, spontaneous cortical activity},
}

@inproceedings{Miz:2019:ADD:3308558.3313541,
 author = {Miz, Volodymyr and Ricaud, Benjamin and Benzi, Kirell and Vandergheynst, Pierre},
 title = {Anomaly Detection in the Dynamics of Web and Social Networks Using Associative Memory},
 booktitle = {The World Wide Web Conference},
 series = {WWW '19},
 year = {2019},
 isbn = {978-1-4503-6674-8},
 location = {San Francisco, CA, USA},
 pages = {1290--1299},
 numpages = {10},
 url = {http://doi.acm.org/10.1145/3308558.3313541},
 doi = {10.1145/3308558.3313541},
 acmid = {3313541},
 publisher = {ACM},
 address = {New York, NY, USA},
 keywords = {Anomaly Detection, Dynamic Network, Graph Algorithm, Hopfield Network, Web Logs Analysis, Wikipedia},
}

@inproceedings{Wang:2019:NCC:3306127.3331836,
 author = {Wang, Yu and Deng, Yue and Shen, Yilin and Jin, Hongxia},
 title = {A New Concept of Convex Based Multiple Neural Networks Structure},
 booktitle = {Proceedings of the 18th International Conference on Autonomous Agents and MultiAgent Systems},
 series = {AAMAS '19},
 year = {2019},
 isbn = {978-1-4503-6309-9},
 location = {Montreal QC, Canada},
 pages = {1306--1314},
 numpages = {9},
 url = {http://dl.acm.org/citation.cfm?id=3306127.3331836},
 acmid = {3331836},
 publisher = {International Foundation for Autonomous Agents and Multiagent Systems},
 address = {Richland, SC},
 keywords = {image recognition, machine learning, multiple models neural networks, nlp},
}

@inproceedings{Stevens:1961:ASR:1460764.1460790,
 author = {Stevens, Mary Elizabeth},
 title = {Abstract Shape Recognition by Machine},
 booktitle = {Proceedings of the December 12-14, 1961, Eastern Joint Computer Conference: Computers - Key to Total Systems Control},
 series = {AFIPS '61 (Eastern)},
 year = {1961},
 location = {Washington, D.C.},
 pages = {332--351},
 numpages = {20},
 url = {http://doi.acm.org/10.1145/1460764.1460790},
 doi = {10.1145/1460764.1460790},
 acmid = {1460790},
 publisher = {ACM},
 address = {New York, NY, USA},
}

@inproceedings{DeChoudhury:2014:YHI:2729485.2729511,
 author = {De Choudhury, Munmun},
 title = {You'Re Happy, I'M Happy: Diffusion of Mood Expression on Twitter},
 booktitle = {Proceedings of HCI Korea},
 series = {HCIK '15},
 year = {2014},
 isbn = {978-89-6848-752-1},
 location = {Seoul, Republic of Korea},
 pages = {169--179},
 numpages = {11},
 url = {http://dl.acm.org/citation.cfm?id=2729485.2729511},
 acmid = {2729511},
 publisher = {Hanbit Media, Inc.},
 address = {South Korea},
 keywords = {emotion, mood, mood diffusion, social media, twitter},
}

@article{Westerdale:2001:LRR:1108831.1108832,
 author = {Westerdale, Thomas H.},
 title = {Local Reinforcement and Recombination in Classifier Systems},
 journal = {Evol. Comput.},
 issue_date = {September 2001},
 volume = {9},
 number = {3},
 month = sep,
 year = {2001},
 issn = {1063-6560},
 pages = {259--281},
 numpages = {23},
 url = {http://dx.doi.org/10.1162/106365601750405993},
 doi = {10.1162/106365601750405993},
 acmid = {1108832},
 publisher = {MIT Press},
 address = {Cambridge, MA, USA},
}

@article{Jimenez:2002:NMD:571637.571639,
 author = {Jim{\'e}nez, Daniel A. and Lin, Calvin},
 title = {Neural Methods for Dynamic Branch Prediction},
 journal = {ACM Trans. Comput. Syst.},
 issue_date = {November 2002},
 volume = {20},
 number = {4},
 month = nov,
 year = {2002},
 issn = {0734-2071},
 pages = {369--397},
 numpages = {29},
 url = {http://doi.acm.org/10.1145/571637.571639},
 doi = {10.1145/571637.571639},
 acmid = {571639},
 publisher = {ACM},
 address = {New York, NY, USA},
 keywords = {Branch prediction, neural networks},
}

@article{Agassi:1988:WD:49093.1058127,
 author = {Agassi, Joseph},
 title = {Winter 1988 Daedalus},
 journal = {SIGART Bull.},
 issue_date = {July 1988},
 number = {105},
 month = jul,
 year = {1988},
 issn = {0163-5719},
 pages = {15--22},
 numpages = {8},
 url = {http://doi.acm.org/10.1145/49093.1058127},
 doi = {10.1145/49093.1058127},
 acmid = {1058127},
 publisher = {ACM},
 address = {New York, NY, USA},
}

@inproceedings{Albus:1972:RCR:1480083.1480144,
 author = {Albus, James S.},
 title = {A Robot Conditioned Reflex System Modeled After the Cerebellum},
 booktitle = {Proceedings of the December 5-7, 1972, Fall Joint Computer Conference, Part II},
 series = {AFIPS '72 (Fall, part II)},
 year = {1972},
 location = {Anaheim, California},
 pages = {1095--1104},
 numpages = {10},
 url = {http://doi.acm.org/10.1145/1480083.1480144},
 doi = {10.1145/1480083.1480144},
 acmid = {1480144},
 publisher = {ACM},
 address = {New York, NY, USA},
}

@inproceedings{Rault:1972:AES:800011.808106,
 author = {Rault, J. C. and Demars, G.},
 title = {Is APL Epidemic? Or a Study of Its Growth Through an Extended Bibliography},
 booktitle = {Proceedings of the Fourth International Conference on APL},
 series = {APL '72},
 year = {1972},
 pages = {1--21},
 numpages = {21},
 url = {http://doi.acm.org/10.1145/800011.808106},
 doi = {10.1145/800011.808106},
 acmid = {808106},
 publisher = {ACM},
 address = {New York, NY, USA},
}

@inproceedings{Peersman:2011:PAG:2065023.2065035,
 author = {Peersman, Claudia and Daelemans, Walter and Van Vaerenbergh, Leona},
 title = {Predicting Age and Gender in Online Social Networks},
 booktitle = {Proceedings of the 3rd International Workshop on Search and Mining User-generated Contents},
 series = {SMUC '11},
 year = {2011},
 isbn = {978-1-4503-0949-3},
 location = {Glasgow, Scotland, UK},
 pages = {37--44},
 numpages = {8},
 url = {http://doi.acm.org/10.1145/2065023.2065035},
 doi = {10.1145/2065023.2065035},
 acmid = {2065035},
 publisher = {ACM},
 address = {New York, NY, USA},
 keywords = {age and gender prediction, cyber-pedophilia detection, social media, stylometry, text categorization},
}

@article{Kim:2015:ANT:2830543.2811258,
 author = {Kim, Ji-Sun and Gra\v{c}anin, Denis and Yang, Taeyoung and Quek, Francis},
 title = {Action-Transferred Navigation Technique Design Approach Supporting Human Spatial Learning},
 journal = {ACM Trans. Comput.-Hum. Interact.},
 issue_date = {December 2015},
 volume = {22},
 number = {6},
 month = sep,
 year = {2015},
 issn = {1073-0516},
 pages = {30:1--30:42},
 articleno = {30},
 numpages = {42},
 url = {http://doi.acm.org/10.1145/2811258},
 doi = {10.1145/2811258},
 acmid = {2811258},
 publisher = {ACM},
 address = {New York, NY, USA},
 keywords = {Action-transfer, cognitive learning, gesture, interaction technique, motor equivalence, navigation technique, spatial learning, virtual environment},
}

@article{Canosa:2009:RVS:1498700.1498705,
 author = {Canosa, Roxanne L.},
 title = {Real-world Vision: Selective Perception and Task},
 journal = {ACM Trans. Appl. Percept.},
 issue_date = {February 2009},
 volume = {6},
 number = {2},
 month = mar,
 year = {2009},
 issn = {1544-3558},
 pages = {11:1--11:34},
 articleno = {11},
 numpages = {34},
 url = {http://doi.acm.org/10.1145/1498700.1498705},
 doi = {10.1145/1498700.1498705},
 acmid = {1498705},
 publisher = {ACM},
 address = {New York, NY, USA},
 keywords = {Active vision, eye-tracking, saliency modeling},
}

@inproceedings{Hashmi:2011:AAF:2000064.2000066,
 author = {Hashmi, Atif and Berry, Hugues and Temam, Olivier and Lipasti, Mikko},
 title = {Automatic Abstraction and Fault Tolerance in Cortical Microachitectures},
 booktitle = {Proceedings of the 38th Annual International Symposium on Computer Architecture},
 series = {ISCA '11},
 year = {2011},
 isbn = {978-1-4503-0472-6},
 location = {San Jose, California, USA},
 pages = {1--10},
 numpages = {10},
 url = {http://doi.acm.org/10.1145/2000064.2000066},
 doi = {10.1145/2000064.2000066},
 acmid = {2000066},
 publisher = {ACM},
 address = {New York, NY, USA},
 keywords = {automatic abstraction, fault tolerance, neuromorphic architectures},
}

@article{Hashmi:2011:AAF:2024723.2000066,
 author = {Hashmi, Atif and Berry, Hugues and Temam, Olivier and Lipasti, Mikko},
 title = {Automatic Abstraction and Fault Tolerance in Cortical Microachitectures},
 journal = {SIGARCH Comput. Archit. News},
 issue_date = {June 2011},
 volume = {39},
 number = {3},
 month = jun,
 year = {2011},
 issn = {0163-5964},
 pages = {1--10},
 numpages = {10},
 url = {http://doi.acm.org/10.1145/2024723.2000066},
 doi = {10.1145/2024723.2000066},
 acmid = {2000066},
 publisher = {ACM},
 address = {New York, NY, USA},
 keywords = {automatic abstraction, fault tolerance, neuromorphic architectures},
}

@inproceedings{Wang:2019:MIR:3290605.3300839,
 author = {Wang, Xi and Ley, Andreas and Koch, Sebastian and Lindlbauer, David and Hays, James and Holmqvist, Kenneth and Alexa, Marc},
 title = {The Mental Image Revealed by Gaze Tracking},
 booktitle = {Proceedings of the 2019 CHI Conference on Human Factors in Computing Systems},
 series = {CHI '19},
 year = {2019},
 isbn = {978-1-4503-5970-2},
 location = {Glasgow, Scotland Uk},
 pages = {609:1--609:12},
 articleno = {609},
 numpages = {12},
 url = {http://doi.acm.org/10.1145/3290605.3300839},
 doi = {10.1145/3290605.3300839},
 acmid = {3300839},
 publisher = {ACM},
 address = {New York, NY, USA},
 keywords = {eye tracking, gaze pattern, mental imagery},
}

@inproceedings{Borgman:2014:UDK:2740769.2740814,
 author = {Borgman, Christine L. and Darch, Peter T. and Sands, Ashley E. and Wallis, Jillian C. and Traweek, Sharon},
 title = {The Ups and Downs of Knowledge Infrastructures in Science: Implications for Data Management},
 booktitle = {Proceedings of the 14th ACM/IEEE-CS Joint Conference on Digital Libraries},
 series = {JCDL '14},
 year = {2014},
 isbn = {978-1-4799-5569-5},
 location = {London, United Kingdom},
 pages = {257--266},
 numpages = {10},
 url = {http://dl.acm.org/citation.cfm?id=2740769.2740814},
 acmid = {2740814},
 publisher = {IEEE Press},
 address = {Piscataway, NJ, USA},
 keywords = {astronomy, big data, big science, biology, data management, digital libraries, knowledge infrastructures, little science, sensor networks, small science},
}

@inproceedings{Chikersal:2017:DSC:2998181.2998250,
 author = {Chikersal, Prerna and Tomprou, Maria and Kim, Young Ji and Woolley, Anita Williams and Dabbish, Laura},
 title = {Deep Structures of Collaboration: Physiological Correlates of Collective Intelligence and Group Satisfaction},
 booktitle = {Proceedings of the 2017 ACM Conference on Computer Supported Cooperative Work and Social Computing},
 series = {CSCW '17},
 year = {2017},
 isbn = {978-1-4503-4335-0},
 location = {Portland, Oregon, USA},
 pages = {873--888},
 numpages = {16},
 url = {http://doi.acm.org/10.1145/2998181.2998250},
 doi = {10.1145/2998181.2998250},
 acmid = {2998250},
 publisher = {ACM},
 address = {New York, NY, USA},
 keywords = {behavioral similarity, collective intelligence, distributed/ virtual teams, physiological synchrony},
}

@article{1981:SSI:1056490.1056491,
 title = {SIGART Special Issue on Machine Learning},
 journal = {SIGART Bull.},
 issue_date = {April 1981},
 number = {76},
 month = apr,
 year = {1981},
 issn = {0163-5719},
 pages = {25--54},
 numpages = {30},
 url = {http://doi.acm.org/10.1145/1056490.1056491},
 doi = {10.1145/1056490.1056491},
 acmid = {1056491},
 publisher = {ACM},
 address = {New York, NY, USA},
key = {{$\!\!$}} ,
}

@article{Zyarah:2019:NAH:3327966.3300971,
 author = {Zyarah, Abdullah M. and Kudithipudi, Dhireesha},
 title = {Neuromemrisitive Architecture of HTM with On-Device Learning and Neurogenesis},
 journal = {J. Emerg. Technol. Comput. Syst.},
 issue_date = {June 2019},
 volume = {15},
 number = {3},
 month = may,
 year = {2019},
 issn = {1550-4832},
 pages = {24:1--24:24},
 articleno = {24},
 numpages = {24},
 url = {http://doi.acm.org/10.1145/3300971},
 doi = {10.1145/3300971},
 acmid = {3300971},
 publisher = {ACM},
 address = {New York, NY, USA},
 keywords = {Hierarchical temporal memory, memristor, neurogenesis, sparse distributed representation, spatial pooler},
}

@article{Ota:2017:DLM:3119899.3092831,
 author = {Ota, Kaoru and Dao, Minh Son and Mezaris, Vasileios and Natale, Francesco G. B. De},
 title = {Deep Learning for Mobile Multimedia: A Survey},
 journal = {ACM Trans. Multimedia Comput. Commun. Appl.},
 issue_date = {August 2017},
 volume = {13},
 number = {3s},
 month = jun,
 year = {2017},
 issn = {1551-6857},
 pages = {34:1--34:22},
 articleno = {34},
 numpages = {22},
 url = {http://doi.acm.org/10.1145/3092831},
 doi = {10.1145/3092831},
 acmid = {3092831},
 publisher = {ACM},
 address = {New York, NY, USA},
 keywords = {Deep learning, deep neural networks, mobile multimedia computing},
}

@article{Khan:2011:ECG:2078014.2078019,
 author = {Khan, Gul Muhammad and Miller, Julian F. and Halliday, David M.},
 title = {Evolution of Cartesian Genetic Programs for Development of Learning Neural Architecture},
 journal = {Evol. Comput.},
 issue_date = {Fall 2011},
 volume = {19},
 number = {3},
 month = sep,
 year = {2011},
 issn = {1063-6560},
 pages = {469--523},
 numpages = {55},
 url = {http://dx.doi.org/10.1162/EVCO_a_00043},
 doi = {10.1162/EVCO_a_00043},
 acmid = {2078019},
 publisher = {MIT Press},
 address = {Cambridge, MA, USA},
 keywords = {Cartesian genetic programming (CGP), artificial neural networks, coevolution, generative and developmental approaches, learning and memory},
}

@inproceedings{Ostermann:2011:RIH:2032497.2032509,
 author = {Ostermann, Klaus and Giarrusso, Paolo G. and K\"{a}stner, Christian and Rendel, Tillmann},
 title = {Revisiting Information Hiding: Reflections on Classical and Nonclassical Modularity},
 booktitle = {Proceedings of the 25th European Conference on Object-oriented Programming},
 series = {ECOOP'11},
 year = {2011},
 isbn = {978-3-642-22654-0},
 location = {Lancaster, UK},
 pages = {155--178},
 numpages = {24},
 url = {http://dl.acm.org/citation.cfm?id=2032497.2032509},
 acmid = {2032509},
 publisher = {Springer-Verlag},
 address = {Berlin, Heidelberg},
}

@article{Ide:1998:ISI:972719.972721,
 author = {Ide, Nancy and V{\'e}ronis, Jean},
 title = {Introduction to the Special Issue on Word Sense Disambiguation: The State of the Art},
 journal = {Comput. Linguist.},
 issue_date = {March 1998},
 volume = {24},
 number = {1},
 month = mar,
 year = {1998},
 issn = {0891-2017},
 pages = {2--40},
 numpages = {39},
 url = {http://dl.acm.org/citation.cfm?id=972719.972721},
 acmid = {972721},
 publisher = {MIT Press},
 address = {Cambridge, MA, USA},
}

@inproceedings{Masci:2016:GDL:2988458.2988485,
 author = {Masci, Jonathan and Rodol\`{a}, Emanuele and Boscaini, Davide and Bronstein, Michael M. and Li, Hao},
 title = {Geometric Deep Learning},
 booktitle = {SIGGRAPH ASIA 2016 Courses},
 series = {SA '16},
 year = {2016},
 isbn = {978-1-4503-4538-5},
 location = {Macau},
 pages = {1:1--1:50},
 articleno = {1},
 numpages = {50},
 url = {http://doi.acm.org/10.1145/2988458.2988485},
 doi = {10.1145/2988458.2988485},
 acmid = {2988485},
 publisher = {ACM},
 address = {New York, NY, USA},
}

@book{Oviatt:2017:HMI:3015783,
 editor = {Oviatt, Sharon and Schuller, Bj\"{o}rn and Cohen, Philip R. and Sonntag, Daniel and Potamianos, Gerasimos and Kr\"{u}ger, Antonio},
 title = {The Handbook of Multimodal-Multisensor Interfaces: Foundations, User Modeling, and Common Modality Combinations - Volume 1},
 year = {2017},
 isbn = {978-1-97000-167-9},
 volume = {Volume 1},
 publisher = {Association for Computing Machinery and Morgan \&\#38; Claypool},
 address = {New York, NY, USA},
}

@book{Jerald:2015:VBH:2792790,
 author = {Jerald, Jason},
 title = {The VR Book: Human-Centered Design for Virtual Reality},
 year = {2016},
 isbn = {978-1-97000-112-9},
 publisher = {Association for Computing Machinery and Morgan \&\#38; Claypool},
 address = {New York, NY, USA},
}

