@inproceedings{Schulte:2008:BME:1404520.1404535,
 author = {Schulte, Carsten},
 title = {Block Model: An Educational Model of Program Comprehension As a Tool for a Scholarly Approach to Teaching},
 booktitle = {Proceedings of the Fourth International Workshop on Computing Education Research},
 series = {ICER '08},
 year = {2008},
 isbn = {978-1-60558-216-0},
 location = {Sydney, Australia},
 pages = {149--160},
 numpages = {12},
 url = {http://doi.acm.org/10.1145/1404520.1404535},
 doi = {10.1145/1404520.1404535},
 acmid = {1404535},
 publisher = {ACM},
 address = {New York, NY, USA},
 keywords = {CS, CS ed research, educational model, pedagogy, program comprehension, teaching algorithms, teaching teacher students},
}

@inproceedings{Budde:2017:TBT:3137065.3137077,
 author = {Budde, Lea and Heinemann, Birte and Schulte, Carsten},
 title = {A Theory Based Tool Set for Analysing Reading Processes in the Context of Learning Programming},
 booktitle = {Proceedings of the 12th Workshop on Primary and Secondary Computing Education},
 series = {WiPSCE '17},
 year = {2017},
 isbn = {978-1-4503-5428-8},
 location = {Nijmegen, Netherlands},
 pages = {83--86},
 numpages = {4},
 url = {http://doi.acm.org/10.1145/3137065.3137077},
 doi = {10.1145/3137065.3137077},
 acmid = {3137077},
 publisher = {ACM},
 address = {New York, NY, USA},
 keywords = {Block Model, Block Sequence Viewer, Cognitive Load, Eye Tracking, Learning Programming},
}

@inproceedings{Bednarik:2018:EME:3279720.3279722,
 author = {Bednarik, Roman and Schulte, Carsten and Budde, Lea and Heinemann, Birte and Vrzakova, Hana},
 title = {Eye-movement Modeling Examples in Source Code Comprehension: A Classroom Study},
 booktitle = {Proceedings of the 18th Koli Calling International Conference on Computing Education Research},
 series = {Koli Calling '18},
 year = {2018},
 isbn = {978-1-4503-6535-2},
 location = {Koli, Finland},
 pages = {2:1--2:8},
 articleno = {2},
 numpages = {8},
 url = {http://doi.acm.org/10.1145/3279720.3279722},
 doi = {10.1145/3279720.3279722},
 acmid = {3279722},
 publisher = {ACM},
 address = {New York, NY, USA},
 keywords = {classroom, eye-tracking, gaze guidance, source code},
}

@article{Cohen-addad:2019:HCO:3338848.3321386,
 author = {Cohen-addad, Vincent and Kanade, Varun and Mallmann-trenn, Frederik and Mathieu, Claire},
 title = {Hierarchical Clustering: Objective Functions and Algorithms},
 journal = {J. ACM},
 issue_date = {June 2019},
 volume = {66},
 number = {4},
 month = jun,
 year = {2019},
 issn = {0004-5411},
 pages = {26:1--26:42},
 articleno = {26},
 numpages = {42},
 url = {http://doi.acm.org/10.1145/3321386},
 doi = {10.1145/3321386},
 acmid = {3321386},
 publisher = {ACM},
 address = {New York, NY, USA},
 keywords = {Hierarchical clustering, PCA, stochastic block model},
}

@inproceedings{Kalmbach:2018:MIC:3234200.3234245,
 author = {Kalmbach, Patrick and Gleiter, Lion and Zerwas, Johannes and Blenk, Andreas and Kellerer, Wolfgang and Schmid, Stefan},
 title = {Modeling IP-to-IP Communication Using the Weighted Stochastic Block Model},
 booktitle = {Proceedings of the ACM SIGCOMM 2018 Conference on Posters and Demos},
 series = {SIGCOMM '18},
 year = {2018},
 isbn = {978-1-4503-5915-3},
 location = {Budapest, Hungary},
 pages = {48--50},
 numpages = {3},
 url = {http://doi.acm.org/10.1145/3234200.3234245},
 doi = {10.1145/3234200.3234245},
 acmid = {3234245},
 publisher = {ACM},
 address = {New York, NY, USA},
 keywords = {Data Analysis, Network Monitoring, Stochastic Block Model},
}

@inproceedings{Robinson:2017:SDS:3106426.3109424,
 author = {Robinson, Jace and Doran, Derek},
 title = {Seasonality in Dynamic Stochastic Block Models},
 booktitle = {Proceedings of the International Conference on Web Intelligence},
 series = {WI '17},
 year = {2017},
 isbn = {978-1-4503-4951-2},
 location = {Leipzig, Germany},
 pages = {976--979},
 numpages = {4},
 url = {http://doi.acm.org/10.1145/3106426.3109424},
 doi = {10.1145/3106426.3109424},
 acmid = {3109424},
 publisher = {ACM},
 address = {New York, NY, USA},
 keywords = {dynamic networks, kalman filter, state space model, structural time series},
}

@article{Costa:2016:MCP:2926746.2934681,
 author = {Costa, Gianni and Ortale, Riccardo},
 title = {Model-Based Collaborative Personalized Recommendation on Signed Social Rating Networks},
 journal = {ACM Trans. Internet Technol.},
 issue_date = {August 2016},
 volume = {16},
 number = {3},
 month = jul,
 year = {2016},
 issn = {1533-5399},
 pages = {20:1--20:21},
 articleno = {20},
 numpages = {21},
 url = {http://doi.acm.org/10.1145/2934681},
 doi = {10.1145/2934681},
 acmid = {2934681},
 publisher = {ACM},
 address = {New York, NY, USA},
 keywords = {Link prediction, mixed-membership block modeling, rating prediction},
}

@inproceedings{Whalley:2013:RMH:2667199.2667207,
 author = {Whalley, Jacqueline and Kasto, Nadia},
 title = {Revisiting Models of Human Conceptualisation in the Context of a Programming Examination},
 booktitle = {Proceedings of the Fifteenth Australasian Computing Education Conference - Volume 136},
 series = {ACE '13},
 year = {2013},
 isbn = {978-1-921770-21-0},
 location = {Adelaide, Australia},
 pages = {67--76},
 numpages = {10},
 url = {http://dl.acm.org/citation.cfm?id=2667199.2667207},
 acmid = {2667207},
 publisher = {Australian Computer Society, Inc.},
 address = {Darlinghurst, Australia, Australia},
 keywords = {Bloom's taxonomy, SOLO, block model, code comprehension, novice programmers},
}

@inproceedings{Gallagher:2010:BBM:1830252.1830260,
 author = {Gallagher, Ian},
 title = {Bayesian Block Modelling for Weighted Networks},
 booktitle = {Proceedings of the Eighth Workshop on Mining and Learning with Graphs},
 series = {MLG '10},
 year = {2010},
 isbn = {978-1-4503-0214-2},
 location = {Washington, D.C.},
 pages = {55--61},
 numpages = {7},
 url = {http://doi.acm.org/10.1145/1830252.1830260},
 doi = {10.1145/1830252.1830260},
 acmid = {1830260},
 publisher = {ACM},
 address = {New York, NY, USA},
 keywords = {applications, block modelling, social network analysis, variational Bayes},
}

@inproceedings{Jamali:2011:GSB:2043932.2043946,
 author = {Jamali, Mohsen and Huang, Tianle and Ester, Martin},
 title = {A Generalized Stochastic Block Model for Recommendation in Social Rating Networks},
 booktitle = {Proceedings of the Fifth ACM Conference on Recommender Systems},
 series = {RecSys '11},
 year = {2011},
 isbn = {978-1-4503-0683-6},
 location = {Chicago, Illinois, USA},
 pages = {53--60},
 numpages = {8},
 url = {http://doi.acm.org/10.1145/2043932.2043946},
 doi = {10.1145/2043932.2043946},
 acmid = {2043946},
 publisher = {ACM},
 address = {New York, NY, USA},
 keywords = {clustering, link prediction, social recommendation, stochastic block model},
}

@inproceedings{Zhu:2013:STL:2487575.2487693,
 author = {Zhu, Yaojia and Yan, Xiaoran and Getoor, Lise and Moore, Cristopher},
 title = {Scalable Text and Link Analysis with Mixed-topic Link Models},
 booktitle = {Proceedings of the 19th ACM SIGKDD International Conference on Knowledge Discovery and Data Mining},
 series = {KDD '13},
 year = {2013},
 isbn = {978-1-4503-2174-7},
 location = {Chicago, Illinois, USA},
 pages = {473--481},
 numpages = {9},
 url = {http://doi.acm.org/10.1145/2487575.2487693},
 doi = {10.1145/2487575.2487693},
 acmid = {2487693},
 publisher = {ACM},
 address = {New York, NY, USA},
 keywords = {document classification, link prediction, stochastic block model, topic modeling},
}

@inproceedings{Donaldson:2018:FLA:3265757.3265776,
 author = {Donaldson, Peter and Cutts, Quintin},
 title = {Flexible Low-cost Activities to Develop Novice Code Comprehension Skills in Schools},
 booktitle = {Proceedings of the 13th Workshop in Primary and Secondary Computing Education},
 series = {WiPSCE '18},
 year = {2018},
 isbn = {978-1-4503-6588-8},
 location = {Potsdam, Germany},
 pages = {19:1--19:4},
 articleno = {19},
 numpages = {4},
 url = {http://doi.acm.org/10.1145/3265757.3265776},
 doi = {10.1145/3265757.3265776},
 acmid = {3265776},
 publisher = {ACM},
 address = {New York, NY, USA},
 keywords = {block model, formative assessment, notional machine, program comprehension},
}

@inproceedings{Bai:2018:DMS:3219819.3220080,
 author = {Bai, Zilong and Qian, Buyue and Davidson, Ian},
 title = {Discovering Models from Structural and Behavioral Brain Imaging Data},
 booktitle = {Proceedings of the 24th ACM SIGKDD International Conference on Knowledge Discovery \&\#38; Data Mining},
 series = {KDD '18},
 year = {2018},
 isbn = {978-1-4503-5552-0},
 location = {London, United Kingdom},
 pages = {1128--1137},
 numpages = {10},
 url = {http://doi.acm.org/10.1145/3219819.3220080},
 doi = {10.1145/3219819.3220080},
 acmid = {3220080},
 publisher = {ACM},
 address = {New York, NY, USA},
 keywords = {block modeling, brain imaging data, model discovery, structural-behavioral networks},
}

@inproceedings{Ho:2012:DHT:2187836.2187936,
 author = {Ho, Qirong and Eisenstein, Jacob and Xing, Eric P.},
 title = {Document Hierarchies from Text and Links},
 booktitle = {Proceedings of the 21st International Conference on World Wide Web},
 series = {WWW '12},
 year = {2012},
 isbn = {978-1-4503-1229-5},
 location = {Lyon, France},
 pages = {739--748},
 numpages = {10},
 url = {http://doi.acm.org/10.1145/2187836.2187936},
 doi = {10.1145/2187836.2187936},
 acmid = {2187936},
 publisher = {ACM},
 address = {New York, NY, USA},
 keywords = {bayesian generative models, hierarchical clustering, stochastic block models, topic models},
}

@article{Abbe:2017:CDS:3122009.3242034,
 author = {Abbe, Emmanuel},
 title = {Community Detection and Stochastic Block Models: Recent Developments},
 journal = {J. Mach. Learn. Res.},
 issue_date = {January 2017},
 volume = {18},
 number = {1},
 month = jan,
 year = {2017},
 issn = {1532-4435},
 pages = {6446--6531},
 numpages = {86},
 url = {http://dl.acm.org/citation.cfm?id=3122009.3242034},
 acmid = {3242034},
 publisher = {JMLR.org},
 keywords = {clustering, community detection, computational gaps, network data analysis, random graphs, spectral algorithms, stochastic block models, unsupervised learning},
}

@inproceedings{Gill:2004:IWV:985040.985044,
 author = {Gill, Tony and Caris, Con and Smith, Guy LeBlanc},
 title = {Interactive Web-based Visualisation of Block Model Data},
 booktitle = {Proceedings of the Ninth International Conference on 3D Web Technology},
 series = {Web3D '04},
 year = {2004},
 isbn = {1-58113-845-8},
 location = {Monterey, California},
 pages = {23--28},
 numpages = {6},
 url = {http://doi.acm.org/10.1145/985040.985044},
 doi = {10.1145/985040.985044},
 acmid = {985044},
 publisher = {ACM},
 address = {New York, NY, USA},
 keywords = {VRML, X3D, mining, scientific visualisation},
}

@article{Gao:2017:AOM:3122009.3153016,
 author = {Gao, Chao and Ma, Zongming and Zhang, Anderson Y. and Zhou, Harrison H.},
 title = {Achieving Optimal Misclassification Proportion in Stochastic Block Models},
 journal = {J. Mach. Learn. Res.},
 issue_date = {January 2017},
 volume = {18},
 number = {1},
 month = jan,
 year = {2017},
 issn = {1532-4435},
 pages = {1980--2024},
 numpages = {45},
 url = {http://dl.acm.org/citation.cfm?id=3122009.3153016},
 acmid = {3153016},
 publisher = {JMLR.org},
 keywords = {clustering, community detection, minimax rates, network analysis, spectral clustering},
}

@article{Gao:2016:OEC:2946645.3053443,
 author = {Gao, Chao and Lu, Yu and Ma, Zongming and Zhou, Harrison H.},
 title = {Optimal Estimation and Completion of Matrices with Biclustering Structures},
 journal = {J. Mach. Learn. Res.},
 issue_date = {January 2016},
 volume = {17},
 number = {1},
 month = jan,
 year = {2016},
 issn = {1532-4435},
 pages = {5602--5630},
 numpages = {29},
 url = {http://dl.acm.org/citation.cfm?id=2946645.3053443},
 acmid = {3053443},
 publisher = {JMLR.org},
 keywords = {biclustering, graphon, matrix completion, missing data, sparse network, stochastic block models},
}

@inproceedings{Moitra:2016:RRT:2897518.2897573,
 author = {Moitra, Ankur and Perry, William and Wein, Alexander S.},
 title = {How Robust Are Reconstruction Thresholds for Community Detection?},
 booktitle = {Proceedings of the Forty-eighth Annual ACM Symposium on Theory of Computing},
 series = {STOC '16},
 year = {2016},
 isbn = {978-1-4503-4132-5},
 location = {Cambridge, MA, USA},
 pages = {828--841},
 numpages = {14},
 url = {http://doi.acm.org/10.1145/2897518.2897573},
 doi = {10.1145/2897518.2897573},
 acmid = {2897573},
 publisher = {ACM},
 address = {New York, NY, USA},
 keywords = {Community detection, broadcast tree model, semidefinite programming, semirandom models, stochastic block model},
}

@article{Ailon:2015:IAG:2789272.2789286,
 author = {Ailon, Nir and Chen, Yudong and Xu, Huan},
 title = {Iterative and Active Graph Clustering Using Trace Norm Minimization Without Cluster Size Constraints},
 journal = {J. Mach. Learn. Res.},
 issue_date = {January 2015},
 volume = {16},
 number = {1},
 month = jan,
 year = {2015},
 issn = {1532-4435},
 pages = {455--490},
 numpages = {36},
 url = {http://dl.acm.org/citation.cfm?id=2789272.2789286},
 acmid = {2789286},
 publisher = {JMLR.org},
 keywords = {active clustering, community detection, convex optimization, graph clustering, planted partition model, stochastic block model},
}

@inproceedings{Zheliazkova:2004:MTL:1050330.1050438,
 author = {Zheliazkova, Irina and Kolev, Rumen},
 title = {Modeling Teaching and Learning Environments},
 booktitle = {Proceedings of the 5th International Conference on Computer Systems and Technologies},
 series = {CompSysTech '04},
 year = {2004},
 isbn = {954-9641-38-4},
 location = {Rousse, Bulgaria},
 pages = {1--10},
 numpages = {10},
 url = {http://doi.acm.org/10.1145/1050330.1050438},
 doi = {10.1145/1050330.1050438},
 acmid = {1050438},
 publisher = {ACM},
 address = {New York, NY, USA},
 keywords = {block model, computer-based, environments, graph model, learning, relational model, teaching},
}

@inproceedings{Chen:2017:CNA:3132847.3132904,
 author = {Chen, Zheng and Yu, Xinli and Song, Bo and Gao, Jianliang and Hu, Xiaohua and Yang, Wei-Shih},
 title = {Community-Based Network Alignment for Large Attributed Network},
 booktitle = {Proceedings of the 2017 ACM on Conference on Information and Knowledge Management},
 series = {CIKM '17},
 year = {2017},
 isbn = {978-1-4503-4918-5},
 location = {Singapore, Singapore},
 pages = {587--596},
 numpages = {10},
 url = {http://doi.acm.org/10.1145/3132847.3132904},
 doi = {10.1145/3132847.3132904},
 acmid = {3132904},
 publisher = {ACM},
 address = {New York, NY, USA},
 keywords = {Attributed Network Alignment, Community Discovery, Dirichilet-Mutinomial, Large Network, Stochastic Block Model},
}

@inproceedings{Ray:2016:SSC:2896377.2901494,
 author = {Ray, Avik and Sanghavi, Sujay and Shakkottai, Sanjay},
 title = {Searching For A Single Community in a Graph},
 booktitle = {Proceedings of the 2016 ACM SIGMETRICS International Conference on Measurement and Modeling of Computer Science},
 series = {SIGMETRICS '16},
 year = {2016},
 isbn = {978-1-4503-4266-7},
 location = {Antibes Juan-les-Pins, France},
 pages = {399--400},
 numpages = {2},
 url = {http://doi.acm.org/10.1145/2896377.2901494},
 doi = {10.1145/2896377.2901494},
 acmid = {2901494},
 publisher = {ACM},
 address = {New York, NY, USA},
 keywords = {community detection, graph clustering, semi-supervised, side-information, stochastic block model},
}

@article{Ray:2016:SSC:2964791.2901494,
 author = {Ray, Avik and Sanghavi, Sujay and Shakkottai, Sanjay},
 title = {Searching For A Single Community in a Graph},
 journal = {SIGMETRICS Perform. Eval. Rev.},
 issue_date = {June 2016},
 volume = {44},
 number = {1},
 month = jun,
 year = {2016},
 issn = {0163-5999},
 pages = {399--400},
 numpages = {2},
 url = {http://doi.acm.org/10.1145/2964791.2901494},
 doi = {10.1145/2964791.2901494},
 acmid = {2901494},
 publisher = {ACM},
 address = {New York, NY, USA},
 keywords = {community detection, graph clustering, semi-supervised, side-information, stochastic block model},
}

@inproceedings{Hour:2014:SRE:3191835.3191995,
 author = {Hour, Sovatana and Kan, Li},
 title = {Structural and Regular Equivalence of Community Detection in Social Networks},
 booktitle = {Proceedings of the 2014 IEEE/ACM International Conference on Advances in Social Networks Analysis and Mining},
 series = {ASONAM '14},
 year = {2014},
 isbn = {978-1-4799-5876-4},
 location = {Beijing, China},
 pages = {808--813},
 numpages = {6},
 url = {http://dl.acm.org/citation.cfm?id=3191835.3191995},
 acmid = {3191995},
 publisher = {IEEE Press},
 address = {Piscataway, NJ, USA},
 keywords = {block model, community detection, regular equivalence, social networks, structural equivalence, zachary karate club network},
}

@inproceedings{Wang:2012:FMI:2382936.2382952,
 author = {Wang, Yijie and Qian, Xiaoning},
 title = {Functional Module Identification by Block Modeling Using Simulated Annealing with Path Relinking},
 booktitle = {Proceedings of the ACM Conference on Bioinformatics, Computational Biology and Biomedicine},
 series = {BCB '12},
 year = {2012},
 isbn = {978-1-4503-1670-5},
 location = {Orlando, Florida},
 pages = {123--130},
 numpages = {8},
 url = {http://doi.acm.org/10.1145/2382936.2382952},
 doi = {10.1145/2382936.2382952},
 acmid = {2382952},
 publisher = {ACM},
 address = {New York, NY, USA},
 keywords = {block modeling, functional module identification, path relinking, protein-protein interaction networks, simulated annealing},
}

@inproceedings{Becchetti:2017:FYP:3039686.3039745,
 author = {Becchetti, Luca and Clementi, Andrea and Natale, Emanuele and Pasquale, Francesco and Trevisan, Luca},
 title = {Find Your Place: Simple Distributed Algorithms for Community Detection},
 booktitle = {Proceedings of the Twenty-Eighth Annual ACM-SIAM Symposium on Discrete Algorithms},
 series = {SODA '17},
 year = {2017},
 location = {Barcelona, Spain},
 pages = {940--959},
 numpages = {20},
 url = {http://dl.acm.org/citation.cfm?id=3039686.3039745},
 acmid = {3039745},
 publisher = {Society for Industrial and Applied Mathematics},
 address = {Philadelphia, PA, USA},
 keywords = {averaging dynamics, community detection, distributed algorithms, spectral analysis, stochastic block models},
}

@inproceedings{Gyenge:2010:EBM:1830252.1830261,
 author = {Gyenge, \'{A}d\'{a}m and Sinkkonen, Janne and Bencz\'{u}r, Andr\'{a}s A.},
 title = {An Efficient Block Model for Clustering Sparse Graphs},
 booktitle = {Proceedings of the Eighth Workshop on Mining and Learning with Graphs},
 series = {MLG '10},
 year = {2010},
 isbn = {978-1-4503-0214-2},
 location = {Washington, D.C.},
 pages = {62--69},
 numpages = {8},
 url = {http://doi.acm.org/10.1145/1830252.1830261},
 doi = {10.1145/1830252.1830261},
 acmid = {1830261},
 publisher = {ACM},
 address = {New York, NY, USA},
 keywords = {block model, collapsed Gibbs, hierarchical Bayes, latent variables, statistical network analysis},
}

@article{Conway:1994:EDM:179812.179838,
 author = {Conway, Adrian E. and Pinsky, Eugene and Tridandapani, Srinivasan},
 title = {Efficient Decomposition Methods for the Analysis of Multi-facility Blocking Models},
 journal = {J. ACM},
 issue_date = {July 1994},
 volume = {41},
 number = {4},
 month = jul,
 year = {1994},
 issn = {0004-5411},
 pages = {648--675},
 numpages = {28},
 url = {http://doi.acm.org/10.1145/179812.179838},
 doi = {10.1145/179812.179838},
 acmid = {179838},
 publisher = {ACM},
 address = {New York, NY, USA},
 keywords = {blocking models, circuit-switched networks, decomposition methods, exact analysis, locality, product-form, recursion, sparsity},
}

@inproceedings{Brito:2016:RRR:2884435.2884543,
 author = {Brito, Gerandy and Dumitriu, Ioana and Ganguly, Shirshendu and Hoffman, Christopher and Tran, Linh V.},
 title = {Recovery and Rigidity in a Regular Stochastic Block Model},
 booktitle = {Proceedings of the Twenty-seventh Annual ACM-SIAM Symposium on Discrete Algorithms},
 series = {SODA '16},
 year = {2016},
 isbn = {978-1-611974-33-1},
 location = {Arlington, Virginia},
 pages = {1589--1601},
 numpages = {13},
 url = {http://dl.acm.org/citation.cfm?id=2884435.2884543},
 acmid = {2884543},
 publisher = {Society for Industrial and Applied Mathematics},
 address = {Philadelphia, PA, USA},
}

@article{Li:2004:DBM:1008463.1008476,
 author = {Li, C. Y. and Wai, P. K. A. and Li, Victor O. K.},
 title = {The Decomposition of a Blocking Model for Connection-oriented Networks},
 journal = {IEEE/ACM Trans. Netw.},
 issue_date = {June 2004},
 volume = {12},
 number = {3},
 month = jun,
 year = {2004},
 issn = {1063-6692},
 pages = {549--558},
 numpages = {10},
 url = {http://dx.doi.org/10.1109/TNET.2004.828937},
 doi = {10.1109/TNET.2004.828937},
 acmid = {1008476},
 publisher = {IEEE Press},
 address = {Piscataway, NJ, USA},
 keywords = {Monte Carlo summation, blocking probability, circuit-switched networks, connection-oriented networks, decomposition methods},
}

@article{Lyzinski:2016:CLM:2946645.3053461,
 author = {Lyzinski, Vince and Levin, Keith and Fishkind, Donniell E. and Priebe, Carey E.},
 title = {On the Consistency of the Likelihood Maximization Vertex Nomination Scheme: Bridging the Gap Between Maximum Likelihood Estimation and Graph Matching},
 journal = {J. Mach. Learn. Res.},
 issue_date = {January 2016},
 volume = {17},
 number = {1},
 month = jan,
 year = {2016},
 issn = {1532-4435},
 pages = {6206--6239},
 numpages = {34},
 url = {http://dl.acm.org/citation.cfm?id=2946645.3053461},
 acmid = {3053461},
 publisher = {JMLR.org},
 keywords = {graph inference, graph matching, graph mining, stochastic block model, vertex nomination},
}

@inproceedings{Coja-Oghlan:2017:ITC:3055399.3055420,
 author = {Coja-Oghlan, Amin and Krzakala, Florent and Perkins, Will and Zdeborova, Lenka},
 title = {Information-theoretic Thresholds from the Cavity Method},
 booktitle = {Proceedings of the 49th Annual ACM SIGACT Symposium on Theory of Computing},
 series = {STOC 2017},
 year = {2017},
 isbn = {978-1-4503-4528-6},
 location = {Montreal, Canada},
 pages = {146--157},
 numpages = {12},
 url = {http://doi.acm.org/10.1145/3055399.3055420},
 doi = {10.1145/3055399.3055420},
 acmid = {3055420},
 publisher = {ACM},
 address = {New York, NY, USA},
 keywords = {Cavity method, Gibbs measures, phase transitions, random graphs, stochastic block model},
}

@inproceedings{Mossel:2015:CTP:2746539.2746603,
 author = {Mossel, Elchanan and Neeman, Joe and Sly, Allan},
 title = {Consistency Thresholds for the Planted Bisection Model},
 booktitle = {Proceedings of the Forty-seventh Annual ACM Symposium on Theory of Computing},
 series = {STOC '15},
 year = {2015},
 isbn = {978-1-4503-3536-2},
 location = {Portland, Oregon, USA},
 pages = {69--75},
 numpages = {7},
 url = {http://doi.acm.org/10.1145/2746539.2746603},
 doi = {10.1145/2746539.2746603},
 acmid = {2746603},
 publisher = {ACM},
 address = {New York, NY, USA},
 keywords = {graph clustering, minimum bisection, planted partition model, random graph, stochastic block model},
}

@inproceedings{Choi:2017:FBM:3131785.3131834,
 author = {Choi, Ja-Ryoung and Kim, Suin and Lim, Soon-Bum},
 title = {The Feedback Block Model for an Adaptive E-Book},
 booktitle = {Adjunct Publication of the 30th Annual ACM Symposium on User Interface Software and Technology},
 series = {UIST '17},
 year = {2017},
 isbn = {978-1-4503-5419-6},
 location = {Qu\&\#233;bec City, QC, Canada},
 pages = {127--128},
 numpages = {2},
 url = {http://doi.acm.org/10.1145/3131785.3131834},
 doi = {10.1145/3131785.3131834},
 acmid = {3131834},
 publisher = {ACM},
 address = {New York, NY, USA},
 keywords = {adaptive contents, dynamic updates, e-book, feedback},
}

@inproceedings{Crombecq:2008:CSD:1516744.1517279,
 author = {Crombecq, Karel and De Tommasi, Luciano and Gorissen, Dirk and Dhaene, Tom},
 title = {A Comparison of Sequential Design Methods for RF Circuit Block Modeling},
 booktitle = {Proceedings of the 40th Conference on Winter Simulation},
 series = {WSC '08},
 year = {2008},
 isbn = {978-1-4244-2708-6},
 location = {Miami, Florida},
 pages = {2942--2942},
 numpages = {1},
 url = {http://dl.acm.org/citation.cfm?id=1516744.1517279},
 acmid = {1517279},
 publisher = {Winter Simulation Conference},
}

@inproceedings{Yan:2016:BMS:3192424.3192483,
 author = {Yan, Xiaoran},
 title = {Bayesian Model Selection of Stochastic Block Models},
 booktitle = {Proceedings of the 2016 IEEE/ACM International Conference on Advances in Social Networks Analysis and Mining},
 series = {ASONAM '16},
 year = {2016},
 isbn = {978-1-5090-2846-7},
 location = {Davis, California},
 pages = {323--328},
 numpages = {6},
 url = {http://dl.acm.org/citation.cfm?id=3192424.3192483},
 acmid = {3192483},
 publisher = {IEEE Press},
 address = {Piscataway, NJ, USA},
}

@inproceedings{Mossel:2016:LAB:2840728.2840749,
 author = {Mossel, Elchanan and Xu, Jiaming},
 title = {Local Algorithms for Block Models with Side Information},
 booktitle = {Proceedings of the 2016 ACM Conference on Innovations in Theoretical Computer Science},
 series = {ITCS '16},
 year = {2016},
 isbn = {978-1-4503-4057-1},
 location = {Cambridge, Massachusetts, USA},
 pages = {71--80},
 numpages = {10},
 url = {http://doi.acm.org/10.1145/2840728.2840749},
 doi = {10.1145/2840728.2840749},
 acmid = {2840749},
 publisher = {ACM},
 address = {New York, NY, USA},
 keywords = {community detection, local algorithms, random graphs},
}

@inproceedings{Junuthula:2019:BPP:3308558.3313633,
 author = {Junuthula, Ruthwik and Haghdan, Maysam and Xu, Kevin S. and Devabhaktuni, Vijay},
 title = {The Block Point Process Model for Continuous-time Event-based Dynamic Networks},
 booktitle = {The World Wide Web Conference},
 series = {WWW '19},
 year = {2019},
 isbn = {978-1-4503-6674-8},
 location = {San Francisco, CA, USA},
 pages = {829--839},
 numpages = {11},
 url = {http://doi.acm.org/10.1145/3308558.3313633},
 doi = {10.1145/3308558.3313633},
 acmid = {3313633},
 publisher = {ACM},
 address = {New York, NY, USA},
 keywords = {Hawkes process, asymptotic independence, block Hawkes model, continuous-time network, event-based network, relational events, stochastic block model, timestamped network},
}

@inproceedings{Corneli:2015:MTE:2808797.2809348,
 author = {Corneli, Marco and Latouche, Pierre and Rossi, Fabrice},
 title = {Modelling Time Evolving Interactions in Networks Through a Non Stationary Extension of Stochastic Block Models},
 booktitle = {Proceedings of the 2015 IEEE/ACM International Conference on Advances in Social Networks Analysis and Mining 2015},
 series = {ASONAM '15},
 year = {2015},
 isbn = {978-1-4503-3854-7},
 location = {Paris, France},
 pages = {1590--1591},
 numpages = {2},
 url = {http://doi.acm.org/10.1145/2808797.2809348},
 doi = {10.1145/2808797.2809348},
 acmid = {2809348},
 publisher = {ACM},
 address = {New York, NY, USA},
}

@inproceedings{Martens:2004:PTD:968878.969041,
 author = {Martens, Ewout and Gielen, Georges and Gielen, Georges and Gielen, Georges},
 title = {A Phase-Frequency Transfer Description of Analog and Mixed-Signal Front-End Architectures for System-Level Design},
 booktitle = {Proceedings of the Conference on Design, Automation and Test in Europe - Volume 1},
 series = {DATE '04},
 year = {2004},
 isbn = {0-7695-2085-5},
 pages = {10436--},
 url = {http://dl.acm.org/citation.cfm?id=968878.969041},
 acmid = {969041},
 publisher = {IEEE Computer Society},
 address = {Washington, DC, USA},
}

@article{Anandkumar:2014:TAL:2627435.2670323,
 author = {Anandkumar, Animashree and Ge, Rong and Hsu, Daniel and Kakade, Sham M.},
 title = {A Tensor Approach to Learning Mixed Membership Community Models},
 journal = {J. Mach. Learn. Res.},
 issue_date = {January 2014},
 volume = {15},
 number = {1},
 month = jan,
 year = {2014},
 issn = {1532-4435},
 pages = {2239--2312},
 numpages = {74},
 url = {http://dl.acm.org/citation.cfm?id=2627435.2670323},
 acmid = {2670323},
 publisher = {JMLR.org},
 keywords = {community detection, mixed membership models, moment-based estimation, spectral methods, tensor methods},
}

@inproceedings{Zhang:2007:MUI:1577222.1577257,
 author = {Zhang, Ruonan and Cai, Lin},
 title = {Modeling UWB Indoor Channel with Shadowing Processes: Work in Progress},
 booktitle = {The Fourth International Conference on Heterogeneous Networking for Quality, Reliability, Security and Robustness \&\#38; Workshops},
 series = {QSHINE '07},
 year = {2007},
 isbn = {978-1-59593-756-8},
 location = {Vancouver, Canada},
 pages = {25:1--25:4},
 articleno = {25},
 numpages = {4},
 url = {http://doi.acm.org/10.1145/1577222.1577257},
 doi = {10.1145/1577222.1577257},
 acmid = {1577257},
 publisher = {ACM},
 address = {New York, NY, USA},
 keywords = {UWB, angular power spectrum, channel model},
}

@article{Buhrman:2011:MRC:2014670.2014686,
 author = {Buhrman, Harry and van der Gulik, Peter T.  S. and Kelk, Steven M. and Koolen, Wouter M. and Stougie, Leen},
 title = {Some Mathematical Refinements Concerning Error Minimization in the Genetic Code},
 journal = {IEEE/ACM Trans. Comput. Biol. Bioinformatics},
 issue_date = {September 2011},
 volume = {8},
 number = {5},
 month = sep,
 year = {2011},
 issn = {1545-5963},
 pages = {1358--1372},
 numpages = {15},
 url = {https://doi.org/10.1109/TCBB.2011.40},
 doi = {10.1109/TCBB.2011.40},
 acmid = {2014686},
 publisher = {IEEE Computer Society Press},
 address = {Los Alamitos, CA, USA},
 keywords = {Genetic code, error robustness, origin of life.},
}

@inproceedings{Zhu:2000:AFE:357744.357929,
 author = {Zhu, Lei and Rao, Aibing and Zhang, Aidong},
 title = {Advanced Feature Extraction for Keyblock-based Image Retrieval},
 booktitle = {Proceedings of the 2000 ACM Workshops on Multimedia},
 series = {MULTIMEDIA '00},
 year = {2000},
 isbn = {1-58113-311-1},
 location = {Los Angeles, California, USA},
 pages = {179--183},
 numpages = {5},
 url = {http://doi.acm.org/10.1145/357744.357929},
 doi = {10.1145/357744.357929},
 acmid = {357929},
 publisher = {ACM},
 address = {New York, NY, USA},
}

@article{Chen:2005:CTL:1109021.1109023,
 author = {Chen, Ying-Ping and Goldberg, David E.},
 title = {Convergence Time for the Linkage Learning Genetic Algorithm},
 journal = {Evol. Comput.},
 issue_date = {September 2005},
 volume = {13},
 number = {3},
 month = sep,
 year = {2005},
 issn = {1063-6560},
 pages = {279--302},
 numpages = {24},
 url = {http://dx.doi.org/10.1162/1063656054794806},
 doi = {10.1162/1063656054794806},
 acmid = {1109023},
 publisher = {MIT Press},
 address = {Cambridge, MA, USA},
}

@inproceedings{Myburgh:2010:EAL:1830483.1830696,
 author = {Myburgh, Christie and Deb, Kalyanmoy},
 title = {Evolutionary Algorithms in Large-scale Open Pit Mine Scheduling},
 booktitle = {Proceedings of the 12th Annual Conference on Genetic and Evolutionary Computation},
 series = {GECCO '10},
 year = {2010},
 isbn = {978-1-4503-0072-8},
 location = {Portland, Oregon, USA},
 pages = {1155--1162},
 numpages = {8},
 url = {http://doi.acm.org/10.1145/1830483.1830696},
 doi = {10.1145/1830483.1830696},
 acmid = {1830696},
 publisher = {ACM},
 address = {New York, NY, USA},
 keywords = {combinatorial optimization, customized operators, evolutionary optimization, open pit mine scheduling},
}

@inproceedings{Holdschick:2012:CEM:2377816.2377826,
 author = {Holdschick, Hannes},
 title = {Challenges in the Evolution of Model-based Software Product Lines in the Automotive Domain},
 booktitle = {Proceedings of the 4th International Workshop on Feature-Oriented Software Development},
 series = {FOSD '12},
 year = {2012},
 isbn = {978-1-4503-1309-4},
 location = {Dresden, Germany},
 pages = {70--73},
 numpages = {4},
 url = {http://doi.acm.org/10.1145/2377816.2377826},
 doi = {10.1145/2377816.2377826},
 acmid = {2377826},
 publisher = {ACM},
 address = {New York, NY, USA},
}

@inproceedings{Wang:2005:GTD:1134271.1134276,
 author = {Wang, Xuerui and Mohanty, Natasha and McCallum, Andrew},
 title = {Group and Topic Discovery from Relations and Text},
 booktitle = {Proceedings of the 3rd International Workshop on Link Discovery},
 series = {LinkKDD '05},
 year = {2005},
 isbn = {1-59593-215-1},
 location = {Chicago, Illinois},
 pages = {28--35},
 numpages = {8},
 url = {http://doi.acm.org/10.1145/1134271.1134276},
 doi = {10.1145/1134271.1134276},
 acmid = {1134276},
 publisher = {ACM},
 address = {New York, NY, USA},
 keywords = {graphical models, relational learning, text modeling},
}

@article{Lim:2017:CGP:3122009.3153005,
 author = {Lim, Shiau Hong and Chen, Yudong and Xu, Huan},
 title = {Clustering from General Pairwise Observations with Applications to Time-varying Graphs},
 journal = {J. Mach. Learn. Res.},
 issue_date = {January 2017},
 volume = {18},
 number = {1},
 month = jan,
 year = {2017},
 issn = {1532-4435},
 pages = {1591--1637},
 numpages = {47},
 url = {http://dl.acm.org/citation.cfm?id=3122009.3153005},
 acmid = {3153005},
 publisher = {JMLR.org},
 keywords = {convex optimization, dynamic graphs, graph clustering, information divergence, low-rank matrix, pairwise observation, time-varying graphs},
}

@inproceedings{Adra:2005:CIS:1162708.1163261,
 author = {Adra, Hosni},
 title = {CreateASoft Inc.: Simcad Pro 7.1},
 booktitle = {Proceedings of the 37th Conference on Winter Simulation},
 series = {WSC '05},
 year = {2005},
 isbn = {0-7803-9519-0},
 location = {Orlando, Florida},
 articleno = {72},
 url = {http://dl.acm.org/citation.cfm?id=1162708.1163261},
 acmid = {1163261},
 publisher = {Winter Simulation Conference},
}

@article{Zhao:2017:ORS:3145508.3126515,
 author = {Zhao, Yecheng and Peng, Chao and Zeng, Haibo and Gu, Zonghua},
 title = {Optimization of Real-Time Software Implementing Multi-Rate Synchronous Finite State Machines},
 journal = {ACM Trans. Embed. Comput. Syst.},
 issue_date = {October 2017},
 volume = {16},
 number = {5s},
 month = sep,
 year = {2017},
 issn = {1539-9087},
 pages = {175:1--175:21},
 articleno = {175},
 numpages = {21},
 url = {http://doi.acm.org/10.1145/3126515},
 doi = {10.1145/3126515},
 acmid = {3126515},
 publisher = {ACM},
 address = {New York, NY, USA},
 keywords = {Audsley\&\#x02019;s algorithm, Model-based design, finite state machine, optimization, real-time schedulability, synchronous reactive models},
}

@inproceedings{Marlin:2009:SGG:1553374.1553465,
 author = {Marlin, Benjamin M. and Murphy, Kevin P.},
 title = {Sparse Gaussian Graphical Models with Unknown Block Structure},
 booktitle = {Proceedings of the 26th Annual International Conference on Machine Learning},
 series = {ICML '09},
 year = {2009},
 isbn = {978-1-60558-516-1},
 location = {Montreal, Quebec, Canada},
 pages = {705--712},
 numpages = {8},
 url = {http://doi.acm.org/10.1145/1553374.1553465},
 doi = {10.1145/1553374.1553465},
 acmid = {1553465},
 publisher = {ACM},
 address = {New York, NY, USA},
}

@inproceedings{Perrouin:2016:FMT:2896982.2896987,
 author = {Perrouin, Gilles and Amrani, Moussa and Acher, Mathieu and Combemale, Benoit and Legay, Axel and Schobbens, Pierre-Yves},
 title = {Featured Model Types: Towards Systematic Reuse in Modelling Language Engineering},
 booktitle = {Proceedings of the 8th International Workshop on Modeling in Software Engineering},
 series = {MiSE '16},
 year = {2016},
 isbn = {978-1-4503-4164-6},
 location = {Austin, Texas},
 pages = {1--7},
 numpages = {7},
 url = {http://doi.acm.org/10.1145/2896982.2896987},
 doi = {10.1145/2896982.2896987},
 acmid = {2896987},
 publisher = {ACM},
 address = {New York, NY, USA},
 keywords = {metamodelling, model typing, reuse},
}

@inproceedings{Zach:2001:MVC:584993.585028,
 author = {Zach, Christopher and Klaus, Andreas and Bauer, Joachim and Karner, Konrad and Grabner, Markus},
 title = {Modeling and Visualizing the Cultural Heritage Data Set of Graz},
 booktitle = {Proceedings of the 2001 Conference on Virtual Reality, Archeology, and Cultural Heritage},
 series = {VAST '01},
 year = {2001},
 isbn = {1-58113-447-9},
 location = {Glyfada, Greece},
 pages = {219--226},
 numpages = {8},
 url = {http://doi.acm.org/10.1145/584993.585028},
 doi = {10.1145/584993.585028},
 acmid = {585028},
 publisher = {ACM},
 address = {New York, NY, USA},
}

@inproceedings{Gupta:2012:CLI:2380296.2380312,
 author = {Gupta, Ankit},
 title = {Closing the Loop Between Intentions and Actions},
 booktitle = {Adjunct Proceedings of the 25th Annual ACM Symposium on User Interface Software and Technology},
 series = {UIST Adjunct Proceedings '12},
 year = {2012},
 isbn = {978-1-4503-1582-1},
 location = {Cambridge, Massachusetts, USA},
 pages = {27--30},
 numpages = {4},
 url = {http://doi.acm.org/10.1145/2380296.2380312},
 doi = {10.1145/2380296.2380312},
 acmid = {2380312},
 publisher = {ACM},
 address = {New York, NY, USA},
 keywords = {active feedback, augmented reality, task assistance, tracking, virtual reality},
}

@inproceedings{Overman:1977:DSB:800190.805506,
 author = {Overman, William T. and Estrin, Gerald},
 title = {Developing a SARA Building Block - the 8080},
 booktitle = {Proceedings of the Symposium on Design Automation and Microprocessors},
 year = {1977},
 pages = {77--86},
 numpages = {10},
 url = {http://dl.acm.org/citation.cfm?id=800190.805506},
 acmid = {805506},
 publisher = {IEEE Press},
 address = {Piscataway, NJ, USA},
}

@inproceedings{Savic:2018:AAS:3227609.3227693,
 author = {Savi\'{c}, Milo\v{s}},
 title = {Analysis of Annotated Social and Information Networks: Methods and Applications},
 booktitle = {Proceedings of the 8th International Conference on Web Intelligence, Mining and Semantics},
 series = {WIMS '18},
 year = {2018},
 isbn = {978-1-4503-5489-9},
 location = {Novi Sad, Serbia},
 pages = {6:1--6:4},
 articleno = {6},
 numpages = {4},
 url = {http://doi.acm.org/10.1145/3227609.3227693},
 doi = {10.1145/3227609.3227693},
 acmid = {3227693},
 publisher = {ACM},
 address = {New York, NY, USA},
 keywords = {annotated networks, complex network analysis, information networks, social networks},
}

@inproceedings{Wu:2017:DNM:3097983.3098110,
 author = {Wu, Tianyi and Sugawara, Shinya and Yamanishi, Kenji},
 title = {Decomposed Normalized Maximum Likelihood Codelength Criterion for Selecting Hierarchical Latent Variable Models},
 booktitle = {Proceedings of the 23rd ACM SIGKDD International Conference on Knowledge Discovery and Data Mining},
 series = {KDD '17},
 year = {2017},
 isbn = {978-1-4503-4887-4},
 location = {Halifax, NS, Canada},
 pages = {1165--1174},
 numpages = {10},
 url = {http://doi.acm.org/10.1145/3097983.3098110},
 doi = {10.1145/3097983.3098110},
 acmid = {3098110},
 publisher = {ACM},
 address = {New York, NY, USA},
 keywords = {clustering, model selection, topic and latent variable models},
}

@inproceedings{Lin:2016:NHA:2931002.2931006,
 author = {Lin, Lorraine and J\"{o}rg, Sophie},
 title = {Need a Hand?: How Appearance Affects the Virtual Hand Illusion},
 booktitle = {Proceedings of the ACM Symposium on Applied Perception},
 series = {SAP '16},
 year = {2016},
 isbn = {978-1-4503-4383-1},
 location = {Anaheim, California},
 pages = {69--76},
 numpages = {8},
 url = {http://doi.acm.org/10.1145/2931002.2931006},
 doi = {10.1145/2931002.2931006},
 acmid = {2931006},
 publisher = {ACM},
 address = {New York, NY, USA},
 keywords = {body awareness, body ownership, presence, realism, rubber hand illusion, virtual character, virtual environments, virtual hand illusion, virtual reality},
}

@article{Wilson:2017:CEM:3122009.3208030,
 author = {Wilson, James D. and Palowitch, John and Bhamidi, Shankar and Nobel, Andrew B.},
 title = {Community Extraction in Multilayer Networks with Heterogeneous Community Structure},
 journal = {J. Mach. Learn. Res.},
 issue_date = {January 2017},
 volume = {18},
 number = {1},
 month = jan,
 year = {2017},
 issn = {1532-4435},
 pages = {5458--5506},
 numpages = {49},
 url = {http://dl.acm.org/citation.cfm?id=3122009.3208030},
 acmid = {3208030},
 publisher = {JMLR.org},
 keywords = {clustering, community detection, modularity, multiplex networks, score based methods},
}

@inproceedings{Gutierrez-Nolasco:2006:SMS:1141277.1141650,
 author = {Gutierrez-Nolasco, Sebastian and Venkatasubramanian, Nalini and Talcott, Carolyn},
 title = {A Semantic Model for Safe Protocol Interaction},
 booktitle = {Proceedings of the 2006 ACM Symposium on Applied Computing},
 series = {SAC '06},
 year = {2006},
 isbn = {1-59593-108-2},
 location = {Dijon, France},
 pages = {1599--1600},
 numpages = {2},
 url = {http://doi.acm.org/10.1145/1141277.1141650},
 doi = {10.1145/1141277.1141650},
 acmid = {1141650},
 publisher = {ACM},
 address = {New York, NY, USA},
}

@inproceedings{Dollner:2005:CLM:1097064.1097089,
 author = {D\"{o}llner, J\"{u}rgen and Buchholz, Henrik},
 title = {Continuous Level-of-detail Modeling of Buildings in 3D City Models},
 booktitle = {Proceedings of the 13th Annual ACM International Workshop on Geographic Information Systems},
 series = {GIS '05},
 year = {2005},
 isbn = {1-59593-146-5},
 location = {Bremen, Germany},
 pages = {173--181},
 numpages = {9},
 url = {http://doi.acm.org/10.1145/1097064.1097089},
 doi = {10.1145/1097064.1097089},
 acmid = {1097089},
 publisher = {ACM},
 address = {New York, NY, USA},
 keywords = {3D GIS, buildings, city models, level-of-detail, virtual reality},
}

@article{Saeedi:2017:VPA:3122009.3176813,
 author = {Saeedi, Ardavan and Kulkarni, Tejas D. and Mansinghka, Vikash K. and Gershman, Samuel J.},
 title = {Variational Particle Approximations},
 journal = {J. Mach. Learn. Res.},
 issue_date = {January 2017},
 volume = {18},
 number = {1},
 month = jan,
 year = {2017},
 issn = {1532-4435},
 pages = {2328--2356},
 numpages = {29},
 url = {http://dl.acm.org/citation.cfm?id=3122009.3176813},
 acmid = {3176813},
 publisher = {JMLR.org},
 keywords = {Bayesian inference, dirichlet process mixture model, hidden Markov model, infinite relational model, ising model, variational methods},
}

@article{Rossi:2018:IVG:3210369.3200764,
 author = {Rossi, Ryan A. and Ahmed, Nesreen K. and Zhou, Rong and Eldardiry, Hoda},
 title = {Interactive Visual Graph Mining and Learning},
 journal = {ACM Trans. Intell. Syst. Technol.},
 issue_date = {July 2018},
 volume = {9},
 number = {5},
 month = jul,
 year = {2018},
 issn = {2157-6904},
 pages = {59:1--59:25},
 articleno = {59},
 numpages = {25},
 url = {http://doi.acm.org/10.1145/3200764},
 doi = {10.1145/3200764},
 acmid = {3200764},
 publisher = {ACM},
 address = {New York, NY, USA},
 keywords = {Statistical relational learning, direct manipulation, higher-order network analysis, interactive graph generation, interactive graph learning, interactive network visualization, interactive relational machine learning, interactive role discovery, interactive visual graph mining, link prediction, network analysis, node embeddings, rapid visual feedback, real-time performance, visual graph analytics},
}

@article{Chen:2014:CPO:2627435.2670322,
 author = {Chen, Yudong and Jalali, Ali and Sanghavi, Sujay and Xu, Huan},
 title = {Clustering Partially Observed Graphs via Convex Optimization},
 journal = {J. Mach. Learn. Res.},
 issue_date = {January 2014},
 volume = {15},
 number = {1},
 month = jan,
 year = {2014},
 issn = {1532-4435},
 pages = {2213--2238},
 numpages = {26},
 url = {http://dl.acm.org/citation.cfm?id=2627435.2670322},
 acmid = {2670322},
 publisher = {JMLR.org},
 keywords = {convex optimization, graph clustering, sparse and low-rank decomposition},
}

@article{Zhu:2002:TKI:506309.506313,
 author = {Zhu, Lei and Rao, Al Bing and Zhang, Aldong},
 title = {Theory of Keyblock-based Image Retrieval},
 journal = {ACM Trans. Inf. Syst.},
 issue_date = {April 2002},
 volume = {20},
 number = {2},
 month = apr,
 year = {2002},
 issn = {1046-8188},
 pages = {224--257},
 numpages = {34},
 url = {http://doi.acm.org/10.1145/506309.506313},
 doi = {10.1145/506309.506313},
 acmid = {506313},
 publisher = {ACM},
 address = {New York, NY, USA},
 keywords = {clustering, codebook, content-based image retrieval, keyblock},
}

@article{Palowitch:2017:SCD:3122009.3242045,
 author = {Palowitch, John and Bhamidi, Shankar and Nobel, Andrew B.},
 title = {Significance-based Community Detection in Weighted Networks},
 journal = {J. Mach. Learn. Res.},
 issue_date = {January 2017},
 volume = {18},
 number = {1},
 month = jan,
 year = {2017},
 issn = {1532-4435},
 pages = {6899--6946},
 numpages = {48},
 url = {http://dl.acm.org/citation.cfm?id=3122009.3242045},
 acmid = {3242045},
 publisher = {JMLR.org},
 keywords = {community detection, multiple testing, network models, unsupervised learning, weighted networks},
}

@inproceedings{Krishna:1983:QAC:800040.801405,
 author = {Krishna, C. M and Shin, K. G},
 title = {Queueing Analysis of a Canonical Model of Real-time Multiprocessors},
 booktitle = {Proceedings of the 1983 ACM SIGMETRICS Conference on Measurement and Modeling of Computer Systems},
 series = {SIGMETRICS '83},
 year = {1983},
 isbn = {0-89791-112-1},
 location = {Minneapolis, Minnesota, USA},
 pages = {175--189},
 numpages = {15},
 url = {http://doi.acm.org/10.1145/800040.801405},
 doi = {10.1145/800040.801405},
 acmid = {801405},
 publisher = {ACM},
 address = {New York, NY, USA},
}

@inproceedings{Sun:2017:NSE:3132847.3132902,
 author = {Sun, Bing-Jie and Shen, Huawei and Gao, Jinhua and Ouyang, Wentao and Cheng, Xueqi},
 title = {A Non-negative Symmetric Encoder-Decoder Approach for Community Detection},
 booktitle = {Proceedings of the 2017 ACM on Conference on Information and Knowledge Management},
 series = {CIKM '17},
 year = {2017},
 isbn = {978-1-4503-4918-5},
 location = {Singapore, Singapore},
 pages = {597--606},
 numpages = {10},
 url = {http://doi.acm.org/10.1145/3132847.3132902},
 doi = {10.1145/3132847.3132902},
 acmid = {3132902},
 publisher = {ACM},
 address = {New York, NY, USA},
 keywords = {community detection, encoder-decoder, latent factor model},
}

@inproceedings{Chang:2016:GCP:3192424.3192467,
 author = {Chang, Chien-Wei and Yeh, Mi-Yen and Chuang, Kun-Ta},
 title = {On the Guarantee of Containment Probability in Influence Minimization},
 booktitle = {Proceedings of the 2016 IEEE/ACM International Conference on Advances in Social Networks Analysis and Mining},
 series = {ASONAM '16},
 year = {2016},
 isbn = {978-1-5090-2846-7},
 location = {Davis, California},
 pages = {231--238},
 numpages = {8},
 url = {http://dl.acm.org/citation.cfm?id=3192424.3192467},
 acmid = {3192467},
 publisher = {IEEE Press},
 address = {Piscataway, NJ, USA},
}

@inproceedings{Gupta:2012:DRS:2380116.2380167,
 author = {Gupta, Ankit and Fox, Dieter and Curless, Brian and Cohen, Michael},
 title = {DuploTrack: A Real-time System for Authoring and Guiding Duplo Block Assembly},
 booktitle = {Proceedings of the 25th Annual ACM Symposium on User Interface Software and Technology},
 series = {UIST '12},
 year = {2012},
 isbn = {978-1-4503-1580-7},
 location = {Cambridge, Massachusetts, USA},
 pages = {389--402},
 numpages = {14},
 url = {http://doi.acm.org/10.1145/2380116.2380167},
 doi = {10.1145/2380116.2380167},
 acmid = {2380167},
 publisher = {ACM},
 address = {New York, NY, USA},
 keywords = {active visual feedback, assembly tasks, augmented reality, depth camera, tracking, virtual reality},
}

@article{Dowdy:1985:AUM:317786.317817,
 author = {Dowdy, Lawrence W. and Chopra, Manvinder S.},
 title = {On the Applicability of Using Multiprogramming Level Distributions},
 journal = {SIGMETRICS Perform. Eval. Rev.},
 issue_date = {Aug. 1985},
 volume = {13},
 number = {2},
 month = aug,
 year = {1985},
 issn = {0163-5999},
 pages = {116--127},
 numpages = {12},
 url = {http://doi.acm.org/10.1145/317786.317817},
 doi = {10.1145/317786.317817},
 acmid = {317817},
 publisher = {ACM},
 address = {New York, NY, USA},
 keywords = {blocking, multiprogramming level distributions, open and closed queuing networks, subsystem modeling},
}

@inproceedings{Dowdy:1985:AUM:317795.317817,
 author = {Dowdy, Lawrence W. and Chopra, Manvinder S.},
 title = {On the Applicability of Using Multiprogramming Level Distributions},
 booktitle = {Proceedings of the 1985 ACM SIGMETRICS Conference on Measurement and Modeling of Computer Systems},
 series = {SIGMETRICS '85},
 year = {1985},
 isbn = {0-89791-169-5},
 location = {Austin, Texas, USA},
 pages = {116--127},
 numpages = {12},
 url = {http://doi.acm.org/10.1145/317795.317817},
 doi = {10.1145/317795.317817},
 acmid = {317817},
 publisher = {ACM},
 address = {New York, NY, USA},
 keywords = {blocking, multiprogramming level distributions, open and closed queuing networks, subsystem modeling},
}

@inproceedings{Fishwick:2000:BMD:330160.330164,
 author = {Fishwick, Paul A.},
 title = {3D Behavioral Model Design for Simulation and Software Engineering},
 booktitle = {Proceedings of the Fifth Symposium on Virtual Reality Modeling Language (Web3D-VRML)},
 series = {VRML '00},
 year = {2000},
 isbn = {1-58113-211-5},
 location = {Monterey, California, USA},
 pages = {7--16},
 numpages = {10},
 url = {http://doi.acm.org/10.1145/330160.330164},
 doi = {10.1145/330160.330164},
 acmid = {330164},
 publisher = {ACM},
 address = {New York, NY, USA},
}

@inproceedings{Massoulie:2014:CDT:2591796.2591857,
 author = {Massouli{\'e}, Laurent},
 title = {Community Detection Thresholds and the Weak Ramanujan Property},
 booktitle = {Proceedings of the Forty-sixth Annual ACM Symposium on Theory of Computing},
 series = {STOC '14},
 year = {2014},
 isbn = {978-1-4503-2710-7},
 location = {New York, New York},
 pages = {694--703},
 numpages = {10},
 url = {http://doi.acm.org/10.1145/2591796.2591857},
 doi = {10.1145/2591796.2591857},
 acmid = {2591857},
 publisher = {ACM},
 address = {New York, NY, USA},
 keywords = {community detection, phase transition, spectral clustering, spectral separation},
}

@inproceedings{Shine:2019:GGM:3308558.3313631,
 author = {Shine, Alana and Kempe, David},
 title = {Generative Graph Models Based on Laplacian Spectra?},
 booktitle = {The World Wide Web Conference},
 series = {WWW '19},
 year = {2019},
 isbn = {978-1-4503-6674-8},
 location = {San Francisco, CA, USA},
 pages = {1691--1701},
 numpages = {11},
 url = {http://doi.acm.org/10.1145/3308558.3313631},
 doi = {10.1145/3308558.3313631},
 acmid = {3313631},
 publisher = {ACM},
 address = {New York, NY, USA},
 keywords = {Generative model, Random graphs, Spectra of graphs},
}

@article{Garetto:2016:GTE:2964791.2901455,
 author = {Garetto, Michele and Leonardi, Emilio and Torrisi, Giovanni Luca},
 title = {Generalized Threshold-Based Epidemics in Random Graphs: The Power of Extreme Values},
 journal = {SIGMETRICS Perform. Eval. Rev.},
 issue_date = {June 2016},
 volume = {44},
 number = {1},
 month = jun,
 year = {2016},
 issn = {0163-5999},
 pages = {37--50},
 numpages = {14},
 url = {http://doi.acm.org/10.1145/2964791.2901455},
 doi = {10.1145/2964791.2901455},
 acmid = {2901455},
 publisher = {ACM},
 address = {New York, NY, USA},
 keywords = {bootstrap percolation, epidemic, random graph},
}

@inproceedings{Garetto:2016:GTE:2896377.2901455,
 author = {Garetto, Michele and Leonardi, Emilio and Torrisi, Giovanni Luca},
 title = {Generalized Threshold-Based Epidemics in Random Graphs: The Power of Extreme Values},
 booktitle = {Proceedings of the 2016 ACM SIGMETRICS International Conference on Measurement and Modeling of Computer Science},
 series = {SIGMETRICS '16},
 year = {2016},
 isbn = {978-1-4503-4266-7},
 location = {Antibes Juan-les-Pins, France},
 pages = {37--50},
 numpages = {14},
 url = {http://doi.acm.org/10.1145/2896377.2901455},
 doi = {10.1145/2896377.2901455},
 acmid = {2901455},
 publisher = {ACM},
 address = {New York, NY, USA},
 keywords = {bootstrap percolation, epidemic, random graph},
}

@article{Ghoshdastidar:2017:UHP:3122009.3153006,
 author = {Ghoshdastidar, Debarghya and Dukkipati, Ambedkar},
 title = {Uniform Hypergraph Partitioning: Provable Tensor Methods and Sampling Techniques},
 journal = {J. Mach. Learn. Res.},
 issue_date = {January 2017},
 volume = {18},
 number = {1},
 month = jan,
 year = {2017},
 issn = {1532-4435},
 pages = {1638--1678},
 numpages = {41},
 url = {http://dl.acm.org/citation.cfm?id=3122009.3153006},
 acmid = {3153006},
 publisher = {JMLR.org},
 keywords = {hypergraph partitioning, planted model, sampling, spectral method, subspace clustering, tensors},
}

@article{Athreya:2017:SIR:3122009.3242083,
 author = {Athreya, Avanti and Fishkind, Donniell E. and Tang, Minh and Priebe, Carey E. and Park, Youngser and Vogelstein, Joshua T. and Levin, Keith and Lyzinski, Vince and Qin, Yichen},
 title = {Statistical Inference on Random Dot Product Graphs: A Survey},
 journal = {J. Mach. Learn. Res.},
 issue_date = {January 2017},
 volume = {18},
 number = {1},
 month = jan,
 year = {2017},
 issn = {1532-4435},
 pages = {8393--8484},
 numpages = {92},
 url = {http://dl.acm.org/citation.cfm?id=3122009.3242083},
 acmid = {3242083},
 publisher = {JMLR.org},
 keywords = {adjacency spectral embedding, laplacian spectral embedding, multi-sample graph hypothesis testing, random dot product graph, semiparametric modeling},
}

@inproceedings{Alam:2016:ESA:3014904.3014947,
 author = {Alam, Maksudul and Khan, Maleq and Vullikanti, Anil and Marathe, Madhav},
 title = {An Efficient and Scalable Algorithmic Method for Generating Large: Scale Random Graphs},
 booktitle = {Proceedings of the International Conference for High Performance Computing, Networking, Storage and Analysis},
 series = {SC '16},
 year = {2016},
 isbn = {978-1-4673-8815-3},
 location = {Salt Lake City, Utah},
 pages = {32:1--32:12},
 articleno = {32},
 numpages = {12},
 url = {http://dl.acm.org/citation.cfm?id=3014904.3014947},
 acmid = {3014947},
 publisher = {IEEE Press},
 address = {Piscataway, NJ, USA},
 keywords = {distributed computing, network theory, parallel programming, random graphs},
}

@article{Chen:2016:STP:2946645.2946672,
 author = {Chen, Yudong and Xu, Jiaming},
 title = {Statistical-computational Tradeoffs in Planted Problems and Submatrix Localization with a Growing Number of Clusters and Submatrices},
 journal = {J. Mach. Learn. Res.},
 issue_date = {January 2016},
 volume = {17},
 number = {1},
 month = jan,
 year = {2016},
 issn = {1532-4435},
 pages = {882--938},
 numpages = {57},
 url = {http://dl.acm.org/citation.cfm?id=2946645.2946672},
 acmid = {2946672},
 publisher = {JMLR.org},
 keywords = {bi-clustering, computational hardness, convex relaxation, graph clustering, minimax recovery, planted clique, planted coloring, planted partition, submatrix localization},
}

@inproceedings{Cohen-Addad:2018:HCO:3174304.3175293,
 author = {Cohen-Addad, Vincent and Kanada, Varun and Mallmann-Trenn, Frederik and Mathieu, Claire},
 title = {Hierarchical Clustering: Objective Functions and Algorithms},
 booktitle = {Proceedings of the Twenty-Ninth Annual ACM-SIAM Symposium on Discrete Algorithms},
 series = {SODA '18},
 year = {2018},
 isbn = {978-1-6119-7503-1},
 location = {New Orleans, Louisiana},
 pages = {378--397},
 numpages = {20},
 url = {http://dl.acm.org/citation.cfm?id=3174304.3175293},
 acmid = {3175293},
 publisher = {Society for Industrial and Applied Mathematics},
 address = {Philadelphia, PA, USA},
}

@article{Shrivastava:2017:ECI:3154814.3136063,
 author = {Shrivastava, Rahul and Nandivada, V. Krishna},
 title = {Energy-Efficient Compilation of Irregular Task-Parallel Loops},
 journal = {ACM Trans. Archit. Code Optim.},
 issue_date = {December 2017},
 volume = {14},
 number = {4},
 month = nov,
 year = {2017},
 issn = {1544-3566},
 pages = {35:1--35:29},
 articleno = {35},
 numpages = {29},
 url = {http://doi.acm.org/10.1145/3136063},
 doi = {10.1145/3136063},
 acmid = {3136063},
 publisher = {ACM},
 address = {New York, NY, USA},
 keywords = {DVFS, Irregular task parallel programs, multi-socket-multi-core systems},
}

@article{Krieger:1997:HPF:263326.263356,
 author = {Krieger, Orran and Stumm, Michael},
 title = {HFS: A Performance-oriented Flexible File System Based on Building-block Compositions},
 journal = {ACM Trans. Comput. Syst.},
 issue_date = {Aug. 1997},
 volume = {15},
 number = {3},
 month = aug,
 year = {1997},
 issn = {0734-2071},
 pages = {286--321},
 numpages = {36},
 url = {http://doi.acm.org/10.1145/263326.263356},
 doi = {10.1145/263326.263356},
 acmid = {263356},
 publisher = {ACM},
 address = {New York, NY, USA},
 keywords = {customization, data partitioning, data replication, flexibility, parallel computing, parallel file system},
}

