@inproceedings{Seo:2017:ABV:3139468.3139470,
 author = {Seo, Jinsil Hwaryoung and Smith, Brian Michael and Bruner, Michael and Cook, Margaret and Suh, Jinkyo and Pine, Michelle and Malone, Erica and Leal, Steven and Sueda, Shinjiro and Bai, Zhikun},
 title = {Anatomy Builder VR: Comparative Anatomy Lab Promoting Spatial Visualization Through Constructionist Learning},
 booktitle = {SIGGRAPH Asia 2017 VR Showcase},
 series = {SA '17},
 year = {2017},
 isbn = {978-1-4503-5408-0},
 location = {Bangkok, Thailand},
 pages = {1:1--1:2},
 articleno = {1},
 numpages = {2},
 url = {http://doi.acm.org/10.1145/3139468.3139470},
 doi = {10.1145/3139468.3139470},
 acmid = {3139470},
 publisher = {ACM},
 address = {New York, NY, USA},
 keywords = {anatomy education, comparative anatomy, constructionist learning, embodied learning, virtual reality},
}

@inproceedings{Seo:2018:MAV:3275495.3275505,
 author = {Seo, Jinsil Hwaryoung and Smith, Brian Michael and Bruner, Michael and Payne, Austin and Cook, Margaret and Pine, Michelle and Malone, Erica and Sueda, Shinjiro and Sueda, Shinjiro and Heymann, Ben},
 title = {Muscle Action VR: To Support Embodied Learning Foundations of Biomechanics in Musculoskeletal System},
 booktitle = {SIGGRAPH Asia 2018 Virtual \& Augmented Reality},
 series = {SA '18},
 year = {2018},
 isbn = {978-1-4503-6028-9},
 location = {Tokyo, Japan},
 pages = {12:1--12:2},
 articleno = {12},
 numpages = {2},
 url = {http://doi.acm.org/10.1145/3275495.3275505},
 doi = {10.1145/3275495.3275505},
 acmid = {3275505},
 publisher = {ACM},
 address = {New York, NY, USA},
 keywords = {anatomy education, biomechanics, embodied learning, muscle movement, virtual reality},
}

@inproceedings{Lowe:2019:TAM:3304221.3325600,
 author = {Lowe, Tony},
 title = {A Theory of Applied Mind of Programming: Understanding the Challenges in Learning to Program},
 booktitle = {Proceedings of the 2019 ACM Conference on Innovation and Technology in Computer Science Education},
 series = {ITiCSE '19},
 year = {2019},
 isbn = {978-1-4503-6301-3},
 location = {Aberdeen, Scotland Uk},
 pages = {340--341},
 numpages = {2},
 url = {http://doi.acm.org/10.1145/3304221.3325600},
 doi = {10.1145/3304221.3325600},
 acmid = {3325600},
 publisher = {ACM},
 address = {New York, NY, USA},
 keywords = {bruner, computer science, dual process theory, education, education theory, neuroscience, programming},
}

@inproceedings{Baker:2010:BFF:1854509.1854580,
 author = {Baker, Michael},
 title = {Buds, Flowers and Fruit: Potentialities for Guidance in Collaborative Argumentation-based Learning},
 booktitle = {Proceedings of the 9th International Conference of the Learning Sciences - Volume 2},
 series = {ICLS '10},
 year = {2010},
 location = {Chicago, Illinois},
 pages = {155--156},
 numpages = {2},
 url = {http://dl.acm.org/citation.cfm?id=1854509.1854580},
 acmid = {1854580},
 publisher = {International Society of the Learning Sciences},
}

@inproceedings{Stuetzer:2011:CID:2527031.2527045,
 author = {Stuetzer, Cathleen M. and Carley, Kathleen M. and Koehler, Thomas and Thiem, Gerhard},
 title = {The Communication Infrastructure During the Learning Process in Web Based Collaborative Learning Systems},
 booktitle = {Proceedings of the 3rd International Web Science Conference},
 series = {WebSci '11},
 year = {2011},
 isbn = {978-1-4503-0855-7},
 location = {Koblenz, Germany},
 pages = {17:1--17:8},
 articleno = {17},
 numpages = {8},
 url = {http://doi.acm.org/10.1145/2527031.2527045},
 doi = {10.1145/2527031.2527045},
 acmid = {2527045},
 publisher = {ACM},
 address = {New York, NY, USA},
 keywords = {communication roles, communities of practice (CoP), computer-supported collaborative learning (CSCL), emerging roles, learning networks, network position, relational content analysis, role analysis, social learning, social network analysis (SNA), web-based collaborative learning},
}

@inproceedings{Baker:1965:CPS:1463891.1464000,
 author = {Baker, Frank B.},
 title = {CASE: A Program for Simulation of Concept Learning},
 booktitle = {Proceedings of the November 30--December 1, 1965, Fall Joint Computer Conference, Part I},
 series = {AFIPS '65 (Fall, part I)},
 year = {1965},
 location = {Las Vegas, Nevada},
 pages = {979--984},
 numpages = {6},
 url = {http://doi.acm.org/10.1145/1463891.1464000},
 doi = {10.1145/1463891.1464000},
 acmid = {1464000},
 publisher = {ACM},
 address = {New York, NY, USA},
}

@inproceedings{Martin:2004:CSC:1149126.1149246,
 author = {Martin, Taylor},
 title = {Coevolution of Symbolic and Concrete Dimensions of Understanding},
 booktitle = {Proceedings of the 6th International Conference on Learning Sciences},
 series = {ICLS '04},
 year = {2004},
 location = {Santa Monica, California},
 pages = {622--622},
 numpages = {1},
 url = {http://dl.acm.org/citation.cfm?id=1149126.1149246},
 acmid = {1149246},
 publisher = {International Society of the Learning Sciences},
}

@incollection{Kay:1996:EHS:234286.1057828,
 author = {Kay, Alan C.},
 chapter = {The Early History of Smalltalk},
 title = {History of Programming languages---II},
 editor = {Bergin,Jr., Thomas J. and Gibson,Jr., Richard G.},
 year = {1996},
 isbn = {0-201-89502-1},
 pages = {511--598},
 numpages = {88},
 url = {http://doi.acm.org/10.1145/234286.1057828},
 doi = {10.1145/234286.1057828},
 acmid = {1057828},
 publisher = {ACM},
 address = {New York, NY, USA},
}

@inproceedings{Kay:1993:EHS:154766.155364,
 author = {Kay, Alan C.},
 title = {The Early History of Smalltalk},
 booktitle = {The Second ACM SIGPLAN Conference on History of Programming Languages},
 series = {HOPL-II},
 year = {1993},
 isbn = {0-89791-570-4},
 location = {Cambridge, Massachusetts, USA},
 pages = {69--95},
 numpages = {27},
 url = {http://doi.acm.org/10.1145/154766.155364},
 doi = {10.1145/154766.155364},
 acmid = {155364},
 publisher = {ACM},
 address = {New York, NY, USA},
}

@article{Kay:1993:EHS:155360.155364,
 author = {Kay, Alan C.},
 title = {The Early History of Smalltalk},
 journal = {SIGPLAN Not.},
 issue_date = {March 1993},
 volume = {28},
 number = {3},
 month = mar,
 year = {1993},
 issn = {0362-1340},
 pages = {69--95},
 numpages = {27},
 url = {http://doi.acm.org/10.1145/155360.155364},
 doi = {10.1145/155360.155364},
 acmid = {155364},
 publisher = {ACM},
 address = {New York, NY, USA},
}

