@inproceedings{Choi:2019:EWM:3295750.3298948,
 author = {Choi, Bogeum and Capra, Robert and Arguello, Jaime},
 title = {The Effects of Working Memory During Search Tasks of Varying Complexity},
 booktitle = {Proceedings of the 2019 Conference on Human Information Interaction and Retrieval},
 series = {CHIIR '19},
 year = {2019},
 isbn = {978-1-4503-6025-8},
 location = {Glasgow, Scotland UK},
 pages = {261--265},
 numpages = {5},
 url = {http://doi.acm.org/10.1145/3295750.3298948},
 doi = {10.1145/3295750.3298948},
 acmid = {3298948},
 publisher = {ACM},
 address = {New York, NY, USA},
 keywords = {search behavior, task complexity, working memory},
}

@inproceedings{MassoniSguerra:2017:OTT:3099023.3099052,
 author = {Massoni Sguerra, Bruno and Jouvelot, Pierre and Benveniste, Samuel},
 title = {Oblivion Tracking: Towards a Probabilistic Working Memory Model for the Adaptation of Systems to Alzheimer Patients},
 booktitle = {Adjunct Publication of the 25th Conference on User Modeling, Adaptation and Personalization},
 series = {UMAP '17},
 year = {2017},
 isbn = {978-1-4503-5067-9},
 location = {Bratislava, Slovakia},
 pages = {253--256},
 numpages = {4},
 url = {http://doi.acm.org/10.1145/3099023.3099052},
 doi = {10.1145/3099023.3099052},
 acmid = {3099052},
 publisher = {ACM},
 address = {New York, NY, USA},
 keywords = {alzheimer's disease, bayesian network, working memory},
}

@inproceedings{Gwizdka:2013:SST:2655780.2655926,
 author = {Gwizdka, Jacek},
 title = {Searchers Switch Tactics Under Increased Mental Load},
 booktitle = {Proceedings of the 76th ASIS\&T Annual Meeting: Beyond the Cloud: Rethinking Information Boundaries},
 series = {ASIST '13},
 year = {2013},
 isbn = {0-87715-545-3},
 location = {Montreal, Quebec, Canada},
 pages = {146:1--146:3},
 articleno = {146},
 numpages = {3},
 url = {http://dl.acm.org/citation.cfm?id=2655780.2655926},
 acmid = {2655926},
 publisher = {American Society for Information Science},
 address = {Silver Springs, MD, USA},
 keywords = {cognitive load, search tactics, working memory},
}

@inproceedings{Momen:2018:DWC:3183654.3183686,
 author = {Momen, Ali and Wiese, Eva},
 title = {Differences in Working-Memory Capacity Modulate Top-down Control of Social Attention},
 booktitle = {Proceedings of the Technology, Mind, and Society},
 series = {TechMindSociety '18},
 year = {2018},
 isbn = {978-1-4503-5420-2},
 location = {Washington, DC, USA},
 pages = {25:1--25:6},
 articleno = {25},
 numpages = {6},
 url = {http://doi.acm.org/10.1145/3183654.3183686},
 doi = {10.1145/3183654.3183686},
 acmid = {3183686},
 publisher = {ACM},
 address = {New York, NY, USA},
 keywords = {Gaze Cueing, Human-Robot Interaction, Working Memory},
}

@inproceedings{Blasko:2014:SPO:2611780.2581196,
 author = {Blasko, Dawn G. and Lum, Heather C. and Harris, Megan and Blasko Drabik, Holly and Halse, Shane},
 title = {Spatial Perception Orientation Task (SPOT): Developing an Accessible Tool for Measuring Spatial Working Memory.},
 booktitle = {Proceedings of the Extended Abstracts of the 32Nd Annual ACM Conference on Human Factors in Computing Systems},
 series = {CHI EA '14},
 year = {2014},
 isbn = {978-1-4503-2474-8},
 location = {Toronto, Ontario, Canada},
 pages = {1753--1758},
 numpages = {6},
 url = {http://doi.acm.org/10.1145/2559206.2581196},
 doi = {10.1145/2559206.2581196},
 acmid = {2581196},
 publisher = {ACM},
 address = {New York, NY, USA},
 keywords = {assessment, cognitive training, spatial cognition, working memory},
}

@inproceedings{Blasko:2014:SPO:2559206.2581196,
 author = {Blasko, Dawn G. and Lum, Heather C. and Harris, Megan and Blasko Drabik, Holly and Halse, Shane},
 title = {Spatial Perception Orientation Task (SPOT): Developing an Accessible Tool for Measuring Spatial Working Memory.},
 booktitle = {CHI '14 Extended Abstracts on Human Factors in Computing Systems},
 series = {CHI EA '14},
 year = {2014},
 isbn = {978-1-4503-2474-8},
 location = {Toronto, Ontario, Canada},
 pages = {1753--1758},
 numpages = {6},
 url = {http://doi.acm.org/10.1145/2559206.2581196},
 doi = {10.1145/2559206.2581196},
 acmid = {2581196},
 publisher = {ACM},
 address = {New York, NY, USA},
 keywords = {assessment, cognitive training, spatial cognition, working memory},
}

@inproceedings{Yau:2015:WMD:2702613.2732854,
 author = {Yau, Sze-yuen and Li, Simon Y.W.},
 title = {Working Memory and the Detection of Different Error Types: Novel Predictions for Error Detection},
 booktitle = {Proceedings of the 33rd Annual ACM Conference Extended Abstracts on Human Factors in Computing Systems},
 series = {CHI EA '15},
 year = {2015},
 isbn = {978-1-4503-3146-3},
 location = {Seoul, Republic of Korea},
 pages = {1031--1036},
 numpages = {6},
 url = {http://doi.acm.org/10.1145/2702613.2732854},
 doi = {10.1145/2702613.2732854},
 acmid = {2732854},
 publisher = {ACM},
 address = {New York, NY, USA},
 keywords = {error detection, human error, working memory},
}

@inproceedings{Gwizdka:2017:ISI:3020165.3022148,
 author = {Gwizdka, Jacek},
 title = {I Can and So I Search More: Effects Of Memory Span On Search Behavior},
 booktitle = {Proceedings of the 2017 Conference on Conference Human Information Interaction and Retrieval},
 series = {CHIIR '17},
 year = {2017},
 isbn = {978-1-4503-4677-1},
 location = {Oslo, Norway},
 pages = {341--344},
 numpages = {4},
 url = {http://doi.acm.org/10.1145/3020165.3022148},
 doi = {10.1145/3020165.3022148},
 acmid = {3022148},
 publisher = {ACM},
 address = {New York, NY, USA},
 keywords = {eye-tracking, mental effort, web search, working memory span.},
}

@inproceedings{Pan:2018:IFS:3281505.3281522,
 author = {Pan, Dandan and Xu, Qing and Ma, Shiqiang and Zhang, Kunlong},
 title = {The Impact of Fear of the Sea on Working Memory Performance: A Research Based on Virtual Reality},
 booktitle = {Proceedings of the 24th ACM Symposium on Virtual Reality Software and Technology},
 series = {VRST '18},
 year = {2018},
 isbn = {978-1-4503-6086-9},
 location = {Tokyo, Japan},
 pages = {38:1--38:9},
 articleno = {38},
 numpages = {9},
 url = {http://doi.acm.org/10.1145/3281505.3281522},
 doi = {10.1145/3281505.3281522},
 acmid = {3281522},
 publisher = {ACM},
 address = {New York, NY, USA},
 keywords = {fear of the sea, task performance, virtual reality, working memory},
}

@inproceedings{Stahl:2017:SML:3136755.3136773,
 author = {Stahl, Benjamin and Marentakis, Georgios},
 title = {Does Serial Memory of Locations Benefit from Spatially Congruent Audiovisual Stimuli? Investigating the Effect of Adding Spatial Sound to Visuospatial Sequences},
 booktitle = {Proceedings of the 19th ACM International Conference on Multimodal Interaction},
 series = {ICMI '17},
 year = {2017},
 isbn = {978-1-4503-5543-8},
 location = {Glasgow, UK},
 pages = {326--330},
 numpages = {5},
 url = {http://doi.acm.org/10.1145/3136755.3136773},
 doi = {10.1145/3136755.3136773},
 acmid = {3136773},
 publisher = {ACM},
 address = {New York, NY, USA},
 keywords = {Working memory, crossmodal space, modality-specific, spatial audio, supramodal},
}

@inproceedings{Alzubi:2018:IEC:3233824.3233826,
 author = {Alzubi, Tareq and Fern\'{a}ndez, Raquel and Flores, Juli\'{a}n and Duran, Montserrat and Cotos, Manuel},
 title = {Increasing Executive Capacities Through the Use of Interactive Tools Based on Gestures: Case Study},
 booktitle = {Proceedings of the XIX International Conference on Human Computer Interaction},
 series = {Interacci\&\#243;n 2018},
 year = {2018},
 isbn = {978-1-4503-6491-1},
 location = {Palma, Spain},
 pages = {32:1--32:2},
 articleno = {32},
 numpages = {2},
 url = {http://doi.acm.org/10.1145/3233824.3233826},
 doi = {10.1145/3233824.3233826},
 acmid = {3233826},
 publisher = {ACM},
 address = {New York, NY, USA},
 keywords = {Gesture Interactive Game-Based Learning, Human Computer Interact, Working Memory},
}

@inproceedings{Borst:2015:MID:2702123.2702156,
 author = {Borst, Jelmer P. and Taatgen, Niels A. and van Rijn, Hedderik},
 title = {What Makes Interruptions Disruptive?: A Process-Model Account of the Effects of the Problem State Bottleneck on Task Interruption and Resumption},
 booktitle = {Proceedings of the 33rd Annual ACM Conference on Human Factors in Computing Systems},
 series = {CHI '15},
 year = {2015},
 isbn = {978-1-4503-3145-6},
 location = {Seoul, Republic of Korea},
 pages = {2971--2980},
 numpages = {10},
 url = {http://doi.acm.org/10.1145/2702123.2702156},
 doi = {10.1145/2702123.2702156},
 acmid = {2702156},
 publisher = {ACM},
 address = {New York, NY, USA},
 keywords = {computational model, interruptions, multitasking, problem state, working memory},
}

@inproceedings{Thorpe:2019:AGI:3290688.3290749,
 author = {Thorpe, Alexander and Nesbitt, Keith and Eidels, Ami},
 title = {Assessing Game Interface Workload and Usability: A Cognitive Science Perspective},
 booktitle = {Proceedings of the Australasian Computer Science Week Multiconference},
 series = {ACSW 2019},
 year = {2019},
 isbn = {978-1-4503-6603-8},
 location = {Sydney, NSW, Australia},
 pages = {44:1--44:8},
 articleno = {44},
 numpages = {8},
 url = {http://doi.acm.org/10.1145/3290688.3290749},
 doi = {10.1145/3290688.3290749},
 acmid = {3290749},
 publisher = {ACM},
 address = {New York, NY, USA},
 keywords = {Cognitive workload, dynamic difficulty, multitasking, usability, working memory},
}

@article{Huguenard:1997:WFP:254945.254947,
 author = {Huguenard, Brian R. and Lerch, F. Javier and Junker, Brian W. and Patz, Richard J. and Kass, Robert E.},
 title = {Working-memory Failure in Phone-based Interaction},
 journal = {ACM Trans. Comput.-Hum. Interact.},
 issue_date = {June 1997},
 volume = {4},
 number = {2},
 month = jun,
 year = {1997},
 issn = {1073-0516},
 pages = {67--102},
 numpages = {36},
 url = {http://doi.acm.org/10.1145/254945.254947},
 doi = {10.1145/254945.254947},
 acmid = {254947},
 publisher = {ACM},
 address = {New York, NY, USA},
 keywords = {auditory menu, cognitive model, individual differences, user error, working memory},
}

@inproceedings{Mizobuchi:2011:CEF:2381416.2381437,
 author = {Mizobuchi, Sachi and Chignell, Mark and Suzuki, Junko and Koga, Ko and Nawa, Kazunari},
 title = {Central Executive Functions Likely Mediate the Impact of Device Operation when Driving},
 booktitle = {Proceedings of the 3rd International Conference on Automotive User Interfaces and Interactive Vehicular Applications},
 series = {AutomotiveUI '11},
 year = {2011},
 isbn = {978-1-4503-1231-8},
 location = {Salzburg, Austria},
 pages = {129--136},
 numpages = {8},
 url = {http://doi.acm.org/10.1145/2381416.2381437},
 doi = {10.1145/2381416.2381437},
 acmid = {2381437},
 publisher = {ACM},
 address = {New York, NY, USA},
 keywords = {central executive, in-vehicle information device, mental workload, working memory},
}

@inproceedings{Haroz:2015:IVW:2702123.2702275,
 author = {Haroz, Steve and Kosara, Robert and Franconeri, Steven L.},
 title = {ISOTYPE Visualization: Working Memory, Performance, and Engagement with Pictographs},
 booktitle = {Proceedings of the 33rd Annual ACM Conference on Human Factors in Computing Systems},
 series = {CHI '15},
 year = {2015},
 isbn = {978-1-4503-3145-6},
 location = {Seoul, Republic of Korea},
 pages = {1191--1200},
 numpages = {10},
 url = {http://doi.acm.org/10.1145/2702123.2702275},
 doi = {10.1145/2702123.2702275},
 acmid = {2702275},
 publisher = {ACM},
 address = {New York, NY, USA},
 keywords = {embellishment, isotype, pictograph, psychophysics, user performance, visualization, working memory},
}

@inproceedings{Gwizdka:2013:EWM:2500342.2500358,
 author = {Gwizdka, Jacek},
 title = {Effects of Working Memory Capacity on Users' Search Effort},
 booktitle = {Proceedings of the International Conference on Multimedia, Interaction, Design and Innovation},
 series = {MIDI '13},
 year = {2013},
 isbn = {978-1-4503-2303-1},
 location = {Warsaw, Poland},
 pages = {11:1--11:8},
 articleno = {11},
 numpages = {8},
 url = {http://doi.acm.org/10.1145/2500342.2500358},
 doi = {10.1145/2500342.2500358},
 acmid = {2500358},
 publisher = {ACM},
 address = {New York, NY, USA},
 keywords = {cognitive abilities, cognitive load, search user interface, working memory},
}

@inproceedings{Wolters:2012:HTS:2212776.2223703,
 author = {Wolters, Maria and Isaac, Karl and Doherty, Jason},
 title = {Hold That Thought: Are Spearcons Less Disruptive Than Spoken Reminders?},
 booktitle = {CHI '12 Extended Abstracts on Human Factors in Computing Systems},
 series = {CHI EA '12},
 year = {2012},
 isbn = {978-1-4503-1016-1},
 location = {Austin, Texas, USA},
 pages = {1745--1750},
 numpages = {6},
 url = {http://doi.acm.org/10.1145/2212776.2223703},
 doi = {10.1145/2212776.2223703},
 acmid = {2223703},
 publisher = {ACM},
 address = {New York, NY, USA},
 keywords = {irrelevant speech effect, reminders, spearcon, speech, working memory},
}

@inproceedings{Byrne:1996:CTW:257089.257117,
 author = {Byrne, Michael D.},
 title = {A Computational Theory of Working Memory},
 booktitle = {Conference Companion on Human Factors in Computing Systems},
 series = {CHI '96},
 year = {1996},
 isbn = {0-89791-832-0},
 location = {Vancouver, British Columbia, Canada},
 pages = {31--32},
 numpages = {2},
 url = {http://doi.acm.org/10.1145/257089.257117},
 doi = {10.1145/257089.257117},
 acmid = {257117},
 publisher = {ACM},
 address = {New York, NY, USA},
}

@inproceedings{Collander:2017:IRV:3056540.3076182,
 author = {Collander, Christopher and Tompkins, Joseph and Lioulemes, Alexandros and Theofanidis, Michail and Sharifara, Ali and Makedon, Fillia},
 title = {An Interactive Robot-based Vocational Assessment Game Using Lego Assembly},
 booktitle = {Proceedings of the 10th International Conference on PErvasive Technologies Related to Assistive Environments},
 series = {PETRA '17},
 year = {2017},
 isbn = {978-1-4503-5227-7},
 location = {Island of Rhodes, Greece},
 pages = {346--353},
 numpages = {8},
 url = {http://doi.acm.org/10.1145/3056540.3076182},
 doi = {10.1145/3056540.3076182},
 acmid = {3076182},
 publisher = {ACM},
 address = {New York, NY, USA},
 keywords = {Automated Working Memory Assessment, Computer Vision, Human robot interaction, Interactive Machine Learning, Vocational Environment},
}

@inproceedings{Welk:2015:SGI:2746194.2746204,
 author = {Welk, Allaire K. and Mayhorn, Christopher B.},
 title = {All Signals Go: Investigating How Individual Differences Affect Performance on a Medical Diagnosis Task Designed to Parallel a Signals Intelligence Analyst Task},
 booktitle = {Proceedings of the 2015 Symposium and Bootcamp on the Science of Security},
 series = {HotSoS '15},
 year = {2015},
 isbn = {978-1-4503-3376-4},
 location = {Urbana, Illinois},
 pages = {10:1--10:5},
 articleno = {10},
 numpages = {5},
 url = {http://doi.acm.org/10.1145/2746194.2746204},
 doi = {10.1145/2746194.2746204},
 acmid = {2746204},
 publisher = {ACM},
 address = {New York, NY, USA},
 keywords = {cognition, decision-making, experience, individual differences, information search, security, signals intelligence, working memory},
}

@inproceedings{Mahardhika:2014:MBM:2637248.2637277,
 author = {Mahardhika, Dipta and Kanno, Taro and Furuta, Kazuo},
 title = {Mutual Belief and Mental Subgrouping: How Team is Mentally Modeled in Members' Mind},
 booktitle = {Proceedings of the 2014 European Conference on Cognitive Ergonomics},
 series = {ECCE '14},
 year = {2014},
 isbn = {978-1-4503-2874-6},
 location = {Vienna, Austria},
 pages = {14:1--14:10},
 articleno = {14},
 numpages = {10},
 url = {http://doi.acm.org/10.1145/2637248.2637277},
 doi = {10.1145/2637248.2637277},
 acmid = {2637277},
 publisher = {ACM},
 address = {New York, NY, USA},
 keywords = {Team cognition, mental subgrouping, mutual belief, team cognition model, working memory capacity},
}

@inproceedings{Higgins:2010:HTD:1962300.1962308,
 author = {Higgins, Peter G and Glasgow, Adam},
 title = {Home Technology Design for the Cognitively Impaired},
 booktitle = {Proceedings of the 28th Annual European Conference on Cognitive Ergonomics},
 series = {ECCE '10},
 year = {2010},
 isbn = {978-1-60558-946-6},
 location = {Delft, Netherlands},
 pages = {23--26},
 numpages = {4},
 url = {http://doi.acm.org/10.1145/1962300.1962308},
 doi = {10.1145/1962300.1962308},
 acmid = {1962308},
 publisher = {ACM},
 address = {New York, NY, USA},
 keywords = {cognitive impairment, domestic appliances, elderly, gerontechnology, human-machine system, mental model, working memory},
}

@inproceedings{Fass:2002:MMT:778712.778754,
 author = {Fass, Adam and Forlizzi, Jodi and Pausch, Randy},
 title = {MessyDesk and MessyBoard: Two Designs Inspired by the Goal of Improving Human Memory},
 booktitle = {Proceedings of the 4th Conference on Designing Interactive Systems: Processes, Practices, Methods, and Techniques},
 series = {DIS '02},
 year = {2002},
 isbn = {1-58113-515-7},
 location = {London, England},
 pages = {303--311},
 numpages = {9},
 url = {http://doi.acm.org/10.1145/778712.778754},
 doi = {10.1145/778712.778754},
 acmid = {778754},
 publisher = {ACM},
 address = {New York, NY, USA},
 keywords = {Info Cockpit, ambient displays, computer-supported, cooperative work, decoration, instant messaging, memory},
}

@inproceedings{vanBerkel:2019:CSA:3290605.3300281,
 author = {van Berkel, Niels and Goncalves, Jorge and Koval, Peter and Hosio, Simo and Dingler, Tilman and Ferreira, Denzil and Kostakos, Vassilis},
 title = {Context-Informed Scheduling and Analysis: Improving Accuracy of Mobile Self-Reports},
 booktitle = {Proceedings of the 2019 CHI Conference on Human Factors in Computing Systems},
 series = {CHI '19},
 year = {2019},
 isbn = {978-1-4503-5970-2},
 location = {Glasgow, Scotland Uk},
 pages = {51:1--51:12},
 articleno = {51},
 numpages = {12},
 url = {http://doi.acm.org/10.1145/3290605.3300281},
 doi = {10.1145/3290605.3300281},
 acmid = {3300281},
 publisher = {ACM},
 address = {New York, NY, USA},
 keywords = {cognition, context, data quality, ecological momentary assessment, ema, esm, experience sampling method, questionnaires, smartphones, working memory},
}

@inproceedings{Li:2018:SIE:3173574.3174017,
 author = {Li, Beibin and Atyabi, Adham and Kim, Minah and Barney, Erin and Ahn, Amy Yeojin and Luo, Yawen and Aubertine, Madeline and Corrigan, Sarah and St. John, Tanya and Wang, Quan and Mademtzi, Marilena and Best, Mary and Shic, Frederick},
 title = {Social Influences on Executive Functioning in Autism: Design of a Mobile Gaming Platform},
 booktitle = {Proceedings of the 2018 CHI Conference on Human Factors in Computing Systems},
 series = {CHI '18},
 year = {2018},
 isbn = {978-1-4503-5620-6},
 location = {Montreal QC, Canada},
 pages = {443:1--443:13},
 articleno = {443},
 numpages = {13},
 url = {http://doi.acm.org/10.1145/3173574.3174017},
 doi = {10.1145/3173574.3174017},
 acmid = {3174017},
 publisher = {ACM},
 address = {New York, NY, USA},
 keywords = {autism, executive functioning, game, inhibitory control, mobile application, shifting, working memory},
}

@inproceedings{Chen:2018:IFC:3278198.3278200,
 author = {Chen, Hongbo and Fan, Lin and Jiang, Wenyu and Hu, Yueqiang},
 title = {Increased Functional Connectivity After Acupuncture Treatment for Patients with Post-Stroke Depression},
 booktitle = {Proceedings of the 2Nd International Conference on Biomedical Engineering and Bioinformatics},
 series = {ICBEB 2018},
 year = {2018},
 isbn = {978-1-4503-6506-2},
 location = {Tianjin, China},
 pages = {78--84},
 numpages = {7},
 url = {http://doi.acm.org/10.1145/3278198.3278200},
 doi = {10.1145/3278198.3278200},
 acmid = {3278200},
 publisher = {ACM},
 address = {New York, NY, USA},
 keywords = {acupuncture, functional connectivity, functional magnetic resonance imaging, post-stroke depression, resting state, sensorimotor, working memory},
}

@inproceedings{Reddy:2010:ECA:1952222.1952259,
 author = {Reddy, Gudur Raghavendra and Blackler, Alethea and Mahar, Doug and Popovic, Vesna},
 title = {The Effects of Cognitive Ageing on Use of Complex Interfaces},
 booktitle = {Proceedings of the 22Nd Conference of the Computer-Human Interaction Special Interest Group of Australia on Computer-Human Interaction},
 series = {OZCHI '10},
 year = {2010},
 isbn = {978-1-4503-0502-0},
 location = {Brisbane, Australia},
 pages = {180--183},
 numpages = {4},
 url = {http://doi.acm.org/10.1145/1952222.1952259},
 doi = {10.1145/1952222.1952259},
 acmid = {1952259},
 publisher = {ACM},
 address = {New York, NY, USA},
 keywords = {ageing, attention, central executive function, complex interfaces, prior-experience, working memory},
}

@inproceedings{MassoniSguerra:2019:UHW:3320435.3320443,
 author = {Massoni Sguerra, Bruno and Jouvelot, Pierre},
 title = {\&\#34;An Unscented Hound for Working Memory\&\#34; and the Cognitive Adaptation of User Interfaces},
 booktitle = {Proceedings of the 27th ACM Conference on User Modeling, Adaptation and Personalization},
 series = {UMAP '19},
 year = {2019},
 isbn = {978-1-4503-6021-0},
 location = {Larnaca, Cyprus},
 pages = {78--85},
 numpages = {8},
 url = {http://doi.acm.org/10.1145/3320435.3320443},
 doi = {10.1145/3320435.3320443},
 acmid = {3320443},
 publisher = {ACM},
 address = {New York, NY, USA},
 keywords = {cognitive adaptation, gradient boosting, ui adaptation, unscented kalman filter, working memory},
}

@inproceedings{Bonny:2016:UIG:2858036.2858190,
 author = {Bonny, Justin W. and Castaneda, Lisa M. and Swanson, Tom},
 title = {Using an International Gaming Tournament to Study Individual Differences in MOBA Expertise and Cognitive Skills},
 booktitle = {Proceedings of the 2016 CHI Conference on Human Factors in Computing Systems},
 series = {CHI '16},
 year = {2016},
 isbn = {978-1-4503-3362-7},
 location = {San Jose, California, USA},
 pages = {3473--3484},
 numpages = {12},
 url = {http://doi.acm.org/10.1145/2858036.2858190},
 doi = {10.1145/2858036.2858190},
 acmid = {2858190},
 publisher = {ACM},
 address = {New York, NY, USA},
 keywords = {cognitive skills, gaming expertise, individual differences, moba, spatial memory, working memory},
}

@inproceedings{Raptis:2018:TCP:3170427.3190613,
 author = {Raptis, George E. and Fidas, Christos A. and Katsini, Christina and Avouris, Nikolaos M.},
 title = {Towards a Cognition-Centered Personalization Framework for Cultural-Heritage Content},
 booktitle = {Extended Abstracts of the 2018 CHI Conference on Human Factors in Computing Systems},
 series = {CHI EA '18},
 year = {2018},
 isbn = {978-1-4503-5621-3},
 location = {Montreal QC, Canada},
 pages = {LBW011:1--LBW011:6},
 articleno = {LBW011},
 numpages = {6},
 url = {http://doi.acm.org/10.1145/3170427.3190613},
 doi = {10.1145/3170427.3190613},
 acmid = {3190613},
 publisher = {ACM},
 address = {New York, NY, USA},
 keywords = {cultural heritage, human cognition, individual cognitive differences, personalization, virtual gallery exhibition, visual working memory},
}

@inproceedings{Plumlee:2002:ZMW:1556262.1556270,
 author = {Plumlee, Matthew and Ware, Colin},
 title = {Zooming, Multiple Windows, and Visual Working Memory},
 booktitle = {Proceedings of the Working Conference on Advanced Visual Interfaces},
 series = {AVI '02},
 year = {2002},
 isbn = {1-58113-537-8},
 location = {Trento, Italy},
 pages = {59--68},
 numpages = {10},
 url = {http://doi.acm.org/10.1145/1556262.1556270},
 doi = {10.1145/1556262.1556270},
 acmid = {1556270},
 publisher = {ACM},
 address = {New York, NY, USA},
 keywords = {focus-in-context, interaction design, multiple windows, multiscale, multiscale comparison, visual working memory, zooming},
}

@inproceedings{Kerne:2004:IDF:1013115.1013179,
 author = {Kerne, Andruid and Smith, Steven M.},
 title = {The Information Discovery Framework},
 booktitle = {Proceedings of the 5th Conference on Designing Interactive Systems: Processes, Practices, Methods, and Techniques},
 series = {DIS '04},
 year = {2004},
 isbn = {1-58113-787-7},
 location = {Cambridge, MA, USA},
 pages = {357--360},
 numpages = {4},
 url = {http://doi.acm.org/10.1145/1013115.1013179},
 doi = {10.1145/1013115.1013179},
 acmid = {1013179},
 publisher = {ACM},
 address = {New York, NY, USA},
 keywords = {berrypicking, divergent thinking, information foraging, information seeking, mental models, working memory},
}

@article{Plumlee:2006:ZVM:1165734.1165736,
 author = {Plumlee, Matthew D. and Ware, Colin},
 title = {Zooming Versus Multiple Window Interfaces: Cognitive Costs of Visual Comparisons},
 journal = {ACM Trans. Comput.-Hum. Interact.},
 issue_date = {June 2006},
 volume = {13},
 number = {2},
 month = jun,
 year = {2006},
 issn = {1073-0516},
 pages = {179--209},
 numpages = {31},
 url = {http://doi.acm.org/10.1145/1165734.1165736},
 doi = {10.1145/1165734.1165736},
 acmid = {1165736},
 publisher = {ACM},
 address = {New York, NY, USA},
 keywords = {Multiple windows, focus-in-context, interaction design, multiscale, multiscale comparison, visual working memory, zooming},
}

@inproceedings{Shaban:2019:LDF:3290607.3312806,
 author = {Shaban, Adel and Pearson, Elaine},
 title = {A Learning Design Framework to Support Children with Learning Disabilities Incorporating Gamification Techniques},
 booktitle = {Extended Abstracts of the 2019 CHI Conference on Human Factors in Computing Systems},
 series = {CHI EA '19},
 year = {2019},
 isbn = {978-1-4503-5971-9},
 location = {Glasgow, Scotland Uk},
 pages = {LBW0284:1--LBW0284:6},
 articleno = {LBW0284},
 numpages = {6},
 url = {http://doi.acm.org/10.1145/3290607.3312806},
 doi = {10.1145/3290607.3312806},
 acmid = {3312806},
 publisher = {ACM},
 address = {New York, NY, USA},
 keywords = {HCI, cognitive load, design guidelines, gamification framework, gamification techniques, learning disabilities, user-centered, working memory},
}

@inproceedings{Jameson:1998:MSS:291080.291094,
 author = {Jameson, Anthony and Sch\"{a}fer, Ralph and Weis, Thomas and Berthold, Andr{\'e} and Weyrath, Thomas},
 title = {Making Systems Sensitive to the User's Time and  Working Memory Constraints},
 booktitle = {Proceedings of the 4th International Conference on Intelligent User Interfaces},
 series = {IUI '99},
 year = {1999},
 isbn = {1-58113-098-8},
 location = {Los Angeles, California, USA},
 pages = {79--86},
 numpages = {8},
 url = {http://doi.acm.org/10.1145/291080.291094},
 doi = {10.1145/291080.291094},
 acmid = {291094},
 publisher = {ACM},
 address = {New York, NY, USA},
 keywords = {Bayesian networks, adaptive systems, natural language, time presure, user modeling, working memory},
}

@inproceedings{Johansen:2016:ODH:2968219.2968327,
 author = {Johansen, Benjamin and Petersen, Michael Kai and Larsen, Jakob Eg},
 title = {Obtaining Data on Hearing Experience Through Self-tracking},
 booktitle = {Proceedings of the 2016 ACM International Joint Conference on Pervasive and Ubiquitous Computing: Adjunct},
 series = {UbiComp '16},
 year = {2016},
 isbn = {978-1-4503-4462-3},
 location = {Heidelberg, Germany},
 pages = {594--599},
 numpages = {6},
 url = {http://doi.acm.org/10.1145/2968219.2968327},
 doi = {10.1145/2968219.2968327},
 acmid = {2968327},
 publisher = {ACM},
 address = {New York, NY, USA},
 keywords = {cognition, hearing aids, non-clinical setup, personal informatics, quantified self, smartphone, wearables, working memory capacity},
}

@inproceedings{Yun:2014:ESC:2557977.2558027,
 author = {Yun, Hongoak and Nam, Yunju and Lee, Byeong-Taek},
 title = {Expectation-based Sentence Comprehension in Korean: Evidence from Behavioral and Neurological Studies},
 booktitle = {Proceedings of the 8th International Conference on Ubiquitous Information Management and Communication},
 series = {ICUIMC '14},
 year = {2014},
 isbn = {978-1-4503-2644-5},
 location = {Siem Reap, Cambodia},
 pages = {94:1--94:8},
 articleno = {94},
 numpages = {8},
 url = {http://doi.acm.org/10.1145/2557977.2558027},
 doi = {10.1145/2557977.2558027},
 acmid = {2558027},
 publisher = {ACM},
 address = {New York, NY, USA},
 keywords = {Korean, brain localization, expectation, fMRI, human sentence processing, individual differences, working memory capacity},
}

@inproceedings{Oulasvirta:2009:ERP:1690508.1690548,
 author = {Oulasvirta, Antti and Ericsson, K. Anders},
 title = {Effects of Repetitive Practice on Interruption Costs: An Empirical Review and Theoretical Implications},
 booktitle = {European Conference on Cognitive Ergonomics: Designing Beyond the Product --- Understanding Activity and User Experience in Ubiquitous Environments},
 series = {ECCE '09},
 year = {2009},
 isbn = {978-951-38-6340-1},
 location = {Helsinki, Finland},
 pages = {28:1--28:9},
 articleno = {28},
 numpages = {9},
 url = {http://dl.acm.org/citation.cfm?id=1690508.1690548},
 acmid = {1690548},
 publisher = {VTT Technical Research Centre of Finland},
 address = {VTT, Finland, Finland},
 keywords = {human--computer interaction, interruptions, long-term memory, repetitive practice, working memory},
}

@inproceedings{Noah:2011:MPW:2159365.2159412,
 author = {Noah, J. Adam and Tachibana, Atsumichi and Bronner, Shaw},
 title = {Multi-core Processing Within the Frontal Lobe},
 booktitle = {Proceedings of the 6th International Conference on Foundations of Digital Games},
 series = {FDG '11},
 year = {2011},
 isbn = {978-1-4503-0804-5},
 location = {Bordeaux, France},
 pages = {280--282},
 numpages = {3},
 url = {http://doi.acm.org/10.1145/2159365.2159412},
 doi = {10.1145/2159365.2159412},
 acmid = {2159412},
 publisher = {ACM},
 address = {New York, NY, USA},
 keywords = {brain, dance dance revolution, executive function, fMRI, video game, working memory},
}

@inproceedings{Chang:2018:MEW:3176349.3176355,
 author = {Chang, Yung-Sheng},
 title = {The Moderator Effect of Working Memory and Emotion on the Relationship Between Information Overload and Online Health Information Quality Judgment},
 booktitle = {Proceedings of the 2018 Conference on Human Information Interaction \& Retrieval},
 series = {CHIIR '18},
 year = {2018},
 isbn = {978-1-4503-4925-3},
 location = {New Brunswick, NJ, USA},
 pages = {345--347},
 numpages = {3},
 url = {http://doi.acm.org/10.1145/3176349.3176355},
 doi = {10.1145/3176349.3176355},
 acmid = {3176355},
 publisher = {ACM},
 address = {New York, NY, USA},
 keywords = {health information, information overload, information processing theory, quality judgment., working memory},
}

@inproceedings{Park:2015:ETI:2701126.2701198,
 author = {Park, Seyoung and Shin, Donghee},
 title = {Effects of Text Input System on Learner's Memory: Handwriting Versus Typing on Tablet PC},
 booktitle = {Proceedings of the 9th International Conference on Ubiquitous Information Management and Communication},
 series = {IMCOM '15},
 year = {2015},
 isbn = {978-1-4503-3377-1},
 location = {Bali, Indonesia},
 pages = {30:1--30:4},
 articleno = {30},
 numpages = {4},
 url = {http://doi.acm.org/10.1145/2701126.2701198},
 doi = {10.1145/2701126.2701198},
 acmid = {2701198},
 publisher = {ACM},
 address = {New York, NY, USA},
 keywords = {automaticity, handwriting, learning, motor-perceptual interactions, recall, recognition, tablet PC, typing, working memory},
}

@inproceedings{AlagaraiSampath:2014:CIT:2556288.2557155,
 author = {Alagarai Sampath, Harini and Rajeshuni, Rajeev and Indurkhya, Bipin},
 title = {Cognitively Inspired Task Design to Improve User Performance on Crowdsourcing Platforms},
 booktitle = {Proceedings of the SIGCHI Conference on Human Factors in Computing Systems},
 series = {CHI '14},
 year = {2014},
 isbn = {978-1-4503-2473-1},
 location = {Toronto, Ontario, Canada},
 pages = {3665--3674},
 numpages = {10},
 url = {http://doi.acm.org/10.1145/2556288.2557155},
 doi = {10.1145/2556288.2557155},
 acmid = {2557155},
 publisher = {ACM},
 address = {New York, NY, USA},
 keywords = {cognitive psychology, crowdsourcing, eye tracking, mechanical turk, task design, visual saliency, working memory},
}

@inproceedings{AlagaraiSampath:2014:CIT:2611222.2557155,
 author = {Alagarai Sampath, Harini and Rajeshuni, Rajeev and Indurkhya, Bipin},
 title = {Cognitively Inspired Task Design to Improve User Performance on Crowdsourcing Platforms},
 booktitle = {Proceedings of the 32Nd Annual ACM Conference on Human Factors in Computing Systems},
 series = {CHI '14},
 year = {2014},
 isbn = {978-1-4503-2473-1},
 location = {Toronto, Ontario, Canada},
 pages = {3665--3674},
 numpages = {10},
 url = {http://doi.acm.org/10.1145/2556288.2557155},
 doi = {10.1145/2556288.2557155},
 acmid = {2557155},
 publisher = {ACM},
 address = {New York, NY, USA},
 keywords = {cognitive psychology, crowdsourcing, eye tracking, mechanical turk, task design, visual saliency, working memory},
}

@article{Arguello:2019:EWM:3320115.3322128,
 author = {Arguello, Jaime and Choi, Bogeum},
 title = {The Effects of Working Memory, Perceptual Speed, and Inhibition in Aggregated Search},
 journal = {ACM Trans. Inf. Syst.},
 issue_date = {July 2019},
 volume = {37},
 number = {3},
 month = may,
 year = {2019},
 issn = {1046-8188},
 pages = {36:1--36:34},
 articleno = {36},
 numpages = {34},
 url = {http://doi.acm.org/10.1145/3322128},
 doi = {10.1145/3322128},
 acmid = {3322128},
 publisher = {ACM},
 address = {New York, NY, USA},
 keywords = {Cognitive abilities, aggregated search, inhibition, perceptual speed, search behaviors, user engagement, working memory, workload},
}

@inproceedings{Howes:1994:MAM:191666.191820,
 author = {Howes, Andrew},
 title = {A Model of the Acquisition of Menu Knowledge by Exploration},
 booktitle = {Proceedings of the SIGCHI Conference on Human Factors in Computing Systems},
 series = {CHI '94},
 year = {1994},
 isbn = {0-89791-650-6},
 location = {Boston, Massachusetts, USA},
 pages = {445--451},
 numpages = {7},
 url = {http://doi.acm.org/10.1145/191666.191820},
 doi = {10.1145/191666.191820},
 acmid = {191820},
 publisher = {ACM},
 address = {New York, NY, USA},
 keywords = {cognitive models, display-based knowledge, exploratory learning, menus, practice, working memory},
}

@inproceedings{Oulasvirta:2005:ICD:1056808.1056843,
 author = {Oulasvirta, Antti},
 title = {Interrupted Cognition and Design for Non-disruptiveness: The Skilled Memory Approach},
 booktitle = {CHI '05 Extended Abstracts on Human Factors in Computing Systems},
 series = {CHI EA '05},
 year = {2005},
 isbn = {1-59593-002-7},
 location = {Portland, OR, USA},
 pages = {1124--1125},
 numpages = {2},
 url = {http://doi.acm.org/10.1145/1056808.1056843},
 doi = {10.1145/1056808.1056843},
 acmid = {1056843},
 publisher = {ACM},
 address = {New York, NY, USA},
 keywords = {attention, interruptions, long-term working memory, memory skills, user interface design},
}

@inproceedings{Guntz:2018:REP:3279810.3279846,
 author = {Guntz, Thomas and Crowley, James L. and Vaufreydaz, Dominique and Balzarini, Raffaella and Dessus, Philippe},
 title = {The Role of Emotion in Problem Solving: First Results from Observing Chess},
 booktitle = {Proceedings of the Workshop on Modeling Cognitive Processes from Multimodal Data},
 series = {MCPMD '18},
 year = {2016},
 isbn = {978-1-4503-6072-2},
 location = {Boulder, Colorado},
 pages = {12:1--12:8},
 articleno = {12},
 numpages = {8},
 url = {http://doi.acm.org/10.1145/3279810.3279846},
 doi = {10.1145/3279810.3279846},
 acmid = {3279846},
 publisher = {ACM},
 address = {New York, NY, USA},
 keywords = {chess, chunking, cognitive models, multimodal observation of gaze and emotion, situation models, working memory},
}

@inproceedings{Cakir:2015:OBI:2793107.2793133,
 author = {Cakir, Murat Perit and \c{C}akir, Nur Akku\c{s} and Ayaz, Hasan and Lee, Frank J.},
 title = {An Optical Brain Imaging Study on the Improvements in Mathematical Fluency from Game-based Learning},
 booktitle = {Proceedings of the 2015 Annual Symposium on Computer-Human Interaction in Play},
 series = {CHI PLAY '15},
 year = {2015},
 isbn = {978-1-4503-3466-2},
 location = {London, United Kingdom},
 pages = {209--219},
 numpages = {11},
 url = {http://doi.acm.org/10.1145/2793107.2793133},
 doi = {10.1145/2793107.2793133},
 acmid = {2793133},
 publisher = {ACM},
 address = {New York, NY, USA},
 keywords = {computational fluency, educational games, functional near-infrared spectroscopy, math education, working memory},
}

@inproceedings{Miura:2019:CWI:3297280.3299746,
 author = {Miura, Takahiro and Yabu, Ken-ichiro and Shimizu, Youji and Tanaka, Kenichi and Furukawa, Masamitsu and Michiyoshi, Seiko and Yamamoto, Tetsuya and Ueda, Kazutaka and Ifukube, Tohru},
 title = {Cognitive Workload of In-car Auditory-vocal Interfaces on Visuospatial Sketchpad Based on a Dual Task of Visual Pattern Test},
 booktitle = {Proceedings of the 34th ACM/SIGAPP Symposium on Applied Computing},
 series = {SAC '19},
 year = {2019},
 isbn = {978-1-4503-5933-7},
 location = {Limassol, Cyprus},
 pages = {2319--2327},
 numpages = {9},
 url = {http://doi.acm.org/10.1145/3297280.3299746},
 doi = {10.1145/3297280.3299746},
 acmid = {3299746},
 publisher = {ACM},
 address = {New York, NY, USA},
 keywords = {driver distraction, in-vehicle information system, visuospatial sketchpad, voice command operations, working memory},
}

@article{Kosch:2018:ICA:3233739.3229093,
 author = {Kosch, Thomas and Funk, Markus and Schmidt, Albrecht and Chuang, Lewis L.},
 title = {Identifying Cognitive Assistance with Mobile Electroencephalography: A Case Study with In-Situ Projections for Manual Assembly},
 journal = {Proc. ACM Hum.-Comput. Interact.},
 issue_date = {June 2018},
 volume = {2},
 number = {EICS},
 month = jun,
 year = {2018},
 issn = {2573-0142},
 pages = {11:1--11:20},
 articleno = {11},
 numpages = {20},
 url = {http://doi.acm.org/10.1145/3229093},
 doi = {10.1145/3229093},
 acmid = {3229093},
 publisher = {ACM},
 address = {New York, NY, USA},
 keywords = {assistive technology, cognition-aware computing, cognitive workload, electroencephalography, working memory, workload-aware computing},
}

@inproceedings{MacFarlane:2012:PWM:2362724.2362734,
 author = {MacFarlane, A. and Albrair, A. and Marshall, C. R. and Buchanan, G.},
 title = {Phonological Working Memory Impacts on Information Searching: An Investigation of Dyslexia},
 booktitle = {Proceedings of the 4th Information Interaction in Context Symposium},
 series = {IIIX '12},
 year = {2012},
 isbn = {978-1-4503-1282-0},
 location = {Nijmegen, The Netherlands},
 pages = {27--34},
 numpages = {8},
 url = {http://doi.acm.org/10.1145/2362724.2362734},
 doi = {10.1145/2362724.2362734},
 acmid = {2362734},
 publisher = {ACM},
 address = {New York, NY, USA},
 keywords = {disabilities, dyslexia, information searching, search sessions},
}

@inproceedings{Ghosh:2015:ESW:2708463.2709065,
 author = {Ghosh, Poulami and Mazumder, Ankita and Bhattacharyya, Saugat and Tibarewala, D. N.},
 title = {An EEG Study on Working Memory and Cognition},
 booktitle = {Proceedings of the 2Nd International Conference on Perception and Machine Intelligence},
 series = {PerMIn '15},
 year = {2015},
 isbn = {978-1-4503-2002-3},
 location = {Kolkata, West Bengal, India},
 pages = {21--26},
 numpages = {6},
 url = {http://doi.acm.org/10.1145/2708463.2709065},
 doi = {10.1145/2708463.2709065},
 acmid = {2709065},
 publisher = {ACM},
 address = {New York, NY, USA},
 keywords = {Cognition, Electroencephalography, Memory, Recognition, Support Vector Machine, Wavelet Transform},
}

@inproceedings{Hossain:2011:CLU:2038476.2038503,
 author = {Hossain, Gahangir and Shaik, Akbar S. and Yeasin, Mohammed},
 title = {Cognitive Load and Usability Analysis of R-MAP for the People Who Are Blind or Visual Impaired},
 booktitle = {Proceedings of the 29th ACM International Conference on Design of Communication},
 series = {SIGDOC '11},
 year = {2011},
 isbn = {978-1-4503-0936-3},
 location = {Pisa, Italy},
 pages = {137--144},
 numpages = {8},
 url = {http://doi.acm.org/10.1145/2038476.2038503},
 doi = {10.1145/2038476.2038503},
 acmid = {2038503},
 publisher = {ACM},
 address = {New York, NY, USA},
 keywords = {android phone, assistive technology, cognitive load, cognitive load theory, ocr, sonification, usability, virtual sound, working memory load},
}

@article{Xu:2019:DWM:3345751.3345757,
 author = {Xu, Zhen and Sun, Chengjie and Long, Yinong and Liu, Bingquan and Wang, Baoxun and Wang, Mingjiang and Zhang, Min and Wang, Xiaolong},
 title = {Dynamic Working Memory for Context-Aware Response Generation},
 journal = {IEEE/ACM Trans. Audio, Speech and Lang. Proc.},
 issue_date = {September 2019},
 volume = {27},
 number = {9},
 month = sep,
 year = {2019},
 issn = {2329-9290},
 pages = {1419--1431},
 numpages = {13},
 url = {https://doi.org/10.1109/TASLP.2019.2915922},
 doi = {10.1109/TASLP.2019.2915922},
 acmid = {3345757},
 publisher = {IEEE Press},
 address = {Piscataway, NJ, USA},
}

@inproceedings{Trbovich:2005:PVW:1056808.1056847,
 author = {Trbovich, Patricia L.},
 title = {Phonological and Visual Working Memory in Processing of Route Guidance Information},
 booktitle = {CHI '05 Extended Abstracts on Human Factors in Computing Systems},
 series = {CHI EA '05},
 year = {2005},
 isbn = {1-59593-002-7},
 location = {Portland, OR, USA},
 pages = {1132--1133},
 numpages = {2},
 url = {http://doi.acm.org/10.1145/1056808.1056847},
 doi = {10.1145/1056808.1056847},
 acmid = {1056847},
 publisher = {ACM},
 address = {New York, NY, USA},
 keywords = {distraction, modalities, safety, user interfaces},
}

@inproceedings{Grimes:2008:FPC:1357054.1357187,
 author = {Grimes, David and Tan, Desney S. and Hudson, Scott E. and Shenoy, Pradeep and Rao, Rajesh P.N.},
 title = {Feasibility and Pragmatics of Classifying Working Memory Load with an Electroencephalograph},
 booktitle = {Proceedings of the SIGCHI Conference on Human Factors in Computing Systems},
 series = {CHI '08},
 year = {2008},
 isbn = {978-1-60558-011-1},
 location = {Florence, Italy},
 pages = {835--844},
 numpages = {10},
 url = {http://doi.acm.org/10.1145/1357054.1357187},
 doi = {10.1145/1357054.1357187},
 acmid = {1357187},
 publisher = {ACM},
 address = {New York, NY, USA},
 keywords = {brain-computer interface, classification, cognitive load, electroencephalography (eeg), feature selection, machine learning, memory load},
}

@inproceedings{Miura:2016:VWM:3003715.3005460,
 author = {Miura, Takahiro and Yabu, Ken-ichiro and Tanaka, Kenichi and Ozawa, Hiroshi and Furukawa, Masamitsu and Michiyoshi, Seiko and Yamamoto, Tetsuya and Ueda, Kazutaka and Ifukube, Tohru},
 title = {Visuospatial Workload Measurement of an Interface Based on a Dual Task of Visual Working Memory Test},
 booktitle = {Proceedings of the 8th International Conference on Automotive User Interfaces and Interactive Vehicular Applications},
 series = {Automotive'UI 16},
 year = {2016},
 isbn = {978-1-4503-4533-0},
 location = {Ann Arbor, MI, USA},
 pages = {9--17},
 numpages = {9},
 url = {http://doi.acm.org/10.1145/3003715.3005460},
 doi = {10.1145/3003715.3005460},
 acmid = {3005460},
 publisher = {ACM},
 address = {New York, NY, USA},
 keywords = {Drivers' distraction, Human machine interface (HMI), In-vehicle information system, Visuospatial memory},
}

@article{Liu:2014:NDU:2644865.2541957,
 author = {Liu, Ren-Shuo and Shen, De-Yu and Yang, Chia-Lin and Yu, Shun-Chih and Wang, Cheng-Yuan Michael},
 title = {NVM Duet: Unified Working Memory and Persistent Store Architecture},
 journal = {SIGPLAN Not.},
 issue_date = {April 2014},
 volume = {49},
 number = {4},
 month = feb,
 year = {2014},
 issn = {0362-1340},
 pages = {455--470},
 numpages = {16},
 url = {http://doi.acm.org/10.1145/2644865.2541957},
 doi = {10.1145/2644865.2541957},
 acmid = {2541957},
 publisher = {ACM},
 address = {New York, NY, USA},
 keywords = {consistency, durability, memory management, memory scheduler, non-volatile memory, phase-change memory, refresh, resistance drift, resistance distribution, storage-class memory},
}

@article{Liu:2014:NDU:2654822.2541957,
 author = {Liu, Ren-Shuo and Shen, De-Yu and Yang, Chia-Lin and Yu, Shun-Chih and Wang, Cheng-Yuan Michael},
 title = {NVM Duet: Unified Working Memory and Persistent Store Architecture},
 journal = {SIGARCH Comput. Archit. News},
 issue_date = {March 2014},
 volume = {42},
 number = {1},
 month = feb,
 year = {2014},
 issn = {0163-5964},
 pages = {455--470},
 numpages = {16},
 url = {http://doi.acm.org/10.1145/2654822.2541957},
 doi = {10.1145/2654822.2541957},
 acmid = {2541957},
 publisher = {ACM},
 address = {New York, NY, USA},
 keywords = {consistency, durability, memory management, memory scheduler, non-volatile memory, phase-change memory, refresh, resistance drift, resistance distribution, storage-class memory},
}

@inproceedings{Liu:2014:NDU:2541940.2541957,
 author = {Liu, Ren-Shuo and Shen, De-Yu and Yang, Chia-Lin and Yu, Shun-Chih and Wang, Cheng-Yuan Michael},
 title = {NVM Duet: Unified Working Memory and Persistent Store Architecture},
 booktitle = {Proceedings of the 19th International Conference on Architectural Support for Programming Languages and Operating Systems},
 series = {ASPLOS '14},
 year = {2014},
 isbn = {978-1-4503-2305-5},
 location = {Salt Lake City, Utah, USA},
 pages = {455--470},
 numpages = {16},
 url = {http://doi.acm.org/10.1145/2541940.2541957},
 doi = {10.1145/2541940.2541957},
 acmid = {2541957},
 publisher = {ACM},
 address = {New York, NY, USA},
 keywords = {consistency, durability, memory management, memory scheduler, non-volatile memory, phase-change memory, refresh, resistance drift, resistance distribution, storage-class memory},
}

@article{Kunkle:2008:SRC:1330311.1330319,
 author = {Kunkle, Daniel and Cooperman, Gene},
 title = {Solving Rubik's Cube: Disk is the New RAM},
 journal = {Commun. ACM},
 issue_date = {April 2008},
 volume = {51},
 number = {4},
 month = apr,
 year = {2008},
 issn = {0001-0782},
 pages = {31--33},
 numpages = {3},
 url = {http://doi.acm.org/10.1145/1330311.1330319},
 doi = {10.1145/1330311.1330319},
 acmid = {1330319},
 publisher = {ACM},
 address = {New York, NY, USA},
}

@inproceedings{DeLaBriandais:1959:FSU:1457838.1457895,
 author = {De La Briandais, Rene},
 title = {File Searching Using Variable Length Keys},
 booktitle = {Papers Presented at the the March 3-5, 1959, Western Joint Computer Conference},
 series = {IRE-AIEE-ACM '59 (Western)},
 year = {1959},
 location = {San Francisco, California},
 pages = {295--298},
 numpages = {4},
 url = {http://doi.acm.org/10.1145/1457838.1457895},
 doi = {10.1145/1457838.1457895},
 acmid = {1457895},
 publisher = {ACM},
 address = {New York, NY, USA},
}

@inproceedings{Wu:2010:CMI:1858681.1858802,
 author = {Wu, Stephen and Bachrach, Asaf and Cardenas, Carlos and Schuler, William},
 title = {Complexity Metrics in an Incremental Right-corner Parser},
 booktitle = {Proceedings of the 48th Annual Meeting of the Association for Computational Linguistics},
 series = {ACL '10},
 year = {2010},
 location = {Uppsala, Sweden},
 pages = {1189--1198},
 numpages = {10},
 url = {http://dl.acm.org/citation.cfm?id=1858681.1858802},
 acmid = {1858802},
 publisher = {Association for Computational Linguistics},
 address = {Stroudsburg, PA, USA},
}

@inproceedings{Gibson:1990:MCS:981823.981829,
 author = {Gibson, Edward},
 title = {Memory Capacity and Sentence Processing},
 booktitle = {Proceedings of the 28th Annual Meeting on Association for Computational Linguistics},
 series = {ACL '90},
 year = {1990},
 location = {Pittsburgh, Pennsylvania},
 pages = {39--46},
 numpages = {8},
 url = {https://doi.org/10.3115/981823.981829},
 doi = {10.3115/981823.981829},
 acmid = {981829},
 publisher = {Association for Computational Linguistics},
 address = {Stroudsburg, PA, USA},
}

@inproceedings{Finch:1967:DMF:1465611.1465691,
 author = {Finch, T. R.},
 title = {A Debate Main Frame Memory Technology},
 booktitle = {Proceedings of the November 14-16, 1967, Fall Joint Computer Conference},
 series = {AFIPS '67 (Fall)},
 year = {1967},
 location = {Anaheim, California},
 pages = {593--600},
 numpages = {8},
 url = {http://doi.acm.org/10.1145/1465611.1465691},
 doi = {10.1145/1465611.1465691},
 acmid = {1465691},
 publisher = {ACM},
 address = {New York, NY, USA},
}

@inproceedings{Steichen:2013:UIV:2449396.2449439,
 author = {Steichen, Ben and Carenini, Giuseppe and Conati, Cristina},
 title = {User-adaptive Information Visualization: Using Eye Gaze Data to Infer Visualization Tasks and User Cognitive Abilities},
 booktitle = {Proceedings of the 2013 International Conference on Intelligent User Interfaces},
 series = {IUI '13},
 year = {2013},
 isbn = {978-1-4503-1965-2},
 location = {Santa Monica, California, USA},
 pages = {317--328},
 numpages = {12},
 url = {http://doi.acm.org/10.1145/2449396.2449439},
 doi = {10.1145/2449396.2449439},
 acmid = {2449439},
 publisher = {ACM},
 address = {New York, NY, USA},
 keywords = {adaptation, adaptive information visualization, eye-tracking, machine learning},
}

@inproceedings{Wan:2016:EIT:2876456.2879482,
 author = {Wan, Bo and Vi, Chi and Subramanian, Sriram and Martinez Plasencia, Diego},
 title = {Enhancing Interactivity with Transcranial Direct Current Stimulation},
 booktitle = {Companion Publication of the 21st International Conference on Intelligent User Interfaces},
 series = {IUI '16 Companion},
 year = {2016},
 isbn = {978-1-4503-4140-0},
 location = {Sonoma, California, USA},
 pages = {41--44},
 numpages = {4},
 url = {http://doi.acm.org/10.1145/2876456.2879482},
 doi = {10.1145/2876456.2879482},
 acmid = {2879482},
 publisher = {ACM},
 address = {New York, NY, USA},
 keywords = {hci, neurostimulation, tdcs},
}

@inproceedings{Shneiderman:2005:MCA:1138235.1138246,
 author = {Shneiderman, Ben and Bederson, Benjamin B.},
 title = {Maintaining Concentration to Achieve Task Completion},
 booktitle = {Proceedings of the 2005 Conference on Designing for User eXperience},
 series = {DUX '05},
 year = {2005},
 isbn = {1-59593-250-X},
 location = {San Francisco, California, USA},
 articleno = {9},
 url = {http://dl.acm.org/citation.cfm?id=1138235.1138246},
 acmid = {1138246},
 publisher = {AIGA: American Institute of Graphic Arts},
 address = {New York, NY, USA},
 keywords = {avoid interruption, calm, flow, focus, goal attainment, interface design, maintain concentration, situation awareness, task completion},
}

@inproceedings{Toker:2018:USP:3172944.3173009,
 author = {Toker, Dereck and Conati, Cristina and Carenini, Giuseppe},
 title = {User-adaptive Support for Processing Magazine Style Narrative Visualizations: Identifying User Characteristics That Matter},
 booktitle = {23rd International Conference on Intelligent User Interfaces},
 series = {IUI '18},
 year = {2018},
 isbn = {978-1-4503-4945-1},
 location = {Tokyo, Japan},
 pages = {199--204},
 numpages = {6},
 url = {http://doi.acm.org/10.1145/3172944.3173009},
 doi = {10.1145/3172944.3173009},
 acmid = {3173009},
 publisher = {ACM},
 address = {New York, NY, USA},
 keywords = {individual differences, narrative visualization, personalization., user characteristics, user study, user-adaptation},
}

@inproceedings{Morrison:2014:MCL:2632320.2632348,
 author = {Morrison, Briana B. and Dorn, Brian and Guzdial, Mark},
 title = {Measuring Cognitive Load in Introductory CS: Adaptation of an Instrument},
 booktitle = {Proceedings of the Tenth Annual Conference on International Computing Education Research},
 series = {ICER '14},
 year = {2014},
 isbn = {978-1-4503-2755-8},
 location = {Glasgow, Scotland, United Kingdom},
 pages = {131--138},
 numpages = {8},
 url = {http://doi.acm.org/10.1145/2632320.2632348},
 doi = {10.1145/2632320.2632348},
 acmid = {2632348},
 publisher = {ACM},
 address = {New York, NY, USA},
 keywords = {cognitive load theory, confirmatory factor analysis, measuring cognitive load, survey},
}

@inproceedings{Feinberg:2000:ACL:504800.504855,
 author = {Feinberg, Susan and Murphy, Margaret},
 title = {Applying Cognitive Load Theory to the Design of Web-based Instruction},
 booktitle = {Proceedings of IEEE Professional Communication Society International Professional Communication Conference and  Proceedings of the 18th Annual ACM International Conference on Computer Documentation: Technology \& Teamwork},
 series = {IPCC/SIGDOC '00},
 year = {2000},
 isbn = {0-7803-6431-7},
 location = {Cambridge, Massachusetts},
 pages = {353--360},
 numpages = {8},
 url = {http://dl.acm.org/citation.cfm?id=504800.504855},
 acmid = {504855},
 publisher = {IEEE Educational Activities Department},
 address = {Piscataway, NJ, USA},
}

@article{McDermott:1977:ECP:1045343.1045366,
 author = {McDermott, J. and Newell, A. and Moore, J.},
 title = {The Efficiency of Certain Production System Implementations},
 journal = {SIGART Bull.},
 issue_date = {June 1977},
 number = {63},
 month = jun,
 year = {1977},
 issn = {0163-5719},
 pages = {38--38},
 numpages = {1},
 url = {http://doi.acm.org/10.1145/1045343.1045366},
 doi = {10.1145/1045343.1045366},
 acmid = {1045366},
 publisher = {ACM},
 address = {New York, NY, USA},
}

@inproceedings{Toker:2012:TAI:2358968.2358992,
 author = {Toker, Dereck and Conati, Cristina and Carenini, Giuseppe and Haraty, Mona},
 title = {Towards Adaptive Information Visualization: On the Influence of User Characteristics},
 booktitle = {Proceedings of the 20th International Conference on User Modeling, Adaptation, and Personalization},
 series = {UMAP'12},
 year = {2012},
 isbn = {978-3-642-31453-7},
 location = {Montreal, Canada},
 pages = {274--285},
 numpages = {12},
 url = {https://doi.org/10.1007/978-3-642-31454-4_23},
 doi = {10.1007/978-3-642-31454-4_23},
 acmid = {2358992},
 publisher = {Springer-Verlag},
 address = {Berlin, Heidelberg},
 keywords = {adaptive information visualization, user characteristics, user evaluation},
}

@inproceedings{Vasishth:2004:MSP:1613148.1613161,
 author = {Vasishth, Shravan and Lewis, Richard L.},
 title = {Modeling Sentence Processing in ACT-R},
 booktitle = {Proceedings of the Workshop on Incremental Parsing: Bringing Engineering and Cognition Together},
 series = {IncrementParsing '04},
 year = {2004},
 location = {Barcelona, Spain},
 pages = {82--87},
 numpages = {6},
 url = {http://dl.acm.org/citation.cfm?id=1613148.1613161},
 acmid = {1613161},
 publisher = {Association for Computational Linguistics},
 address = {Stroudsburg, PA, USA},
}

@inproceedings{Hou:2014:ECP:2538862.2544268,
 author = {Hou, Ting-Yun and Lin, Yu-Tzu and Lin, Yu-Chih and Wu, Cheng-Chih},
 title = {Exploring Cognitive Processes in Program Comprehension Based on Eye-movement Analysis (Abstract Only)},
 booktitle = {Proceedings of the 45th ACM Technical Symposium on Computer Science Education},
 series = {SIGCSE '14},
 year = {2014},
 isbn = {978-1-4503-2605-6},
 location = {Atlanta, Georgia, USA},
 pages = {707--708},
 numpages = {2},
 url = {http://doi.acm.org/10.1145/2538862.2544268},
 doi = {10.1145/2538862.2544268},
 acmid = {2544268},
 publisher = {ACM},
 address = {New York, NY, USA},
 keywords = {cognition process, eye tracking, program comprehension},
}

@inproceedings{vanRij:2011:WLI:2021096.2021104,
 author = {van Rij, Jacolien and van Rijn, Hedderik and Hendriks, Petra},
 title = {WM Load Influences the Interpretation of Referring Expressions},
 booktitle = {Proceedings of the 2Nd Workshop on Cognitive Modeling and Computational Linguistics},
 series = {CMCL '11},
 year = {2011},
 isbn = {978-1-932432-95-4},
 location = {Portland, Oregon},
 pages = {67--75},
 numpages = {9},
 url = {http://dl.acm.org/citation.cfm?id=2021096.2021104},
 acmid = {2021104},
 publisher = {Association for Computational Linguistics},
 address = {Stroudsburg, PA, USA},
}

@inproceedings{Sweller:2016:CLT:2839509.2844549,
 author = {Sweller, John},
 title = {Cognitive Load Theory and Computer Science Education},
 booktitle = {Proceedings of the 47th ACM Technical Symposium on Computing Science Education},
 series = {SIGCSE '16},
 year = {2016},
 isbn = {978-1-4503-3685-7},
 location = {Memphis, Tennessee, USA},
 pages = {1--1},
 numpages = {1},
 url = {http://doi.acm.org/10.1145/2839509.2844549},
 doi = {10.1145/2839509.2844549},
 acmid = {2844549},
 publisher = {ACM},
 address = {New York, NY, USA},
 keywords = {cognitive load theory, human cognition, instructional design},
}

@inproceedings{Ruiz:2006:ERM:1228175.1228254,
 author = {Ruiz, Natalie and Taib, Ronnie and Chen, Fang},
 title = {Examining the Redundancy of Multimodal Input},
 booktitle = {Proceedings of the 18th Australia Conference on Computer-Human Interaction: Design: Activities, Artefacts and Environments},
 series = {OZCHI '06},
 year = {2006},
 isbn = {1-59593-545-2},
 location = {Sydney, Australia},
 pages = {389--392},
 numpages = {4},
 url = {http://doi.acm.org/10.1145/1228175.1228254},
 doi = {10.1145/1228175.1228254},
 acmid = {1228254},
 publisher = {ACM},
 address = {New York, NY, USA},
 keywords = {cognitive load, gesture, multimodal interface, speech},
}

@inproceedings{Toker:2013:IUC:2470654.2470696,
 author = {Toker, Dereck and Conati, Cristina and Steichen, Ben and Carenini, Giuseppe},
 title = {Individual User Characteristics and Information Visualization: Connecting the Dots Through Eye Tracking},
 booktitle = {Proceedings of the SIGCHI Conference on Human Factors in Computing Systems},
 series = {CHI '13},
 year = {2013},
 isbn = {978-1-4503-1899-0},
 location = {Paris, France},
 pages = {295--304},
 numpages = {10},
 url = {http://doi.acm.org/10.1145/2470654.2470696},
 doi = {10.1145/2470654.2470696},
 acmid = {2470696},
 publisher = {ACM},
 address = {New York, NY, USA},
 keywords = {adaptive information visualization, eye tracking, information visualization, user characteristics},
}

@article{Pasik:1984:TRE:1056648.1056650,
 author = {Pasik, Alexander and Schor, Marshall},
 title = {Table-driven Rules in Expert Systems},
 journal = {SIGART Bull.},
 issue_date = {January 1984},
 number = {87},
 month = jan,
 year = {1984},
 issn = {0163-5719},
 pages = {31--33},
 numpages = {3},
 url = {http://doi.acm.org/10.1145/1056648.1056650},
 doi = {10.1145/1056648.1056650},
 acmid = {1056650},
 publisher = {ACM},
 address = {New York, NY, USA},
}

@inproceedings{Jovanovic:2012:FSU:2254556.2254700,
 author = {Jovanovic, Mladjan and Starcevic, Dusan and Jovanovic, Zoran},
 title = {Formal Specification of Usability Measures in Model-driven Development of Context-sensitive User Interfaces},
 booktitle = {Proceedings of the International Working Conference on Advanced Visual Interfaces},
 series = {AVI '12},
 year = {2012},
 isbn = {978-1-4503-1287-5},
 location = {Capri Island, Italy},
 pages = {749--752},
 numpages = {4},
 url = {http://doi.acm.org/10.1145/2254556.2254700},
 doi = {10.1145/2254556.2254700},
 acmid = {2254700},
 publisher = {ACM},
 address = {New York, NY, USA},
 keywords = {context-sensitive user interface, human-centered design, model-driven development, multimodal interaction, usability measures},
}

@inproceedings{Rello:2017:DGT:3132525.3134773,
 author = {Rello, Luz and Macias, Arturo and Herrera, Mari\'{\i}a and de Ros, Camila and Romero, Enrique and Bigham, Jeffrey P.},
 title = {DytectiveU: A Game to Train the Difficulties and the Strengths of Children with Dyslexia},
 booktitle = {Proceedings of the 19th International ACM SIGACCESS Conference on Computers and Accessibility},
 series = {ASSETS '17},
 year = {2017},
 isbn = {978-1-4503-4926-0},
 location = {Baltimore, Maryland, USA},
 pages = {319--320},
 numpages = {2},
 url = {http://doi.acm.org/10.1145/3132525.3134773},
 doi = {10.1145/3132525.3134773},
 acmid = {3134773},
 publisher = {ACM},
 address = {New York, NY, USA},
 keywords = {cognitive skills, dyslexia, serious games, training exercises},
}

@inproceedings{Kampe:2015:FMC:2699276.2699284,
 author = {K\"{a}mpe, Viktor and Sintorn, Erik and Assarsson, Ulf},
 title = {Fast, Memory-efficient Construction of Voxelized Shadows},
 booktitle = {Proceedings of the 19th Symposium on Interactive 3D Graphics and Games},
 series = {i3D '15},
 year = {2015},
 isbn = {978-1-4503-3392-4},
 location = {San Francisco, California},
 pages = {25--30},
 numpages = {6},
 url = {http://doi.acm.org/10.1145/2699276.2699284},
 doi = {10.1145/2699276.2699284},
 acmid = {2699284},
 publisher = {ACM},
 address = {New York, NY, USA},
 keywords = {directed acyclic graph, real-time, shadow, voxel},
}

@inproceedings{B.KA:2016:HGE:2910674.2935854,
 author = {B.KA, Ajay Arjun and Mullapudi, Anil Kumar and Ebert, Dylan and Phadnis, Navaneet and Middha, Rahul},
 title = {HTKS Game for Executive Functions Disorder Using NAO Robot},
 booktitle = {Proceedings of the 9th ACM International Conference on PErvasive Technologies Related to Assistive Environments},
 series = {PETRA '16},
 year = {2016},
 isbn = {978-1-4503-4337-4},
 location = {Corfu, Island, Greece},
 pages = {93:1--93:2},
 articleno = {93},
 numpages = {2},
 url = {http://doi.acm.org/10.1145/2910674.2935854},
 doi = {10.1145/2910674.2935854},
 acmid = {2935854},
 publisher = {ACM},
 address = {New York, NY, USA},
 keywords = {Executive functions, HTKS, Nao, Robot, attention control},
}

@inproceedings{Buchanan:2019:TAA:3316782.3322744,
 author = {Buchanan, Benjamin and Tsiakas, Konstantinos and Bell, Morris},
 title = {Towards an Automated Assessment for Embodied Cognition in Children: The Sailor Step Task},
 booktitle = {Proceedings of the 12th ACM International Conference on PErvasive Technologies Related to Assistive Environments},
 series = {PETRA '19},
 year = {2019},
 isbn = {978-1-4503-6232-0},
 location = {Rhodes, Greece},
 pages = {331--332},
 numpages = {2},
 url = {http://doi.acm.org/10.1145/3316782.3322744},
 doi = {10.1145/3316782.3322744},
 acmid = {3322744},
 publisher = {ACM},
 address = {New York, NY, USA},
 keywords = {cognitive assessment, embodied cognition, motion capture},
}

@inproceedings{vanSchijndel:2012:CIP:2390304.2390312,
 author = {van Schijndel, Marten and Exley, Andy and Schuler, William},
 title = {Connectionist-inspired Incremental PCFG Parsing},
 booktitle = {Proceedings of the 3rd Workshop on Cognitive Modeling and Computational Linguistics},
 series = {CMCL '12},
 year = {2012},
 location = {Montreal, Canada},
 pages = {51--60},
 numpages = {10},
 url = {http://dl.acm.org/citation.cfm?id=2390304.2390312},
 acmid = {2390312},
 publisher = {Association for Computational Linguistics},
 address = {Stroudsburg, PA, USA},
}

@inproceedings{Zhang:2017:DAY:3052973.3052978,
 author = {Zhang, Tianwei and Zhang, Yinqian and Lee, Ruby B.},
 title = {DoS Attacks on Your Memory in Cloud},
 booktitle = {Proceedings of the 2017 ACM on Asia Conference on Computer and Communications Security},
 series = {ASIA CCS '17},
 year = {2017},
 isbn = {978-1-4503-4944-4},
 location = {Abu Dhabi, United Arab Emirates},
 pages = {253--265},
 numpages = {13},
 url = {http://doi.acm.org/10.1145/3052973.3052978},
 doi = {10.1145/3052973.3052978},
 acmid = {3052978},
 publisher = {ACM},
 address = {New York, NY, USA},
 keywords = {DoS attack, cloud computing, memory resource},
}

@article{Steichen:2014:IVT:2638542.2633043,
 author = {Steichen, Ben and Conati, Cristina and Carenini, Giuseppe},
 title = {Inferring Visualization Task Properties, User Performance, and User Cognitive Abilities from Eye Gaze Data},
 journal = {ACM Trans. Interact. Intell. Syst.},
 issue_date = {July 2014},
 volume = {4},
 number = {2},
 month = jul,
 year = {2014},
 issn = {2160-6455},
 pages = {11:1--11:29},
 articleno = {11},
 numpages = {29},
 url = {http://doi.acm.org/10.1145/2633043},
 doi = {10.1145/2633043},
 acmid = {2633043},
 publisher = {ACM},
 address = {New York, NY, USA},
 keywords = {Adaptive information visualization, adaptation, eye tracking, machine learning},
}

@article{Kwok:1985:NSP:1056541.1056545,
 author = {Kwok, C. S.},
 title = {A Note on Sorting Prolog Assertions},
 journal = {SIGART Bull.},
 issue_date = {January 1985},
 number = {91},
 month = jan,
 year = {1985},
 issn = {0163-5719},
 pages = {27--28},
 numpages = {2},
 url = {http://doi.acm.org/10.1145/1056541.1056545},
 doi = {10.1145/1056541.1056545},
 acmid = {1056545},
 publisher = {ACM},
 address = {New York, NY, USA},
}

@inproceedings{Dragoni:2004:KEU:1621445.1621456,
 author = {Dragoni, Aldo and Tascini, Guido and Lella, Luigi and Giordano, William},
 title = {Knowledge Extraction Using Dynamical Updating of Representation},
 booktitle = {Proceedings of the 3rd Workshop on RObust Methods in Analysis of Natural Language Data},
 series = {ROMAND '04},
 year = {2004},
 location = {Geneva},
 pages = {86--94},
 numpages = {9},
 url = {http://dl.acm.org/citation.cfm?id=1621445.1621456},
 acmid = {1621456},
 publisher = {Association for Computational Linguistics},
 address = {Stroudsburg, PA, USA},
}

@inproceedings{Ruiz:2010:CSL:1891903.1891955,
 author = {Ruiz, Natalie and Feng, Qian Qian and Taib, Ronnie and Handke, Tara and Chen, Fang},
 title = {Cognitive Skills Learning: Pen Input Patterns in Computer-based Athlete Training},
 booktitle = {International Conference on Multimodal Interfaces and the Workshop on Machine Learning for Multimodal Interaction},
 series = {ICMI-MLMI '10},
 year = {2010},
 isbn = {978-1-4503-0414-6},
 location = {Beijing, China},
 pages = {41:1--41:4},
 articleno = {41},
 numpages = {4},
 url = {http://doi.acm.org/10.1145/1891903.1891955},
 doi = {10.1145/1891903.1891955},
 acmid = {1891955},
 publisher = {ACM},
 address = {New York, NY, USA},
 keywords = {cognitive load, multimodal interfaces, pen input},
}

@inproceedings{Ferraz:2017:WIN:3041164.3041177,
 author = {Ferraz, Marta and Resta, Paul E. and O'neill, Afonso},
 title = {Whole-body Interaction in Natural Environments Benefits Children's Cognitive Function Compared to Sedentary Interaction Indoors},
 booktitle = {Proceedings of the 8th Augmented Human International Conference},
 series = {AH '17},
 year = {2017},
 isbn = {978-1-4503-4835-5},
 location = {Silicon Valley, California, USA},
 pages = {8:1--8:11},
 articleno = {8},
 numpages = {11},
 url = {http://doi.acm.org/10.1145/3041164.3041177},
 doi = {10.1145/3041164.3041177},
 acmid = {3041177},
 publisher = {ACM},
 address = {New York, NY, USA},
 keywords = {child-computer interaction, cognitive function, indoors, natural environments, sedentary, whole-body},
}

@inproceedings{Saleh:2018:EEL:3283458.3283534,
 author = {Saleh, Mennatallah and Sturm, Christian},
 title = {Exploring the Effect of Literacy on Signs in GUI Design},
 booktitle = {Proceedings of the Second African Conference for Human Computer Interaction: Thriving Communities},
 series = {AfriCHI '18},
 year = {2018},
 isbn = {978-1-4503-6558-1},
 location = {Windhoek, Namibia},
 pages = {21:1--21:5},
 articleno = {21},
 numpages = {5},
 url = {http://doi.acm.org/10.1145/3283458.3283534},
 doi = {10.1145/3283458.3283534},
 acmid = {3283534},
 publisher = {ACM},
 address = {New York, NY, USA},
 keywords = {HCI4D, graphical user interfaces, literacy, semiotics},
}

@inproceedings{Abdullah:2016:SLC:2971648.2971751,
 author = {Abdullah, Saeed and Czerwinski, Mary and Mark, Gloria and Johns, Paul},
 title = {Shining (Blue) Light on Creative Ability},
 booktitle = {Proceedings of the 2016 ACM International Joint Conference on Pervasive and Ubiquitous Computing},
 series = {UbiComp '16},
 year = {2016},
 isbn = {978-1-4503-4461-6},
 location = {Heidelberg, Germany},
 pages = {793--804},
 numpages = {12},
 url = {http://doi.acm.org/10.1145/2971648.2971751},
 doi = {10.1145/2971648.2971751},
 acmid = {2971751},
 publisher = {ACM},
 address = {New York, NY, USA},
 keywords = {circadian rhythms, convergent thinking, creativity, divergent thinking, performance},
}

@inproceedings{Hong:2017:CCC:3022198.3026351,
 author = {Hong, Ming-Tung and M\"{u}ller-Birn, Claudia},
 title = {Conceptualization of Computer-Supported Collaborative Sensemaking},
 booktitle = {Companion of the 2017 ACM Conference on Computer Supported Cooperative Work and Social Computing},
 series = {CSCW '17 Companion},
 year = {2017},
 isbn = {978-1-4503-4688-7},
 location = {Portland, Oregon, USA},
 pages = {199--202},
 numpages = {4},
 url = {http://doi.acm.org/10.1145/3022198.3026351},
 doi = {10.1145/3022198.3026351},
 acmid = {3026351},
 publisher = {ACM},
 address = {New York, NY, USA},
 keywords = {semantic annotation, sensemaking, software agent},
}

@inproceedings{Sarcevic:2008:TMT:1460563.1460597,
 author = {Sarcevic, Aleksandra and Marsic, Ivan and Lesk, Michael E. and Burd, Randall S.},
 title = {Transactive Memory in Trauma Resuscitation},
 booktitle = {Proceedings of the 2008 ACM Conference on Computer Supported Cooperative Work},
 series = {CSCW '08},
 year = {2008},
 isbn = {978-1-60558-007-4},
 location = {San Diego, CA, USA},
 pages = {215--224},
 numpages = {10},
 url = {http://doi.acm.org/10.1145/1460563.1460597},
 doi = {10.1145/1460563.1460597},
 acmid = {1460597},
 publisher = {ACM},
 address = {New York, NY, USA},
 keywords = {cognitive work analysis, communication, distributed cognition, healthcare, teamwork, transactive memory, trauma},
}

@inproceedings{Sofia:2016:NMA:2910674.2935848,
 author = {Sofia, Segkouli and Paliokas, Ioannis and Dimitrios, Tzovaras and Charalampos, Karagiannidis and Tsolaki, Magda},
 title = {A New Method for the Assessment of Discourse Comprehension Abilities of Older Adults with Mild Cognitive Impairment},
 booktitle = {Proceedings of the 9th ACM International Conference on PErvasive Technologies Related to Assistive Environments},
 series = {PETRA '16},
 year = {2016},
 isbn = {978-1-4503-4337-4},
 location = {Corfu, Island, Greece},
 pages = {57:1--57:4},
 articleno = {57},
 numpages = {4},
 url = {http://doi.acm.org/10.1145/2910674.2935848},
 doi = {10.1145/2910674.2935848},
 acmid = {2935848},
 publisher = {ACM},
 address = {New York, NY, USA},
 keywords = {Reading, computerized environment, executive function, visual processing},
}

@inproceedings{Eng:2006:GAP:1124772.1124866,
 author = {Eng, Katherine and Lewis, Richard L. and Tollinger, Irene and Chu, Alina and Howes, Andrew and Vera, Alonso},
 title = {Generating Automated Predictions of Behavior Strategically Adapted to Specific Performance Objectives},
 booktitle = {Proceedings of the SIGCHI Conference on Human Factors in Computing Systems},
 series = {CHI '06},
 year = {2006},
 isbn = {1-59593-372-7},
 location = {Montr\&\#233;al, Qu\&\#233;bec, Canada},
 pages = {621--630},
 numpages = {10},
 url = {http://doi.acm.org/10.1145/1124772.1124866},
 doi = {10.1145/1124772.1124866},
 acmid = {1124866},
 publisher = {ACM},
 address = {New York, NY, USA},
 keywords = {interface evaluation, user modeling},
}

@inproceedings{Makedon:2014:FDA:2674396.2674449,
 author = {Makedon, Philip and Watts, Lynette and Zikos, Dimitrios},
 title = {A Framework for the Development of an Assessment Tool for Children with Disabilities},
 booktitle = {Proceedings of the 7th International Conference on PErvasive Technologies Related to Assistive Environments},
 series = {PETRA '14},
 year = {2014},
 isbn = {978-1-4503-2746-6},
 location = {Rhodes, Greece},
 pages = {74:1--74:2},
 articleno = {74},
 numpages = {2},
 url = {http://doi.acm.org/10.1145/2674396.2674449},
 doi = {10.1145/2674396.2674449},
 acmid = {2674449},
 publisher = {ACM},
 address = {New York, NY, USA},
 keywords = {assessment, children, disabilities, evaluation, games},
}

@inproceedings{Quinn:2017:CBS:3097286.3097340,
 author = {Quinn, Kelly},
 title = {The Cognitive Benefits of Social Media Use in Later Life: Results of a Randomized, Controlled Pilot Study},
 booktitle = {Proceedings of the 8th International Conference on Social Media \& Society},
 series = {\#SMSociety17},
 year = {2017},
 isbn = {978-1-4503-4847-8},
 location = {Toronto, ON, Canada},
 pages = {54:1--54:5},
 articleno = {54},
 numpages = {5},
 url = {http://doi.acm.org/10.1145/3097286.3097340},
 doi = {10.1145/3097286.3097340},
 acmid = {3097340},
 publisher = {ACM},
 address = {New York, NY, USA},
 keywords = {Social media, cognitive function, older adults, social connection},
}

@inproceedings{Clarebout:2008:UIE:1599812.1599829,
 author = {Clarebout, Geraldine and Coens, Joke and Elen, Jan},
 title = {The Use of iPods in Education: A Cognitive Perspective},
 booktitle = {Proceedings of the 8th International Conference on International Conference for the Learning Sciences - Volume 1},
 series = {ICLS'08},
 year = {2008},
 location = {Utrecht, The Netherlands},
 pages = {153--158},
 numpages = {6},
 url = {http://dl.acm.org/citation.cfm?id=1599812.1599829},
 acmid = {1599829},
 publisher = {International Society of the Learning Sciences},
}

@inproceedings{Silanon:2016:TFC:3014393.3014400,
 author = {Silanon, Kittasil},
 title = {Thai Finger-Spelling Computer-Assisted Instruction for Hearing and Speaking Impaired Children},
 booktitle = {Proceedings of the International Convention on Rehabilitation Engineering \& Assistive Technology},
 series = {i-CREATe 2016},
 year = {2016},
 pages = {5:1--5:4},
 articleno = {5},
 numpages = {4},
 url = {http://dl.acm.org/citation.cfm?id=3014393.3014400},
 acmid = {3014400},
 publisher = {Singapore Therapeutic, Assistive \& Rehabilitative Technologies (START) Centre},
 address = {Kaki Bukit TechPark II,, Singapore},
 keywords = {Assistive Technology, Computer assistive instruction, Thai finger-spelling},
}

@article{Delcambre:1988:SIR:971701.50250,
 author = {Delcambre, L. M.L. and Etheredge, J. N.},
 title = {A Self-controlling Interpreter for the Relational Production Language},
 journal = {SIGMOD Rec.},
 issue_date = {June 1988},
 volume = {17},
 number = {3},
 month = jun,
 year = {1988},
 issn = {0163-5808},
 pages = {396--403},
 numpages = {8},
 url = {http://doi.acm.org/10.1145/971701.50250},
 doi = {10.1145/971701.50250},
 acmid = {50250},
 publisher = {ACM},
 address = {New York, NY, USA},
}

@inproceedings{Delcambre:1988:SIR:50202.50250,
 author = {Delcambre, L. M.L. and Etheredge, J. N.},
 title = {A Self-controlling Interpreter for the Relational Production Language},
 booktitle = {Proceedings of the 1988 ACM SIGMOD International Conference on Management of Data},
 series = {SIGMOD '88},
 year = {1988},
 isbn = {0-89791-268-3},
 location = {Chicago, Illinois, USA},
 pages = {396--403},
 numpages = {8},
 url = {http://doi.acm.org/10.1145/50202.50250},
 doi = {10.1145/50202.50250},
 acmid = {50250},
 publisher = {ACM},
 address = {New York, NY, USA},
}

@inproceedings{Hubbard:2017:ELT:3027385.3027390,
 author = {Hubbard, Ryan and Sipolins, Aldis and Zhou, Lin},
 title = {Enhancing Learning Through Virtual Reality and Neurofeedback: A First Step},
 booktitle = {Proceedings of the Seventh International Learning Analytics \&\#38; Knowledge Conference},
 series = {LAK '17},
 year = {2017},
 isbn = {978-1-4503-4870-6},
 location = {Vancouver, British Columbia, Canada},
 pages = {398--403},
 numpages = {6},
 url = {http://doi.acm.org/10.1145/3027385.3027390},
 doi = {10.1145/3027385.3027390},
 acmid = {3027390},
 publisher = {ACM},
 address = {New York, NY, USA},
 keywords = {EEG, human-computer interaction, neurofeedback, virtual reality},
}

@inproceedings{Atoofian:2008:EPC:1363686.1364035,
 author = {Atoofian, Ehsan and Baniasadi, Amirali},
 title = {Exploiting Program Cyclic Behavior to Reduce Memory Latency in Embedded Processors},
 booktitle = {Proceedings of the 2008 ACM Symposium on Applied Computing},
 series = {SAC '08},
 year = {2008},
 isbn = {978-1-59593-753-7},
 location = {Fortaleza, Ceara, Brazil},
 pages = {1482--1486},
 numpages = {5},
 url = {http://doi.acm.org/10.1145/1363686.1364035},
 doi = {10.1145/1363686.1364035},
 acmid = {1364035},
 publisher = {ACM},
 address = {New York, NY, USA},
 keywords = {high-speed embedded processors, memory, row buffer},
}

@inproceedings{vanNimwegen:2006:ILA:1150034.1150148,
 author = {van Nimwegen, Christof and van Oostendorp, Herre and Burgos, Daniel and Koper, Rob},
 title = {Does an Interface with Less Assistance Provoke More Thoughtful Behavior?},
 booktitle = {Proceedings of the 7th International Conference on Learning Sciences},
 series = {ICLS '06},
 year = {2006},
 isbn = {0-8058-6174-2},
 location = {Bloomington, Indiana},
 pages = {785--791},
 numpages = {7},
 url = {http://dl.acm.org/citation.cfm?id=1150034.1150148},
 acmid = {1150148},
 publisher = {International Society of the Learning Sciences},
}

@inproceedings{Galilee:1998:AOB:522344.825701,
 author = {Galil{\'e}e, Fran\c{c}ois and Roch, Jean-Louis and Cavalheiro, Gerson G. H. and Doreille, Mathias},
 title = {Athapascan-1: On-Line Building Data Flow Graph in a Parallel Language},
 booktitle = {Proceedings of the 1998 International Conference on Parallel Architectures and Compilation Techniques},
 series = {PACT '98},
 year = {1998},
 isbn = {0-8186-8591-3},
 pages = {88--},
 url = {http://dl.acm.org/citation.cfm?id=522344.825701},
 acmid = {825701},
 publisher = {IEEE Computer Society},
 address = {Washington, DC, USA},
 keywords = {Multithreading, macro-data flow languages, on-line scheduling, parallel complexity},
}

@inproceedings{Ruiz:2011:FPE:2070481.2070511,
 author = {Ruiz, Natalie and Taib, Ronnie and Chen, Fang},
 title = {Freeform Pen-input As Evidence of Cognitive Load and Expertise},
 booktitle = {Proceedings of the 13th International Conference on Multimodal Interfaces},
 series = {ICMI '11},
 year = {2011},
 isbn = {978-1-4503-0641-6},
 location = {Alicante, Spain},
 pages = {185--188},
 numpages = {4},
 url = {http://doi.acm.org/10.1145/2070481.2070511},
 doi = {10.1145/2070481.2070511},
 acmid = {2070511},
 publisher = {ACM},
 address = {New York, NY, USA},
 keywords = {cognitive load, measurement and assessment, multimodal, pen input},
}

@inproceedings{Hu:2010:BLF:1873951.1874016,
 author = {Hu, Xintao and Deng, Fan and Li, Kaiming and Zhang, Tuo and Chen, Hanbo and Jiang, Xi and Lv, Jinglei and Zhu, Dajiang and Faraco, Carlos and Zhang, Degang and Mesbah, Arsham and Han, Junwei and Hua, Xiansheng and Xie, Li and Miller, Stephen and Guo, Lei and Liu, Tianming},
 title = {Bridging Low-level Features and High-level Semantics via fMRI Brain Imaging for Video Classification},
 booktitle = {Proceedings of the 18th ACM International Conference on Multimedia},
 series = {MM '10},
 year = {2010},
 isbn = {978-1-60558-933-6},
 location = {Firenze, Italy},
 pages = {451--460},
 numpages = {10},
 url = {http://doi.acm.org/10.1145/1873951.1874016},
 doi = {10.1145/1873951.1874016},
 acmid = {1874016},
 publisher = {ACM},
 address = {New York, NY, USA},
 keywords = {brain computer interface, brain imaging, high-level features, human vision, low-level features, semantics},
}

@inproceedings{Zhang:2010:SSM:1871437.1871602,
 author = {Zhang, Shijie and Li, Shirong and Yang, Jiong},
 title = {SUMMA: Subgraph Matching in Massive Graphs},
 booktitle = {Proceedings of the 19th ACM International Conference on Information and Knowledge Management},
 series = {CIKM '10},
 year = {2010},
 isbn = {978-1-4503-0099-5},
 location = {Toronto, ON, Canada},
 pages = {1285--1288},
 numpages = {4},
 url = {http://doi.acm.org/10.1145/1871437.1871602},
 doi = {10.1145/1871437.1871602},
 acmid = {1871602},
 publisher = {ACM},
 address = {New York, NY, USA},
 keywords = {graph querying},
}

@inproceedings{deVladar:2016:ANM:2908961.2931672,
 author = {de Vladar, Harold P. and Fedor, Anna and Szil\'{a}gyi, Andr\'{a}s and Zachar, Istv\'{a}n and Szathm\'{a}ry, E\"{o}rs},
 title = {An Attractor Network-Based Model with Darwinian Dynamics},
 booktitle = {Proceedings of the 2016 on Genetic and Evolutionary Computation Conference Companion},
 series = {GECCO '16 Companion},
 year = {2016},
 isbn = {978-1-4503-4323-7},
 location = {Denver, Colorado, USA},
 pages = {1049--1052},
 numpages = {4},
 url = {http://doi.acm.org/10.1145/2908961.2931672},
 doi = {10.1145/2908961.2931672},
 acmid = {2931672},
 publisher = {ACM},
 address = {New York, NY, USA},
 keywords = {attractor network, autoassociative neural network, darwinian dynamics, learning, evolutionary search, neurodynamics},
}

@inproceedings{Tawatsuji:2017:CRS:3125739.3132612,
 author = {Tawatsuji, Yoshimasa and Yasuda, Yuki and Matsui, Tatsunori},
 title = {Construction of Recommender System Based on Cognitive Model for "Self-Reflection"},
 booktitle = {Proceedings of the 5th International Conference on Human Agent Interaction},
 series = {HAI '17},
 year = {2017},
 isbn = {978-1-4503-5113-3},
 location = {Bielefeld, Germany},
 pages = {517--521},
 numpages = {5},
 url = {http://doi.acm.org/10.1145/3125739.3132612},
 doi = {10.1145/3125739.3132612},
 acmid = {3132612},
 publisher = {ACM},
 address = {New York, NY, USA},
 keywords = {cognitive model, meta-cognition, recommender system, self-reflection},
}

@inproceedings{Davenport:2008:DEL:1599812.1599834,
 author = {Davenport, Jodi L. and Yaron, David and Klahr, David and Koedinger, Kenneth},
 title = {When Do Diagrams Enhance Learning? A Framework for Designing Relevant Representations},
 booktitle = {Proceedings of the 8th International Conference on International Conference for the Learning Sciences - Volume 1},
 series = {ICLS'08},
 year = {2008},
 location = {Utrecht, The Netherlands},
 pages = {191--198},
 numpages = {8},
 url = {http://dl.acm.org/citation.cfm?id=1599812.1599834},
 acmid = {1599834},
 publisher = {International Society of the Learning Sciences},
}

@inproceedings{Suthers:1994:SSP:1641417.1641421,
 author = {Suthers, Daniel D.},
 title = {Strategies for Sequencing As a Planning Task},
 booktitle = {Proceedings of the Seventh International Workshop on Natural Language Generation},
 series = {INLG '94},
 year = {1994},
 location = {Kennebunkport, Maine},
 pages = {29--36},
 numpages = {8},
 url = {http://dl.acm.org/citation.cfm?id=1641417.1641421},
 acmid = {1641421},
 publisher = {Association for Computational Linguistics},
 address = {Stroudsburg, PA, USA},
}

@inproceedings{DesPortes:2016:BRB:2930674.2930708,
 author = {DesPortes, Kayla and Anupam, Aditya and Pathak, Neeti and DiSalvo, Betsy},
 title = {BitBlox: A Redesign of the Breadboard},
 booktitle = {Proceedings of the The 15th International Conference on Interaction Design and Children},
 series = {IDC '16},
 year = {2016},
 isbn = {978-1-4503-4313-8},
 location = {Manchester, United Kingdom},
 pages = {255--261},
 numpages = {7},
 url = {http://doi.acm.org/10.1145/2930674.2930708},
 doi = {10.1145/2930674.2930708},
 acmid = {2930708},
 publisher = {ACM},
 address = {New York, NY, USA},
 keywords = {Electrical circuits, design, education, microcontroller},
}

@inproceedings{Kieras:2004:CGM:985692.985705,
 author = {Kieras, David E. and Santoro, Thomas P.},
 title = {Computational GOMS Modeling of a Complex Team Task: Lessons Learned},
 booktitle = {Proceedings of the SIGCHI Conference on Human Factors in Computing Systems},
 series = {CHI '04},
 year = {2004},
 isbn = {1-58113-702-8},
 location = {Vienna, Austria},
 pages = {97--104},
 numpages = {8},
 url = {http://doi.acm.org/10.1145/985692.985705},
 doi = {10.1145/985692.985705},
 acmid = {985705},
 publisher = {ACM},
 address = {New York, NY, USA},
 keywords = {human performance modeling},
}

@inproceedings{Hwang:2018:EYW:3279954.3279958,
 author = {Hwang, Youjin and Lee, Siyoung and Jeon, Hyeong Seok and Park, Jung Han Yoon and Lee, Ki Won and Lee, Joonhwan},
 title = {"Eat What You Want and Be Healthy!": Comfort Food Effects: Human-Food Interaction in View of Celebratory Technology},
 booktitle = {Proceedings of the 3rd International Workshop on Multisensory Approaches to Human-Food Interaction},
 series = {MHFI'18},
 year = {2018},
 isbn = {978-1-4503-6074-6},
 location = {Boulder, CO, USA},
 pages = {4:1--4:8},
 articleno = {4},
 numpages = {8},
 url = {http://doi.acm.org/10.1145/3279954.3279958},
 doi = {10.1145/3279954.3279958},
 acmid = {3279958},
 publisher = {ACM},
 address = {New York, NY, USA},
 keywords = {Comfort food, electroencephalography (EEG), human-food interaction, mental tracking, personal identification},
}

@inproceedings{Rello:2018:SDE:3194658.3194675,
 author = {Rello, Luz and Romero, Enrique and Rauschenberger, Maria and Ali, Abdullah and Williams, Kristin and Bigham, Jeffrey P. and White, Nancy Cushen},
 title = {Screening Dyslexia for English Using HCI Measures and Machine Learning},
 booktitle = {Proceedings of the 2018 International Conference on Digital Health},
 series = {DH '18},
 year = {2018},
 isbn = {978-1-4503-6493-5},
 location = {Lyon, France},
 pages = {80--84},
 numpages = {5},
 url = {http://doi.acm.org/10.1145/3194658.3194675},
 doi = {10.1145/3194658.3194675},
 acmid = {3194675},
 publisher = {ACM},
 address = {New York, NY, USA},
 keywords = {diagnosis, dyslexia, early detection, linguistics, machine learning, screening, serious games},
}

@inproceedings{Miller:2010:HPL:1870065.1870069,
 author = {Miller, Tim and Schuler, William},
 title = {HHMM Parsing with Limited Parallelism},
 booktitle = {Proceedings of the 2010 Workshop on Cognitive Modeling and Computational Linguistics},
 series = {CMCL '10},
 year = {2010},
 isbn = {978-1-932432-74-9},
 location = {Uppsala, Sweden},
 pages = {27--35},
 numpages = {9},
 url = {http://dl.acm.org/citation.cfm?id=1870065.1870069},
 acmid = {1870069},
 publisher = {Association for Computational Linguistics},
 address = {Stroudsburg, PA, USA},
}

@inproceedings{Kim:2012:RGU:2157689.2157793,
 author = {Kim, Aelee and Kum, Hyejin and Roh, Ounjeong and You, Sangseok and Lee, Sukhan},
 title = {Robot Gesture and User Acceptance of Information in Human-robot Interaction},
 booktitle = {Proceedings of the Seventh Annual ACM/IEEE International Conference on Human-Robot Interaction},
 series = {HRI '12},
 year = {2012},
 isbn = {978-1-4503-1063-5},
 location = {Boston, Massachusetts, USA},
 pages = {279--280},
 numpages = {2},
 url = {http://doi.acm.org/10.1145/2157689.2157793},
 doi = {10.1145/2157689.2157793},
 acmid = {2157793},
 publisher = {ACM},
 address = {New York, NY, USA},
 keywords = {human-robot interaction, information delivery, robot gesture},
}

@inproceedings{Slack:1986:DMB:991365.991506,
 author = {Slack, Jon M.},
 title = {Distributed Memory: A Basis for Chart Parsing},
 booktitle = {Proceedings of the 11th Coference on Computational Linguistics},
 series = {COLING '86},
 year = {1986},
 location = {Bonn, Germany},
 pages = {476--481},
 numpages = {6},
 url = {https://doi.org/10.3115/991365.991506},
 doi = {10.3115/991365.991506},
 acmid = {991506},
 publisher = {Association for Computational Linguistics},
 address = {Stroudsburg, PA, USA},
}

@inproceedings{Tobias:2016:OUI:2851581.2890376,
 author = {Tobias, Crystal},
 title = {Older Users and In-Vehicle Navigation Map Design Elements},
 booktitle = {Proceedings of the 2016 CHI Conference Extended Abstracts on Human Factors in Computing Systems},
 series = {CHI EA '16},
 year = {2016},
 isbn = {978-1-4503-4082-3},
 location = {San Jose, California, USA},
 pages = {140--145},
 numpages = {6},
 url = {http://doi.acm.org/10.1145/2851581.2890376},
 doi = {10.1145/2851581.2890376},
 acmid = {2890376},
 publisher = {ACM},
 address = {New York, NY, USA},
 keywords = {digital maps, eye glance behavior, in-vehicle navigation, older drivers},
}

@inproceedings{Glatz:2018:URS:3173574.3174046,
 author = {Glatz, Christiane and Krupenia, Stas S. and B\"{u}lthoff, Heinrich H. and Chuang, Lewis L.},
 title = {Use the Right Sound for the Right Job: Verbal Commands and Auditory Icons for a Task-Management System Favor Different Information Processes in the Brain},
 booktitle = {Proceedings of the 2018 CHI Conference on Human Factors in Computing Systems},
 series = {CHI '18},
 year = {2018},
 isbn = {978-1-4503-5620-6},
 location = {Montreal QC, Canada},
 pages = {472:1--472:13},
 articleno = {472},
 numpages = {13},
 url = {http://doi.acm.org/10.1145/3173574.3174046},
 doi = {10.1145/3173574.3174046},
 acmid = {3174046},
 publisher = {ACM},
 address = {New York, NY, USA},
 keywords = {auditory displays, autonomous vehicles, electroencephalography, in-vehicle interfaces, notifications},
}

@inproceedings{Oviatt:2006:HDM:1180639.1180831,
 author = {Oviatt, Sharon},
 title = {Human-centered Design Meets Cognitive Load Theory: Designing Interfaces That Help People Think},
 booktitle = {Proceedings of the 14th ACM International Conference on Multimedia},
 series = {MM '06},
 year = {2006},
 isbn = {1-59593-447-2},
 location = {Santa Barbara, CA, USA},
 pages = {871--880},
 numpages = {10},
 url = {http://doi.acm.org/10.1145/1180639.1180831},
 doi = {10.1145/1180639.1180831},
 acmid = {1180831},
 publisher = {ACM},
 address = {New York, NY, USA},
 keywords = {cognitive load, educational interfaces, human-centered design, mobile interfaces, multimodal interfaces, pen-based interfaces, performance metrics, robustness, spoken language interfaces, tangible interfaces, usability},
}

@incollection{Oviatt:2017:TFM:3015783.3015786,
 author = {Oviatt, Sharon},
 chapter = {Theoretical Foundations of Multimodal Interfaces and Systems},
 title = {The Handbook of Multimodal-Multisensor Interfaces},
 editor = {Oviatt, Sharon and Schuller, Bj\"{o}rn and Cohen, Philip R. and Sonntag, Daniel and Potamianos, Gerasimos and Kr\"{u}ger, Antonio},
 year = {2017},
 isbn = {978-1-97000-167-9},
 pages = {19--50},
 numpages = {32},
 url = {https://doi.org/10.1145/3015783.3015786},
 doi = {10.1145/3015783.3015786},
 acmid = {3015786},
 publisher = {Association for Computing Machinery and Morgan \&\#38; Claypool},
 address = {New York, NY, USA},
}

@inproceedings{vanNimwegen:2004:MHW:1005220.1005225,
 author = {van Nimwegen, Christof and van Oostendorp, Herre and Schijf, Hermina (Tabachneck-)},
 title = {Can More Help Be Worse?: The Over-assisting Interface},
 booktitle = {Proceedings of the Conference on Dutch Directions in HCI},
 series = {Dutch HCI '04},
 year = {2004},
 isbn = {1-58113-944-6},
 location = {Amsterdam, The Netherlands},
 pages = {4--},
 url = {http://doi.acm.org/10.1145/1005220.1005225},
 doi = {10.1145/1005220.1005225},
 acmid = {1005225},
 publisher = {ACM},
 address = {New York, NY, USA},
 keywords = {declarative knowledge, interface, planning, problem solving, screen representation, visualization},
}

@inproceedings{vanNimwegen:2006:PAU:1124772.1124908,
 author = {van Nimwegen, Christof C. and Burgos, Daniel D. and van Oostendorp, Herre H. and Schijf, Hermina H. J. M.},
 title = {The Paradox of the Assisted User: Guidance Can Be Counterproductive},
 booktitle = {Proceedings of the SIGCHI Conference on Human Factors in Computing Systems},
 series = {CHI '06},
 year = {2006},
 isbn = {1-59593-372-7},
 location = {Montr\&\#233;al, Qu\&\#233;bec, Canada},
 pages = {917--926},
 numpages = {10},
 url = {http://doi.acm.org/10.1145/1124772.1124908},
 doi = {10.1145/1124772.1124908},
 acmid = {1124908},
 publisher = {ACM},
 address = {New York, NY, USA},
 keywords = {display-based, externalization, information interfaces and presentation, interaction styles, interface design, need for cognition, plan-based, planning, problem solving},
}

@inproceedings{Li:2010:HAM:1891903.1891938,
 author = {Li, Kaiming and Guo, Lei and Faraco, Carlos and Zhu, Dajiang and Deng, Fan and Zhang, Tuo and Jiang, Xi and Zhang, Degang and Chen, Hanbo and Hu, Xintao and Miller, Stephen and Liu, Tianming},
 title = {Human-centered Attention Models for Video Summarization},
 booktitle = {International Conference on Multimodal Interfaces and the Workshop on Machine Learning for Multimodal Interaction},
 series = {ICMI-MLMI '10},
 year = {2010},
 isbn = {978-1-4503-0414-6},
 location = {Beijing, China},
 pages = {27:1--27:8},
 articleno = {27},
 numpages = {8},
 url = {http://doi.acm.org/10.1145/1891903.1891938},
 doi = {10.1145/1891903.1891938},
 acmid = {1891938},
 publisher = {ACM},
 address = {New York, NY, USA},
 keywords = {abstraction, attention models, brain imaging, summarization},
}

@inproceedings{Matsuzawa:2015:EOH:2814940.2815017,
 author = {Matsuzawa, Tetsuro},
 title = {The Evolutionary Origins of Human Cognitive Development: Insights from Research on Chimpanzees},
 booktitle = {Proceedings of the 3rd International Conference on Human-Agent Interaction},
 series = {HAI '15},
 year = {2015},
 isbn = {978-1-4503-3527-0},
 location = {Daegu, Kyungpook, Republic of Korea},
 pages = {63--63},
 numpages = {1},
 url = {http://doi.acm.org/10.1145/2814940.2815017},
 doi = {10.1145/2814940.2815017},
 acmid = {2815017},
 publisher = {ACM},
 address = {New York, NY, USA},
 keywords = {biology},
}

@inproceedings{Lalle:2017:IID:3079628.3079634,
 author = {Lall{\'e}, S{\'e}bastien and Conati, Cristina and Carenini, Giuseppe},
 title = {Impact of Individual Differences on User Experience with a Real-World Visualization Interface for Public Engagement},
 booktitle = {Proceedings of the 25th Conference on User Modeling, Adaptation and Personalization},
 series = {UMAP '17},
 year = {2017},
 isbn = {978-1-4503-4635-1},
 location = {Bratislava, Slovakia},
 pages = {369--370},
 numpages = {2},
 url = {http://doi.acm.org/10.1145/3079628.3079634},
 doi = {10.1145/3079628.3079634},
 acmid = {3079634},
 publisher = {ACM},
 address = {New York, NY, USA},
 keywords = {eye tracking, public engagement, user-adaptive visualization},
}

@inproceedings{Parkhurst:2018:HEC:3183654.3183677,
 author = {Parkhurst, Eva L. and Montalvo, Fernando and Behal, Aman and Smither, Janan A.},
 title = {Heuristic Evaluation of Compensations for a Wheelchair Mounted Robotic Arm},
 booktitle = {Proceedings of the Technology, Mind, and Society},
 series = {TechMindSociety '18},
 year = {2018},
 isbn = {978-1-4503-5420-2},
 location = {Washington, DC, USA},
 pages = {29:1--29:1},
 articleno = {29},
 numpages = {1},
 url = {http://doi.acm.org/10.1145/3183654.3183677},
 doi = {10.1145/3183654.3183677},
 acmid = {3183677},
 publisher = {ACM},
 address = {New York, NY, USA},
 keywords = {Robotics, disability, heuristic evaluation, individual differences},
}

@inproceedings{Rosa:2015:SMY:2838944.2838977,
 author = {Rosa, Pedro J. and Gamito, Pedro and Oliveira, Jorge and Morais, Diogo and Pavlovic, Matthew and Smyth, Olivia},
 title = {Show Me Your Eyes! The Combined Use of Eye Tracking and Virtual Reality Applications for Cognitive Assessment},
 booktitle = {Proceedings of the 3rd 2015 Workshop on ICTs for Improving Patients Rehabilitation Research Techniques},
 series = {REHAB '15},
 year = {2015},
 isbn = {978-1-4503-3898-1},
 location = {Lisbon, Portugal},
 pages = {135--138},
 numpages = {4},
 url = {http://doi.acm.org/10.1145/2838944.2838977},
 doi = {10.1145/2838944.2838977},
 acmid = {2838977},
 publisher = {ACM},
 address = {New York, NY, USA},
 keywords = {Eye tracking, cognitive abilities, virtual reality applications Systematic Lisbon Battery},
}

@inproceedings{Sweller:2008:EBH:1404520.1404521,
 author = {Sweller, John},
 title = {Evolutionary Bases of Human Cognitive Architecture: Implications for Computing Education},
 booktitle = {Proceedings of the Fourth International Workshop on Computing Education Research},
 series = {ICER '08},
 year = {2008},
 isbn = {978-1-60558-216-0},
 location = {Sydney, Australia},
 pages = {1--2},
 numpages = {2},
 url = {http://doi.acm.org/10.1145/1404520.1404521},
 doi = {10.1145/1404520.1404521},
 acmid = {1404521},
 publisher = {ACM},
 address = {New York, NY, USA},
 keywords = {cognition, cognitive load theory, instruction},
}

@inproceedings{Bartle:2010:CGT:1836845.1836897,
 author = {Bartle, David and Rossoff, Sam and Whittaker, David and Gooch, Bruce and Kerns, Kim and MacSween, Jenny},
 title = {Cognitive Games As Therapy for Children with FAS},
 booktitle = {ACM SIGGRAPH 2010 Posters},
 series = {SIGGRAPH '10},
 year = {2010},
 isbn = {978-1-4503-0393-4},
 location = {Los Angeles, California},
 pages = {48:1--48:1},
 articleno = {48},
 numpages = {1},
 url = {http://doi.acm.org/10.1145/1836845.1836897},
 doi = {10.1145/1836845.1836897},
 acmid = {1836897},
 publisher = {ACM},
 address = {New York, NY, USA},
}

@inproceedings{Rachanioti:2018:CGC:3218585.3218665,
 author = {Rachanioti, Eleni and Bratitsis, Tharrenos and Alevriadou, Anastasia},
 title = {Cognitive Games for Children's Executive Functions Training with or Without Learning Difficulties: An Overview},
 booktitle = {Proceedings of the 8th International Conference on Software Development and Technologies for Enhancing Accessibility and Fighting Info-exclusion},
 series = {DSAI 2018},
 year = {2018},
 isbn = {978-1-4503-6467-6},
 location = {Thessaloniki, Greece},
 pages = {165--171},
 numpages = {7},
 url = {http://doi.acm.org/10.1145/3218585.3218665},
 doi = {10.1145/3218585.3218665},
 acmid = {3218665},
 publisher = {ACM},
 address = {New York, NY, USA},
 keywords = {Digital Cognitive Games, Executive functions, education, mobile applications, software programmes},
}

@inproceedings{Siegmund:2014:UUS:2568225.2568252,
 author = {Siegmund, Janet and K\"{a}stner, Christian and Apel, Sven and Parnin, Chris and Bethmann, Anja and Leich, Thomas and Saake, Gunter and Brechmann, Andr{\'e}},
 title = {Understanding Understanding Source Code with Functional Magnetic Resonance Imaging},
 booktitle = {Proceedings of the 36th International Conference on Software Engineering},
 series = {ICSE 2014},
 year = {2014},
 isbn = {978-1-4503-2756-5},
 location = {Hyderabad, India},
 pages = {378--389},
 numpages = {12},
 url = {http://doi.acm.org/10.1145/2568225.2568252},
 doi = {10.1145/2568225.2568252},
 acmid = {2568252},
 publisher = {ACM},
 address = {New York, NY, USA},
 keywords = {Functional magnetic resonance imaging, program comprehension},
}

@inproceedings{Merz:1990:MIP:100348.100400,
 author = {Merz, Chris and Bond, W. E. and St. Clair, Dan},
 title = {Matching Interval-valued-argument Propositions in Rule-based Systems},
 booktitle = {Proceedings of the 1990 ACM Annual Conference on Cooperation},
 series = {CSC '90},
 year = {1990},
 isbn = {0-89791-348-5},
 location = {Washington, D.C., USA},
 pages = {343--350},
 numpages = {8},
 url = {http://doi.acm.org/10.1145/100348.100400},
 doi = {10.1145/100348.100400},
 acmid = {100400},
 publisher = {ACM},
 address = {New York, NY, USA},
}

@inproceedings{Kirschner:2008:LCC:1599812.1599866,
 author = {Kirschner, Femke and Paas, Fred and Kirschner, Paul A.},
 title = {Learning from Complex Cognitive Tasks: Comparing Groups to Individuals},
 booktitle = {Proceedings of the 8th International Conference on International Conference for the Learning Sciences - Volume 1},
 series = {ICLS'08},
 year = {2008},
 location = {Utrecht, The Netherlands},
 pages = {446--452},
 numpages = {7},
 url = {http://dl.acm.org/citation.cfm?id=1599812.1599866},
 acmid = {1599866},
 publisher = {International Society of the Learning Sciences},
}

@inproceedings{Broccia:2018:MAH:3220134.3220140,
 author = {Broccia, Giovanna and Masci, Paolo and Milazzo, Paolo},
 title = {Modeling and Analysis of Human Memory Load in Multitasking Scenarios: Late-Breaking Results},
 booktitle = {Proceedings of the ACM SIGCHI Symposium on Engineering Interactive Computing Systems},
 series = {EICS '18},
 year = {2018},
 isbn = {978-1-4503-5897-2},
 location = {Paris, France},
 pages = {9:1--9:7},
 articleno = {9},
 numpages = {7},
 url = {http://doi.acm.org/10.1145/3220134.3220140},
 doi = {10.1145/3220134.3220140},
 acmid = {3220140},
 publisher = {ACM},
 address = {New York, NY, USA},
 keywords = {Cognitive model, Formal Analysis, Multi-tasking},
}

@inproceedings{Mu:2003:ISE:827140.827190,
 author = {Mu, Xiangming and Marchionini, Gary and Pattee, Amy},
 title = {The Interactive Shared Educational Environment: User Interface, System Architecture and Field Study},
 booktitle = {Proceedings of the 3rd ACM/IEEE-CS Joint Conference on Digital Libraries},
 series = {JCDL '03},
 year = {2003},
 isbn = {0-7695-1939-3},
 location = {Houston, Texas},
 pages = {291--300},
 numpages = {10},
 url = {http://dl.acm.org/citation.cfm?id=827140.827190},
 acmid = {827190},
 publisher = {IEEE Computer Society},
 address = {Washington, DC, USA},
}

@inproceedings{Ollion:2012:EMN:2330784.2330840,
 author = {Ollion, Charles and Pinville, Tony and Doncieux, St{\'e}phane},
 title = {Emergence of Memory in Neuroevolution: Impact of Selection Pressures},
 booktitle = {Proceedings of the 14th Annual Conference Companion on Genetic and Evolutionary Computation},
 series = {GECCO '12},
 year = {2012},
 isbn = {978-1-4503-1178-6},
 location = {Philadelphia, Pennsylvania, USA},
 pages = {369--372},
 numpages = {4},
 url = {http://doi.acm.org/10.1145/2330784.2330840},
 doi = {10.1145/2330784.2330840},
 acmid = {2330840},
 publisher = {ACM},
 address = {New York, NY, USA},
 keywords = {evolutionary algorithms, evolutionary robotics, memory, neuroevolution, selection pressure},
}

@inproceedings{Qu:2014:MTS:2607023.2607030,
 author = {Qu, Yin and Kerne, Andruid and Lupfer, Nic and Linder, Rhema and Jain, Ajit},
 title = {Metadata Type System: Integrate Presentation, Data Models and Extraction to Enable Exploratory Browsing Interfaces},
 booktitle = {Proceedings of the 2014 ACM SIGCHI Symposium on Engineering Interactive Computing Systems},
 series = {EICS '14},
 year = {2014},
 isbn = {978-1-4503-2725-1},
 location = {Rome, Italy},
 pages = {107--116},
 numpages = {10},
 url = {http://doi.acm.org/10.1145/2607023.2607030},
 doi = {10.1145/2607023.2607030},
 acmid = {2607030},
 publisher = {ACM},
 address = {New York, NY, USA},
 keywords = {dynamic metadata, exploratory browsing, type systems},
}

@inproceedings{Mycroft:2018:PMI:3243274.3243290,
 author = {Mycroft, Joshua and Stockman, Tony and Reiss, J. D.},
 title = {A Prototype Mixer to Improve Cross-Modal Attention During Audio Mixing},
 booktitle = {Proceedings of the Audio Mostly 2018 on Sound in Immersion and Emotion},
 series = {AM'18},
 year = {2018},
 isbn = {978-1-4503-6609-0},
 location = {Wrexham, United Kingdom},
 pages = {3:1--3:7},
 articleno = {3},
 numpages = {7},
 url = {http://doi.acm.org/10.1145/3243274.3243290},
 doi = {10.1145/3243274.3243290},
 acmid = {3243290},
 publisher = {ACM},
 address = {New York, NY, USA},
 keywords = {Audio Mixing, Critical Listening, Digital Audio Workstations, Interaction Design},
}

@article{Yoon:2018:SFA:3185335.3190856,
 author = {Yoon, Su-Kyung and Yun, Jitae and Kim, Jung-Geun and Kim, Shin-Dug},
 title = {Self-Adaptive Filtering Algorithm with PCM-Based Memory Storage System},
 journal = {ACM Trans. Embed. Comput. Syst.},
 issue_date = {June 2018},
 volume = {17},
 number = {3},
 month = may,
 year = {2018},
 issn = {1539-9087},
 pages = {69:1--69:23},
 articleno = {69},
 numpages = {23},
 url = {http://doi.acm.org/10.1145/3190856},
 doi = {10.1145/3190856},
 acmid = {3190856},
 publisher = {ACM},
 address = {New York, NY, USA},
 keywords = {Dual buffers, Embedded memory storage systems, Emerging technologies},
}

@inproceedings{Tongpaeng:2015:REW:2846712.2846724,
 author = {Tongpaeng, Yootthapong and Sureephong, Pradorn},
 title = {Redundancy Effect of Word-Picture-Object for Mobile Learning in Rich Physical Environment},
 booktitle = {Proceedings of the International Convention on Rehabilitation Engineering \& Assistive Technology},
 series = {i-CREATe 2015},
 year = {2015},
 pages = {10:1--10:4},
 articleno = {10},
 numpages = {4},
 url = {http://dl.acm.org/citation.cfm?id=2846712.2846724},
 acmid = {2846724},
 publisher = {Singapore Therapeutic, Assistive \& Rehabilitative Technologies (START) Centre},
 address = {Kaki Bukit TechPark II,, Singapore},
 keywords = {Knowledge retention-transfer test, M-Learning, Physical environment, Redundancy effect, W-O, W-P, W-P-O, learning materials},
}

@inproceedings{Yamanoi:2008:FRB:1456223.1456252,
 author = {Yamanoi, Takahiro and Toyoshima, Hisashi and Yamazaki, Toshimasa and Ohnishi, Shin-ichi and Sugeno, Michio and Sanchez, Elie},
 title = {Fundamental Research for Brain Machine Interface by Use of EEG from Right Frontal Gyrus},
 booktitle = {Proceedings of the 5th International Conference on Soft Computing As Transdisciplinary Science and Technology},
 series = {CSTST '08},
 year = {2008},
 isbn = {978-1-60558-046-3},
 location = {Cergy-Pontoise, France},
 pages = {118--124},
 numpages = {7},
 url = {http://doi.acm.org/10.1145/1456223.1456252},
 doi = {10.1145/1456223.1456252},
 acmid = {1456252},
 publisher = {ACM},
 address = {New York, NY, USA},
 keywords = {EEG, brain machine interface and micro robot, directional symbol, discriminant analysis, mental translation},
}

@inproceedings{Guindi:2018:EVS:3286689.3286707,
 author = {Guindi, Emily and Kerautret, Laora and Ouardi, Nour Eddine El and Dabic, St{\'e}phanie},
 title = {Effects of Vibrotactile Signals Coupled with Pressure Detection or Timer when Interacting with a Touch Screen in Automobile},
 booktitle = {Proceedings of the 30th Conference on L'Interaction Homme-Machine},
 series = {IHM '18},
 year = {2018},
 isbn = {978-1-4503-6078-4},
 location = {Brest, France},
 pages = {250--256},
 numpages = {7},
 url = {http://doi.acm.org/10.1145/3286689.3286707},
 doi = {10.1145/3286689.3286707},
 acmid = {3286707},
 publisher = {ACM},
 address = {New York, NY, USA},
 keywords = {automotive, cognitive workload, pressure, timer, touchscreen, vibrotactile feedback},
}

@inproceedings{Sharma:2014:UTM:2643572.2643584,
 author = {Sharma, Ankur and Hawkey, Kirstie},
 title = {Understanding the Tradeoffs of Mobile Device Output Modalities in Just-in-time Learning of Mechanical Tasks},
 booktitle = {Proceedings of the 2014 Mulitmedia, Interaction, Design and Innovation International Conference on Multimedia, Interaction, Design and Innovation},
 series = {MIDI '14},
 year = {2014},
 isbn = {978-1-4503-2779-4},
 location = {Warsaw, Poland},
 pages = {12:1--12:10},
 articleno = {12},
 numpages = {10},
 url = {http://doi.acm.org/10.1145/2643572.2643584},
 doi = {10.1145/2643572.2643584},
 acmid = {2643584},
 publisher = {ACM},
 address = {New York, NY, USA},
 keywords = {Multi-media-interface, cognitive load, just-in-time learning, mobile device},
}

@article{Atkins:2006:AET:1141897.1141902,
 author = {Atkins, M. Stella and Moise, Adrian and Rohling, Robert},
 title = {An Application of Eyegaze Tracking for Designing Radiologists' Workstations: Insights for Comparative Visual Search Tasks},
 journal = {ACM Trans. Appl. Percept.},
 issue_date = {April 06},
 volume = {3},
 number = {2},
 month = apr,
 year = {2006},
 issn = {1544-3558},
 pages = {136--151},
 numpages = {16},
 url = {http://doi.acm.org/10.1145/1141897.1141902},
 doi = {10.1145/1141897.1141902},
 acmid = {1141902},
 publisher = {ACM},
 address = {New York, NY, USA},
 keywords = {User interface evaluation, cognition, comparative visual search, eyegaze tracking, human-computer interaction, radiologist productivity},
}

@inproceedings{Azevedo:2013:ZME:2485922.2485961,
 author = {Azevedo, Rodolfo and Davis, John D. and Strauss, Karin and Gopalan, Parikshit and Manasse, Mark and Yekhanin, Sergey},
 title = {Zombie Memory: Extending Memory Lifetime by Reviving Dead Blocks},
 booktitle = {Proceedings of the 40th Annual International Symposium on Computer Architecture},
 series = {ISCA '13},
 year = {2013},
 isbn = {978-1-4503-2079-5},
 location = {Tel-Aviv, Israel},
 pages = {452--463},
 numpages = {12},
 url = {http://doi.acm.org/10.1145/2485922.2485961},
 doi = {10.1145/2485922.2485961},
 acmid = {2485961},
 publisher = {ACM},
 address = {New York, NY, USA},
 keywords = {drift tolerance, error correction, phase-change memory},
}

@article{Azevedo:2013:ZME:2508148.2485961,
 author = {Azevedo, Rodolfo and Davis, John D. and Strauss, Karin and Gopalan, Parikshit and Manasse, Mark and Yekhanin, Sergey},
 title = {Zombie Memory: Extending Memory Lifetime by Reviving Dead Blocks},
 journal = {SIGARCH Comput. Archit. News},
 issue_date = {June 2013},
 volume = {41},
 number = {3},
 month = jun,
 year = {2013},
 issn = {0163-5964},
 pages = {452--463},
 numpages = {12},
 url = {http://doi.acm.org/10.1145/2508148.2485961},
 doi = {10.1145/2508148.2485961},
 acmid = {2485961},
 publisher = {ACM},
 address = {New York, NY, USA},
 keywords = {drift tolerance, error correction, phase-change memory},
}

@inproceedings{Witchel:2017:UWI:3121283.3121285,
 author = {Witchel, Harry J. and Needham, Robert and Healy, Aoife and Guppy, Joseph H. and Bush, Jake and Oberndorfer, C\"{a}cilia and Herberz, Chantal and Westling, Carina E. I. and Kim, Dawit and Roggen, Daniel and Barth, Jens and Eskofier, Bj\"{o}rn M. and Rashid, Waqar and Chockalingam, Nachiappan and Klucken, Jochen},
 title = {Using Wearable Inertial Sensors to Compare Different Versions of the Dual Task Paradigm During Walking},
 booktitle = {Proceedings of the European Conference on Cognitive Ergonomics 2017},
 series = {ECCE 2017},
 year = {2017},
 isbn = {978-1-4503-5256-7},
 location = {Ume\&aring;, Sweden},
 pages = {150--157},
 numpages = {8},
 url = {http://doi.acm.org/10.1145/3121283.3121285},
 doi = {10.1145/3121283.3121285},
 acmid = {3121285},
 publisher = {ACM},
 address = {New York, NY, USA},
 keywords = {MEMS, T25FW, accelerometer, accelerometry, ambulation, ambulatory, gyroscope, inertial, x-io, xIMU, xio},
}

@inproceedings{Tran:2019:RCO:3290688.3290708,
 author = {Tran, Jesse and Nguyen, Quang Vinh and Hol, Ana and Simoff, Simeon},
 title = {Reduction of Cognitive Overload in Online Reviews Using Data Visualisation},
 booktitle = {Proceedings of the Australasian Computer Science Week Multiconference},
 series = {ACSW 2019},
 year = {2019},
 isbn = {978-1-4503-6603-8},
 location = {Sydney, NSW, Australia},
 pages = {48:1--48:9},
 articleno = {48},
 numpages = {9},
 url = {http://doi.acm.org/10.1145/3290688.3290708},
 doi = {10.1145/3290688.3290708},
 acmid = {3290708},
 publisher = {ACM},
 address = {New York, NY, USA},
 keywords = {cognitive overload, data mining, data visualisation, e-commerce, human computer interactions, machine learning, online reviews},
}

@inproceedings{Papakostas:2018:VCF:3197768.3201545,
 author = {Papakostas, Michalis and Tsiakas, Konstantinos and Abujelala, Maher and Bell, Morris and Makedon, Fillia},
 title = {v-CAT: A Cyberlearning Framework for Personalized Cognitive Skill Assessment and Training},
 booktitle = {Proceedings of the 11th PErvasive Technologies Related to Assistive Environments Conference},
 series = {PETRA '18},
 year = {2018},
 isbn = {978-1-4503-6390-7},
 location = {Corfu, Greece},
 pages = {570--574},
 numpages = {5},
 url = {http://doi.acm.org/10.1145/3197768.3201545},
 doi = {10.1145/3197768.3201545},
 acmid = {3201545},
 publisher = {ACM},
 address = {New York, NY, USA},
 keywords = {Computational Cognitive Modeling, Cyberlearning, User Modeling, Vocational Assessment},
}

@inproceedings{Oviatt:2004:WIM:1027933.1027957,
 author = {Oviatt, Sharon and Coulston, Rachel and Lunsford, Rebecca},
 title = {When Do We Interact Multimodally?: Cognitive Load and Multimodal Communication Patterns},
 booktitle = {Proceedings of the 6th International Conference on Multimodal Interfaces},
 series = {ICMI '04},
 year = {2004},
 isbn = {1-58113-995-0},
 location = {State College, PA, USA},
 pages = {129--136},
 numpages = {8},
 url = {http://doi.acm.org/10.1145/1027933.1027957},
 doi = {10.1145/1027933.1027957},
 acmid = {1027957},
 publisher = {ACM},
 address = {New York, NY, USA},
 keywords = {cognitive load, dialogue context, human performance, individual differences, multimodal integration, multimodal interaction, speech and pen input, system adaptation, task difficulty, unimodal interaction},
}

@inproceedings{Matsuzawa:2014:EHM:2631488.2637432,
 author = {Matsuzawa, Tetsuro},
 title = {Evolution of Human Mind and Culture Viewed from the Study of Chimpanzees},
 booktitle = {Proceedings of the 5th ACM International Conference on Collaboration Across Boundaries: Culture, Distance \&\#38; Technology},
 series = {CABS '14},
 year = {2014},
 isbn = {978-1-4503-2557-8},
 location = {Kyoto, Japan},
 pages = {141--141},
 numpages = {1},
 url = {http://doi.acm.org/10.1145/2631488.2637432},
 doi = {10.1145/2631488.2637432},
 acmid = {2637432},
 publisher = {ACM},
 address = {New York, NY, USA},
 keywords = {chimpanzees and human comparison, culture, evolution},
}

@inproceedings{Jin:2018:EPC:3240323.3240358,
 author = {Jin, Yucheng and Tintarev, Nava and Verbert, Katrien},
 title = {Effects of Personal Characteristics on Music Recommender Systems with Different Levels of Controllability},
 booktitle = {Proceedings of the 12th ACM Conference on Recommender Systems},
 series = {RecSys '18},
 year = {2018},
 isbn = {978-1-4503-5901-6},
 location = {Vancouver, British Columbia, Canada},
 pages = {13--21},
 numpages = {9},
 url = {http://doi.acm.org/10.1145/3240323.3240358},
 doi = {10.1145/3240323.3240358},
 acmid = {3240358},
 publisher = {ACM},
 address = {New York, NY, USA},
 keywords = {cognitive load, personal characteristics, recommendation acceptance, user control},
}

@inproceedings{Khawaja:2008:TBY:1517744.1517814,
 author = {Khawaja, M. Asif and Ruiz, Natalie and Chen, Fang},
 title = {Think Before You Talk: An Empirical Study of Relationship Between Speech Pauses and Cognitive Load},
 booktitle = {Proceedings of the 20th Australasian Conference on Computer-Human Interaction: Designing for Habitus and Habitat},
 series = {OZCHI '08},
 year = {2008},
 isbn = {0-9803063-4-5},
 location = {Cairns, Australia},
 pages = {335--338},
 numpages = {4},
 url = {http://doi.acm.org/10.1145/1517744.1517814},
 doi = {10.1145/1517744.1517814},
 acmid = {1517814},
 publisher = {ACM},
 address = {New York, NY, USA},
 keywords = {cognitive load, measurement, pauses, speech features},
}

@inproceedings{Bond:2007:BDL:2174020.2174033,
 author = {Bond, Alan H.},
 title = {BAD, a Declarative Logic-based Language for Brain Modeling},
 booktitle = {Proceedings of the 9th International Conference on Practical Aspects of Declarative Languages},
 series = {PADL'07},
 year = {2007},
 isbn = {3-540-69608-3, 978-3-540-69608-7},
 location = {Nice, France},
 pages = {200--214},
 numpages = {15},
 url = {http://dx.doi.org/10.1007/978-3-540-69611-7_13},
 doi = {10.1007/978-3-540-69611-7_13},
 acmid = {2174033},
 publisher = {Springer-Verlag},
 address = {Berlin, Heidelberg},
}

@article{Rosenthal:1985:AMR:382286.382383,
 author = {Rosenthal, Don},
 title = {Adding Meta Rules to OPS5 a Proposed Extension},
 journal = {SIGPLAN Not.},
 issue_date = {Oct. 1985},
 volume = {20},
 number = {10},
 month = oct,
 year = {1985},
 issn = {0362-1340},
 pages = {79--86},
 numpages = {8},
 url = {http://doi.acm.org/10.1145/382286.382383},
 doi = {10.1145/382286.382383},
 acmid = {382383},
 publisher = {ACM},
 address = {New York, NY, USA},
}

@inproceedings{Ahmed:2011:IDM:2069618.2069703,
 author = {Ahmed, Ashraf Mohamed and Bonnardel, Nathalie and C\^{o}t{\'e}, Pierre},
 title = {The Impact of Design Media on Cognitive Load During Architectural Ideation Process},
 booktitle = {Proceedings of the 8th ACM Conference on Creativity and Cognition},
 series = {C\&\#38;C '11},
 year = {2011},
 isbn = {978-1-4503-0820-5},
 location = {Atlanta, Georgia, USA},
 pages = {375--376},
 numpages = {2},
 url = {http://doi.acm.org/10.1145/2069618.2069703},
 doi = {10.1145/2069618.2069703},
 acmid = {2069703},
 publisher = {ACM},
 address = {New York, NY, USA},
 keywords = {architectural design process, cognitive load, design media},
}

@inproceedings{Rosenberg:2008:RPI:1342250.1342256,
 author = {Rosenberg, Ilya D. and Birdwell, Ken},
 title = {Real-time Particle Isosurface Extraction},
 booktitle = {Proceedings of the 2008 Symposium on Interactive 3D Graphics and Games},
 series = {I3D '08},
 year = {2008},
 isbn = {978-1-59593-983-8},
 location = {Redwood City, California},
 pages = {35--43},
 numpages = {9},
 url = {http://doi.acm.org/10.1145/1342250.1342256},
 doi = {10.1145/1342250.1342256},
 acmid = {1342256},
 publisher = {ACM},
 address = {New York, NY, USA},
}

@article{Ishizaki:2012:ADL:2365864.2151047,
 author = {Ishizaki, Kazuaki and Ogasawara, Takeshi and Castanos, Jose and Nagpurkar, Priya and Edelsohn, David and Nakatani, Toshio},
 title = {Adding Dynamically-typed Language Support to a Statically-typed Language Compiler: Performance Evaluation, Analysis, and Tradeoffs},
 journal = {SIGPLAN Not.},
 issue_date = {July 2012},
 volume = {47},
 number = {7},
 month = mar,
 year = {2012},
 issn = {0362-1340},
 pages = {169--180},
 numpages = {12},
 url = {http://doi.acm.org/10.1145/2365864.2151047},
 doi = {10.1145/2365864.2151047},
 acmid = {2151047},
 publisher = {ACM},
 address = {New York, NY, USA},
 keywords = {dynamically typed language, just-in-time compiler, python},
}

@inproceedings{Ishizaki:2012:ADL:2151024.2151047,
 author = {Ishizaki, Kazuaki and Ogasawara, Takeshi and Castanos, Jose and Nagpurkar, Priya and Edelsohn, David and Nakatani, Toshio},
 title = {Adding Dynamically-typed Language Support to a Statically-typed Language Compiler: Performance Evaluation, Analysis, and Tradeoffs},
 booktitle = {Proceedings of the 8th ACM SIGPLAN/SIGOPS Conference on Virtual Execution Environments},
 series = {VEE '12},
 year = {2012},
 isbn = {978-1-4503-1176-2},
 location = {London, England, UK},
 pages = {169--180},
 numpages = {12},
 url = {http://doi.acm.org/10.1145/2151024.2151047},
 doi = {10.1145/2151024.2151047},
 acmid = {2151047},
 publisher = {ACM},
 address = {New York, NY, USA},
 keywords = {dynamically typed language, just-in-time compiler, python},
}

@inproceedings{Berrios:2018:MSC:3268891.3268904,
 author = {Berr\'{\i}os, Luz L. C\'{o}rdova and Mugruza-Vassallo, Carlos and Flores-Benites, Victor},
 title = {Missed Signals in the Congruency Between Visual Distracting Cues and Auditory Goals},
 booktitle = {Proceedings of the 8th International Conference on Information Communication and Management},
 series = {ICICM '18},
 year = {2018},
 isbn = {978-1-4503-6502-4},
 location = {Edinburgh, United Kingdom},
 pages = {7--11},
 numpages = {5},
 url = {http://doi.acm.org/10.1145/3268891.3268904},
 doi = {10.1145/3268891.3268904},
 acmid = {3268904},
 publisher = {ACM},
 address = {New York, NY, USA},
 keywords = {Attention, Auditory attention, Bottom-up, Cognitive load, Distractive visual stimuli, Omissions, Response inhibition, Top-down},
}

@article{Koch:2006:CNX:1189769.1189771,
 author = {Koch, Christoph},
 title = {On the Complexity of Nonrecursive XQuery and Functional Query Languages on Complex Values},
 journal = {ACM Trans. Database Syst.},
 issue_date = {December 2006},
 volume = {31},
 number = {4},
 month = dec,
 year = {2006},
 issn = {0362-5915},
 pages = {1215--1256},
 numpages = {42},
 url = {http://doi.acm.org/10.1145/1189769.1189771},
 doi = {10.1145/1189769.1189771},
 acmid = {1189771},
 publisher = {ACM},
 address = {New York, NY, USA},
 keywords = {Complex values, XML, XQuery, complexity, conservativity, expressiveness, monad algebra, nested-relational algebra},
}

@inproceedings{Anantpur:2017:TWD:3049832.3049839,
 author = {Anantpur, Jayvant and Govindarajan, R.},
 title = {Taming Warp Divergence},
 booktitle = {Proceedings of the 2017 International Symposium on Code Generation and Optimization},
 series = {CGO '17},
 year = {2017},
 isbn = {978-1-5090-4931-8},
 location = {Austin, USA},
 pages = {50--60},
 numpages = {11},
 url = {http://dl.acm.org/citation.cfm?id=3049832.3049839},
 acmid = {3049839},
 publisher = {IEEE Press},
 address = {Piscataway, NJ, USA},
 keywords = {Divergence, GPU, Warp Scheduling},
}

@inproceedings{Abad:2018:TIS:3210459.3210471,
 author = {Abad, Zahra Shakeri Hossein and Karras, Oliver and Schneider, Kurt and Barker, Ken and Bauer, Mike},
 title = {Task Interruption in Software Development Projects: What Makes Some Interruptions More Disruptive Than Others?},
 booktitle = {Proceedings of the 22Nd International Conference on Evaluation and Assessment in Software Engineering 2018},
 series = {EASE'18},
 year = {2018},
 isbn = {978-1-4503-6403-4},
 location = {Christchurch, New Zealand},
 pages = {122--132},
 numpages = {11},
 url = {http://doi.acm.org/10.1145/3210459.3210471},
 doi = {10.1145/3210459.3210471},
 acmid = {3210471},
 publisher = {ACM},
 address = {New York, NY, USA},
 keywords = {Empirical software engineering, Multitasking, Productivity, Retrospective analysis, Task interruption, Task switching},
}

@inproceedings{Oliveira:2014:PSH:2664243.2664254,
 author = {Oliveira, Daniela and Rosenthal, Marissa and Morin, Nicole and Yeh, Kuo-Chuan and Cappos, Justin and Zhuang, Yanyan},
 title = {It's the Psychology Stupid: How Heuristics Explain Software Vulnerabilities and How Priming Can Illuminate Developer's Blind Spots},
 booktitle = {Proceedings of the 30th Annual Computer Security Applications Conference},
 series = {ACSAC '14},
 year = {2014},
 isbn = {978-1-4503-3005-3},
 location = {New Orleans, Louisiana, USA},
 pages = {296--305},
 numpages = {10},
 url = {http://doi.acm.org/10.1145/2664243.2664254},
 doi = {10.1145/2664243.2664254},
 acmid = {2664254},
 publisher = {ACM},
 address = {New York, NY, USA},
}

@article{Antle:2018:OUD:3175498.3131607,
 author = {Antle, Alissa N. and Chesick, Leslie and Mclaren, Elgin-Skye},
 title = {Opening Up the Design Space of Neurofeedback Brain--Computer Interfaces for Children},
 journal = {ACM Trans. Comput.-Hum. Interact.},
 issue_date = {January 2018},
 volume = {24},
 number = {6},
 month = jan,
 year = {2018},
 issn = {1073-0516},
 pages = {38:1--38:33},
 articleno = {38},
 numpages = {33},
 url = {http://doi.acm.org/10.1145/3131607},
 doi = {10.1145/3131607},
 acmid = {3131607},
 publisher = {ACM},
 address = {New York, NY, USA},
 keywords = {Brain-computer interfaces, children, conceptual framework, design, mental health, self-regulation, strong concepts},
}

@inproceedings{Fairweather:2008:OYA:1414471.1414485,
 author = {Fairweather, Peter G.},
 title = {How Older and Younger Adults Differ in Their Approach to Problem Solving on a Complex Website},
 booktitle = {Proceedings of the 10th International ACM SIGACCESS Conference on Computers and Accessibility},
 series = {Assets '08},
 year = {2008},
 isbn = {978-1-59593-976-0},
 location = {Halifax, Nova Scotia, Canada},
 pages = {67--72},
 numpages = {6},
 url = {http://doi.acm.org/10.1145/1414471.1414485},
 doi = {10.1145/1414471.1414485},
 acmid = {1414485},
 publisher = {ACM},
 address = {New York, NY, USA},
 keywords = {aging, hypertext, world wide web},
}

@inproceedings{Guillen:2009:KDS:1565799.1565801,
 author = {Guillen, Magno R. and Adjouadi, Malek and Bernal, Byron and Ayala, Melvin and Barreto, Armando and Rishe, Naphtali and Lizarraga, Gabriel and You, Xiaozhen and Gaillard, William},
 title = {A Knowledge-based Database System for Visual Rating of fMRI Activation Patterns for Brain Language Networks},
 booktitle = {The Fifth Richard Tapia Celebration of Diversity in Computing Conference: Intellect, Initiatives, Insight, and Innovations},
 series = {TAPIA '09},
 year = {2009},
 isbn = {978-1-60558-217-7},
 location = {Portland, Oregon},
 pages = {1--6},
 numpages = {6},
 url = {http://doi.acm.org/10.1145/1565799.1565801},
 doi = {10.1145/1565799.1565801},
 acmid = {1565801},
 publisher = {ACM},
 address = {New York, NY, USA},
 keywords = {FSL, MRI, SPM, brain activation map, language network, medical image rating, multimedia scoring tool, rater},
}

@inproceedings{Abdullah:2015:MFC:2838739.2838785,
 author = {Abdullah, Muhammad Haziq Lim and Brereton, Margot},
 title = {MyCalendar: Fostering Communication for Children with Autism Spectrum Disorder Through Photos and Videos},
 booktitle = {Proceedings of the Annual Meeting of the Australian Special Interest Group for Computer Human Interaction},
 series = {OzCHI '15},
 year = {2015},
 isbn = {978-1-4503-3673-4},
 location = {Parkville, VIC, Australia},
 pages = {1--9},
 numpages = {9},
 url = {http://doi.acm.org/10.1145/2838739.2838785},
 doi = {10.1145/2838739.2838785},
 acmid = {2838785},
 publisher = {ACM},
 address = {New York, NY, USA},
 keywords = {Autism Spectrum Disorder, Children, Communication, MyCalendar, iPad application},
}

@inproceedings{Demetrescu:2006:TOS:1109557.1109635,
 author = {Demetrescu, Camil and Finocchi, Irene and Ribichini, Andrea},
 title = {Trading off Space for Passes in Graph Streaming Problems},
 booktitle = {Proceedings of the Seventeenth Annual ACM-SIAM Symposium on Discrete Algorithm},
 series = {SODA '06},
 year = {2006},
 isbn = {0-89871-605-5},
 location = {Miami, Florida},
 pages = {714--723},
 numpages = {10},
 url = {http://dl.acm.org/citation.cfm?id=1109557.1109635},
 acmid = {1109635},
 publisher = {Society for Industrial and Applied Mathematics},
 address = {Philadelphia, PA, USA},
}

@article{Chen:2013:MBI:2395123.2395127,
 author = {Chen, Fang and Ruiz, Natalie and Choi, Eric and Epps, Julien and Khawaja, M. Asif and Taib, Ronnie and Yin, Bo and Wang, Yang},
 title = {Multimodal Behavior and Interaction As Indicators of Cognitive Load},
 journal = {ACM Trans. Interact. Intell. Syst.},
 issue_date = {December 2012},
 volume = {2},
 number = {4},
 month = jan,
 year = {2013},
 issn = {2160-6455},
 pages = {22:1--22:36},
 articleno = {22},
 numpages = {36},
 url = {http://doi.acm.org/10.1145/2395123.2395127},
 doi = {10.1145/2395123.2395127},
 acmid = {2395127},
 publisher = {ACM},
 address = {New York, NY, USA},
 keywords = {Cognitive load, assessment, multimodal, pen input},
}

@inproceedings{Cormode:2012:PVC:2090236.2090245,
 author = {Cormode, Graham and Mitzenmacher, Michael and Thaler, Justin},
 title = {Practical Verified Computation with Streaming Interactive Proofs},
 booktitle = {Proceedings of the 3rd Innovations in Theoretical Computer Science Conference},
 series = {ITCS '12},
 year = {2012},
 isbn = {978-1-4503-1115-1},
 location = {Cambridge, Massachusetts},
 pages = {90--112},
 numpages = {23},
 url = {http://doi.acm.org/10.1145/2090236.2090245},
 doi = {10.1145/2090236.2090245},
 acmid = {2090245},
 publisher = {ACM},
 address = {New York, NY, USA},
}

@article{Rees:1987:CPO:30408.30415,
 author = {Rees, Mina},
 title = {The Computing Program of the Office of Naval Research, 1946-1953},
 journal = {Commun. ACM},
 issue_date = {Oct. 1987},
 volume = {30},
 number = {10},
 month = oct,
 year = {1987},
 issn = {0001-0782},
 pages = {832--848},
 numpages = {17},
 url = {http://doi.acm.org/10.1145/30408.30415},
 doi = {10.1145/30408.30415},
 acmid = {30415},
 publisher = {ACM},
 address = {New York, NY, USA},
}

@inproceedings{Chignell:2011:SSP:2093889.2093947,
 author = {Chignell, Mark and Cordy, Jim and Ng, Joanna W. and Yesha, Yelena},
 title = {Second Symposium on the Personal Web},
 booktitle = {Proceedings of the 2011 Conference of the Center for Advanced Studies on Collaborative Research},
 series = {CASCON '11},
 year = {2011},
 location = {Toronto, Ontario, Canada},
 pages = {353--354},
 numpages = {2},
 url = {http://dl.acm.org/citation.cfm?id=2093889.2093947},
 acmid = {2093947},
 publisher = {IBM Corp.},
 address = {Riverton, NJ, USA},
}

@inproceedings{Reeves:2004:DEM:1027933.1028007,
 author = {Reeves, Leah M.},
 title = {Determining Efficient Multimodal Information-interaction Spaces for C2 Systems},
 booktitle = {Proceedings of the 6th International Conference on Multimodal Interfaces},
 series = {ICMI '04},
 year = {2004},
 isbn = {1-58113-995-0},
 location = {State College, PA, USA},
 pages = {349--349},
 numpages = {1},
 url = {http://doi.acm.org/10.1145/1027933.1028007},
 doi = {10.1145/1027933.1028007},
 acmid = {1028007},
 publisher = {ACM},
 address = {New York, NY, USA},
 keywords = {HCI, command and control, guidelines, multimodal design, multisensory},
}

@inproceedings{Marton:2012:ODS:2386936.2386943,
 author = {Marton, Yuval},
 title = {On-demand Distributional Semantic Distance and Paraphrasing},
 booktitle = {Proceedings of the 2012 Conference of the North American Chapter of the Association for Computational Linguistics: Human Language Technologies: Tutorials},
 series = {NAACL HLT '12},
 year = {2012},
 location = {Montr\&eacute;al, Canada},
 pages = {7:1--7:2},
 articleno = {7},
 numpages = {2},
 url = {http://dl.acm.org/citation.cfm?id=2386936.2386943},
 acmid = {2386943},
 publisher = {Association for Computational Linguistics},
 address = {Stroudsburg, PA, USA},
}

@incollection{Kopp:2017:UCM:3015783.3015791,
 author = {Kopp, Stefan and Bergmann, Kirsten},
 chapter = {Using Cognitive Models to Understand Multimodal Processes: The Case for Speech and Gesture Production},
 title = {The Handbook of Multimodal-Multisensor Interfaces},
 editor = {Oviatt, Sharon and Schuller, Bj\"{o}rn and Cohen, Philip R. and Sonntag, Daniel and Potamianos, Gerasimos and Kr\"{u}ger, Antonio},
 year = {2017},
 isbn = {978-1-97000-167-9},
 pages = {239--276},
 numpages = {38},
 url = {https://doi.org/10.1145/3015783.3015791},
 doi = {10.1145/3015783.3015791},
 acmid = {3015791},
 publisher = {Association for Computing Machinery and Morgan \&\#38; Claypool},
 address = {New York, NY, USA},
}

@inproceedings{Chandel:2013:CSV:2442882.2442921,
 author = {Chandel, Priyanka and Devanuj and Doke, Pankaj},
 title = {A Comparative Study of Voice and Graphical User Interfaces with Respect to Literacy Levels},
 booktitle = {Proceedings of the 3rd ACM Symposium on Computing for Development},
 series = {ACM DEV '13},
 year = {2013},
 isbn = {978-1-4503-1856-3},
 location = {Bangalore, India},
 pages = {33:1--33:2},
 articleno = {33},
 numpages = {2},
 url = {http://doi.acm.org/10.1145/2442882.2442921},
 doi = {10.1145/2442882.2442921},
 acmid = {2442921},
 publisher = {ACM},
 address = {New York, NY, USA},
 keywords = {GUI, interactive voice response system, literacy, speech enabled IVR, user interface},
}

