@inproceedings{Shirako:2009:CPL:1542275.1542304,
 author = {Shirako, Jun and Zhao, Jisheng M. and Nandivada, V. Krishna and Sarkar, Vivek N.},
 title = {Chunking Parallel Loops in the Presence of Synchronization},
 booktitle = {Proceedings of the 23rd International Conference on Supercomputing},
 series = {ICS '09},
 year = {2009},
 isbn = {978-1-60558-498-0},
 location = {Yorktown Heights, NY, USA},
 pages = {181--192},
 numpages = {12},
 url = {http://doi.acm.org/10.1145/1542275.1542304},
 doi = {10.1145/1542275.1542304},
 acmid = {1542304},
 publisher = {ACM},
 address = {New York, NY, USA},
 keywords = {exceptions, loop chunking, phasers},
}

@inproceedings{Romanski:2011:ASD:1987816.1987837,
 author = {Roma\'{n}ski, Bart\lomiej and Heldt, \Lukasz and Kilian, Wojciech and Lichota, Krzysztof and Dubnicki, Cezary},
 title = {Anchor-driven Subchunk Deduplication},
 booktitle = {Proceedings of the 4th Annual International Conference on Systems and Storage},
 series = {SYSTOR '11},
 year = {2011},
 isbn = {978-1-4503-0773-4},
 location = {Haifa, Israel},
 pages = {16:1--16:13},
 articleno = {16},
 numpages = {13},
 url = {http://doi.acm.org/10.1145/1987816.1987837},
 doi = {10.1145/1987816.1987837},
 acmid = {1987837},
 publisher = {ACM},
 address = {New York, NY, USA},
 keywords = {CAS, CDC, backup, chunking, deduplication},
}

@inproceedings{Grabchak:2011:APS:1963405.1963432,
 author = {Grabchak, Michael and Bhamidipati, Narayan and Bhatt, Rushi and Garg, Dinesh},
 title = {Adaptive Policies for Selecting Groupon Style Chunked Reward Ads in a Stochastic Knapsack Framework},
 booktitle = {Proceedings of the 20th International Conference on World Wide Web},
 series = {WWW '11},
 year = {2011},
 isbn = {978-1-4503-0632-4},
 location = {Hyderabad, India},
 pages = {167--176},
 numpages = {10},
 url = {http://doi.acm.org/10.1145/1963405.1963432},
 doi = {10.1145/1963405.1963432},
 acmid = {1963432},
 publisher = {ACM},
 address = {New York, NY, USA},
 keywords = {ad selection, chunked rewards, groupon, revenue maximization},
}

@inproceedings{Forget:2008:MPP:1358628.1358926,
 author = {Forget, Alain and Biddle, Robert},
 title = {Memorability of Persuasive Passwords},
 booktitle = {CHI '08 Extended Abstracts on Human Factors in Computing Systems},
 series = {CHI EA '08},
 year = {2008},
 isbn = {978-1-60558-012-8},
 location = {Florence, Italy},
 pages = {3759--3764},
 numpages = {6},
 url = {http://doi.acm.org/10.1145/1358628.1358926},
 doi = {10.1145/1358628.1358926},
 acmid = {1358926},
 publisher = {ACM},
 address = {New York, NY, USA},
 keywords = {authentication, chunking, computer security, memory, passwords, persuasive technology, usable security},
}

@inproceedings{Pokam:2009:ACM:1669112.1669183,
 author = {Pokam, Gilles and Pereira, Cristiano and Danne, Klaus and Kassa, Rolf and Adl-Tabatabai, Ali-Reza},
 title = {Architecting a Chunk-based Memory Race Recorder in Modern CMPs},
 booktitle = {Proceedings of the 42Nd Annual IEEE/ACM International Symposium on Microarchitecture},
 series = {MICRO 42},
 year = {2009},
 isbn = {978-1-60558-798-1},
 location = {New York, New York},
 pages = {576--585},
 numpages = {10},
 url = {http://doi.acm.org/10.1145/1669112.1669183},
 doi = {10.1145/1669112.1669183},
 acmid = {1669183},
 publisher = {ACM},
 address = {New York, NY, USA},
 keywords = {determinism, deterministic replay, memory race recorder},
}

@inproceedings{Otoo:2007:OCL:1317331.1317337,
 author = {Otoo, E. J. and Rotem, Doron and Seshadri, Sridhar},
 title = {Optimal Chunking of Large Multidimensional Arrays for Data Warehousing},
 booktitle = {Proceedings of the ACM Tenth International Workshop on Data Warehousing and OLAP},
 series = {DOLAP '07},
 year = {2007},
 isbn = {978-1-59593-827-5},
 location = {Lisbon, Portugal},
 pages = {25--32},
 numpages = {8},
 url = {http://doi.acm.org/10.1145/1317331.1317337},
 doi = {10.1145/1317331.1317337},
 acmid = {1317337},
 publisher = {ACM},
 address = {New York, NY, USA},
 keywords = {chunking, data warehousing, multi-dimensional arrays},
}

@inproceedings{Kubler:2001:TSC:1072133.1072224,
 author = {K\"{u}bler, Sandra and Hinrichs, Erhard W.},
 title = {T\"{U}SBL: A Similarity-based Chunk Parser for Robust Syntactic Processing},
 booktitle = {Proceedings of the First International Conference on Human Language Technology Research},
 series = {HLT '01},
 year = {2001},
 location = {San Diego},
 pages = {1--6},
 numpages = {6},
 url = {https://doi.org/10.3115/1072133.1072224},
 doi = {10.3115/1072133.1072224},
 acmid = {1072224},
 publisher = {Association for Computational Linguistics},
 address = {Stroudsburg, PA, USA},
 keywords = {chunk parsing, robust parsing, similarity-based learning},
}

@inproceedings{DAB:2018:OAB:3195612.3195615,
 author = {DAB, Asma and Slama, Yosr},
 title = {Optimized Approach Based on Time Prediction and Space Chunking for Polyhedron Programs Parallelization on Multicores},
 booktitle = {Proceedings of the 2Nd International Conference on High Performance Compilation, Computing and Communications},
 series = {HP3C},
 year = {2018},
 isbn = {978-1-4503-6337-2},
 location = {Hong Kong, Hong Kong},
 pages = {22--26},
 numpages = {5},
 url = {http://doi.acm.org/10.1145/3195612.3195615},
 doi = {10.1145/3195612.3195615},
 acmid = {3195615},
 publisher = {ACM},
 address = {New York, NY, USA},
 keywords = {automatic parallelization, chunk, load balancing, mapping, multicores, polyhedron program, prediction, space chunking, thread level parallelism, thread pinning, time prediction},
}

@inproceedings{Bhandari:2016:TRD:3292533.3292535,
 author = {Bhandari, Kumud and Sarkar, Vivek},
 title = {Tree-based Read-only Data Chunks for NVRAM Programming},
 booktitle = {Proceedings of the Sixth Workshop on Data-Flow Execution Models for Extreme Scale Computing},
 series = {DFM'16},
 year = {2016},
 isbn = {978-1-4503-6199-6},
 location = {Haifa, Israel},
 pages = {2:1--2:8},
 articleno = {2},
 numpages = {8},
 url = {http://doi.acm.org/10.1145/3292533.3292535},
 doi = {10.1145/3292533.3292535},
 acmid = {3292535},
 publisher = {ACM},
 address = {New York, NY, USA},
 keywords = {NVM, NVRAM, data persistency, failure resilience, memory model},
}

@inproceedings{Park:2003:TCC:1075096.1075159,
 author = {Park, Seong-Bae and Zhang, Byoung-Tak},
 title = {Text Chunking by Combining Hand-crafted Rules and Memory-based Learning},
 booktitle = {Proceedings of the 41st Annual Meeting on Association for Computational Linguistics - Volume 1},
 series = {ACL '03},
 year = {2003},
 location = {Sapporo, Japan},
 pages = {497--504},
 numpages = {8},
 url = {https://doi.org/10.3115/1075096.1075159},
 doi = {10.3115/1075096.1075159},
 acmid = {1075159},
 publisher = {Association for Computational Linguistics},
 address = {Stroudsburg, PA, USA},
}

@inproceedings{Theodouli:2013:AMC:2480362.2480522,
 author = {Theodouli, Anastasia and Gounaris, Anastasios},
 title = {Adaptive Memory-aware Chunk Sizing Techniques for Data-intensive Queries over Web Services},
 booktitle = {Proceedings of the 28th Annual ACM Symposium on Applied Computing},
 series = {SAC '13},
 year = {2013},
 isbn = {978-1-4503-1656-9},
 location = {Coimbra, Portugal},
 pages = {826--831},
 numpages = {6},
 url = {http://doi.acm.org/10.1145/2480362.2480522},
 doi = {10.1145/2480362.2480522},
 acmid = {2480522},
 publisher = {ACM},
 address = {New York, NY, USA},
}

@inproceedings{Ahn:2009:BHS:1669112.1669131,
 author = {Ahn, W. and Qi, S. and Nicolaides, M. and Torrellas, J. and Lee, J.-W. and Fang, X. and Midkiff, S. and Wong, David},
 title = {BulkCompiler: High-performance Sequential Consistency Through Cooperative Compiler and Hardware Support},
 booktitle = {Proceedings of the 42Nd Annual IEEE/ACM International Symposium on Microarchitecture},
 series = {MICRO 42},
 year = {2009},
 isbn = {978-1-60558-798-1},
 location = {New York, New York},
 pages = {133--144},
 numpages = {12},
 url = {http://doi.acm.org/10.1145/1669112.1669131},
 doi = {10.1145/1669112.1669131},
 acmid = {1669131},
 publisher = {ACM},
 address = {New York, NY, USA},
 keywords = {atomic region, chunk-based architecture, compiler optimization, sequential consistency},
}

@inproceedings{Sang:1999:RTC:977035.977059,
 author = {Sang, Erik F. Tjong Kim and Veenstra, Jorn},
 title = {Representing Text Chunks},
 booktitle = {Proceedings of the Ninth Conference on European Chapter of the Association for Computational Linguistics},
 series = {EACL '99},
 year = {1999},
 location = {Bergen, Norway},
 pages = {173--179},
 numpages = {7},
 url = {https://doi.org/10.3115/977035.977059},
 doi = {10.3115/977035.977059},
 acmid = {977059},
 publisher = {Association for Computational Linguistics},
 address = {Stroudsburg, PA, USA},
}

@article{Chen:2016:TDB:2992803.2992806,
 author = {Chen, Kai and Huo, Qiang},
 title = {Training Deep Bidirectional LSTM Acoustic Model for LVCSR by a Context-sensitive-chunk BPTT Approach},
 journal = {IEEE/ACM Trans. Audio, Speech and Lang. Proc.},
 issue_date = {July 2016},
 volume = {24},
 number = {7},
 month = jul,
 year = {2016},
 issn = {2329-9290},
 pages = {1185--1193},
 numpages = {9},
 url = {http://dl.acm.org/citation.cfm?id=2992803.2992806},
 acmid = {2992806},
 publisher = {IEEE Press},
 address = {Piscataway, NJ, USA},
 keywords = {BPTT, DBLSTM, DNN, LVCSR, context sensitive chunk, long short-term memory, model averaging, parallel training},
}

@inproceedings{Guntz:2018:REP:3279810.3279846,
 author = {Guntz, Thomas and Crowley, James L. and Vaufreydaz, Dominique and Balzarini, Raffaella and Dessus, Philippe},
 title = {The Role of Emotion in Problem Solving: First Results from Observing Chess},
 booktitle = {Proceedings of the Workshop on Modeling Cognitive Processes from Multimodal Data},
 series = {MCPMD '18},
 year = {2016},
 isbn = {978-1-4503-6072-2},
 location = {Boulder, Colorado},
 pages = {12:1--12:8},
 articleno = {12},
 numpages = {8},
 url = {http://doi.acm.org/10.1145/3279810.3279846},
 doi = {10.1145/3279810.3279846},
 acmid = {3279846},
 publisher = {ACM},
 address = {New York, NY, USA},
 keywords = {chess, chunking, cognitive models, multimodal observation of gaze and emotion, situation models, working memory},
}

@inproceedings{Zhang:2002:CBC:1118824.1118842,
 author = {Zhang, Yuqi and Zhou, Qiang},
 title = {Chinese Base-phrases Chunking},
 booktitle = {Proceedings of the First SIGHAN Workshop on Chinese Language Processing - Volume 18},
 series = {SIGHAN '02},
 year = {2002},
 pages = {1--5},
 numpages = {5},
 url = {https://doi.org/10.3115/1118824.1118842},
 doi = {10.3115/1118824.1118842},
 acmid = {1118842},
 publisher = {Association for Computational Linguistics},
 address = {Stroudsburg, PA, USA},
}

@inproceedings{Veenstra:2002:TFC:1118853.1118885,
 author = {Veenstra, Jorn and M\"{u}ller, Frank Henrik and Ule, Tylman},
 title = {Topological Field Chunking for German},
 booktitle = {Proceedings of the 6th Conference on Natural Language Learning - Volume 20},
 series = {COLING-02},
 year = {2002},
 pages = {1--7},
 numpages = {7},
 url = {https://doi.org/10.3115/1118853.1118885},
 doi = {10.3115/1118853.1118885},
 acmid = {1118885},
 publisher = {Association for Computational Linguistics},
 address = {Stroudsburg, PA, USA},
}

@inproceedings{McCormack:1998:NSW:285305.285320,
 author = {McCormack, Joel and McNamara, Robert and Gianos, Christopher and Seiler, Larry and Jouppi, Norman P. and Correll, Ken},
 title = {Neon: A Single-chip 3D Workstation Graphics Accelerator},
 booktitle = {Proceedings of the ACM SIGGRAPH/EUROGRAPHICS Workshop on Graphics Hardware},
 series = {HWWS '98},
 year = {1998},
 isbn = {1-58113-097-X},
 location = {Lisbon, Portugal},
 pages = {123--132},
 numpages = {10},
 url = {http://doi.acm.org/10.1145/285305.285320},
 doi = {10.1145/285305.285320},
 acmid = {285320},
 publisher = {ACM},
 address = {New York, NY, USA},
 keywords = {chunk rendering, direct rendering, graphics pipeline, level of detail, rasterization, texture cache, tile rendering},
}

@inproceedings{Veenstra:2000:SMP:1117601.1117640,
 author = {Veenstra, Jorn and van den Bosch, Antal},
 title = {Single-classifier Memory-based Phrase Chunking},
 booktitle = {Proceedings of the 2Nd Workshop on Learning Language in Logic and the 4th Conference on Computational Natural Language Learning - Volume 7},
 series = {ConLL '00},
 year = {2000},
 location = {Lisbon, Portugal},
 pages = {157--159},
 numpages = {3},
 url = {https://doi.org/10.3115/1117601.1117640},
 doi = {10.3115/1117601.1117640},
 acmid = {1117640},
 publisher = {Association for Computational Linguistics},
 address = {Stroudsburg, PA, USA},
}

@inproceedings{Pellegrini:2009:DLO:1577959.1577973,
 author = {Pellegrini, Alessandro and Vitali, Roberto and Quaglia, Francesco},
 title = {Di-DyMeLoR: Logging Only Dirty Chunks for Efficient Management of Dynamic Memory Based Optimistic Simulation Objects},
 booktitle = {Proceedings of the 2009 ACM/IEEE/SCS 23rd Workshop on Principles of Advanced and Distributed Simulation},
 series = {PADS '09},
 year = {2009},
 isbn = {978-0-7695-3713-9},
 pages = {45--53},
 numpages = {9},
 url = {http://dx.doi.org/10.1109/PADS.2009.24},
 doi = {10.1109/PADS.2009.24},
 acmid = {1577973},
 publisher = {IEEE Computer Society},
 address = {Washington, DC, USA},
 keywords = {Optimistic simulation, Incremental checkpointing, Performance optimization},
}

@inproceedings{Zhou:2000:HTC:1117601.1117642,
 author = {Zhou, GuoDong and Su, Jian and Tey, TongGuan},
 title = {Hybrid Text Chunking},
 booktitle = {Proceedings of the 2Nd Workshop on Learning Language in Logic and the 4th Conference on Computational Natural Language Learning - Volume 7},
 series = {ConLL '00},
 year = {2000},
 location = {Lisbon, Portugal},
 pages = {163--165},
 numpages = {3},
 url = {https://doi.org/10.3115/1117601.1117642},
 doi = {10.3115/1117601.1117642},
 acmid = {1117642},
 publisher = {Association for Computational Linguistics},
 address = {Stroudsburg, PA, USA},
}

@inproceedings{vanHalteren:2000:CWM:1117601.1117639,
 author = {van Halteren, Hans},
 title = {Chunking with WPDV Models},
 booktitle = {Proceedings of the 2Nd Workshop on Learning Language in Logic and the 4th Conference on Computational Natural Language Learning - Volume 7},
 series = {ConLL '00},
 year = {2000},
 location = {Lisbon, Portugal},
 pages = {154--156},
 numpages = {3},
 url = {https://doi.org/10.3115/1117601.1117639},
 doi = {10.3115/1117601.1117639},
 acmid = {1117639},
 publisher = {Association for Computational Linguistics},
 address = {Stroudsburg, PA, USA},
}

@inproceedings{TjongKimSang:2000:TCS:1117601.1117638,
 author = {Tjong Kim Sang, Erik F.},
 title = {Text Chunking by System Combination},
 booktitle = {Proceedings of the 2Nd Workshop on Learning Language in Logic and the 4th Conference on Computational Natural Language Learning - Volume 7},
 series = {ConLL '00},
 year = {2000},
 location = {Lisbon, Portugal},
 pages = {151--153},
 numpages = {3},
 url = {https://doi.org/10.3115/1117601.1117638},
 doi = {10.3115/1117601.1117638},
 acmid = {1117638},
 publisher = {Association for Computational Linguistics},
 address = {Stroudsburg, PA, USA},
}

@inproceedings{Nguyen:2016:PSM:2996913.2997008,
 author = {Nguyen, Quoc-Dinh and Bredif, Mathieu and Richard, Didier and Paparoditis, Nicolas},
 title = {Progressive Streaming and Massive Rendering of 3D City Models on Web-based Virtual Globe},
 booktitle = {Proceedings of the 24th ACM SIGSPATIAL International Conference on Advances in Geographic Information Systems},
 series = {SIGSPACIAL '16},
 year = {2016},
 isbn = {978-1-4503-4589-7},
 location = {Burlingame, California},
 pages = {83:1--83:4},
 articleno = {83},
 numpages = {4},
 url = {http://doi.acm.org/10.1145/2996913.2997008},
 doi = {10.1145/2996913.2997008},
 acmid = {2997008},
 publisher = {ACM},
 address = {New York, NY, USA},
 keywords = {3D urban models, GIS, chunked-LOD, massive rendering, progressive streaming, view-dependent LOD control, virtual globe},
}

@inproceedings{Raman:2008:SSP:1356058.1356082,
 author = {Raman, Easwaran and Va hharajani, Neil and Rangan, Ram and August, David I.},
 title = {Spice: Speculative Parallel Iteration Chunk Execution},
 booktitle = {Proceedings of the 6th Annual IEEE/ACM International Symposium on Code Generation and Optimization},
 series = {CGO '08},
 year = {2008},
 isbn = {978-1-59593-978-4},
 location = {Boston, MA, USA},
 pages = {175--184},
 numpages = {10},
 url = {http://doi.acm.org/10.1145/1356058.1356082},
 doi = {10.1145/1356058.1356082},
 acmid = {1356082},
 publisher = {ACM},
 address = {New York, NY, USA},
 keywords = {automatic paralleization, multicore architectures, speculative parallelization, thread level parallelism, value speculation},
}

@inproceedings{Shen:2019:CRM:3326285.3329047,
 author = {Shen, Gengbiao and Li, Qing and Jiang, Yong and Sinnott, Richard and Lin, Dong and Guo, Zehua and Wang, Yi},
 title = {Chunk-level Request-grant-transfer Mode for QoE-sensitive Video Delivery in CDN},
 booktitle = {Proceedings of the International Symposium on Quality of Service},
 series = {IWQoS '19},
 year = {2019},
 isbn = {978-1-4503-6778-3},
 location = {Phoenix, Arizona},
 pages = {12:1--12:10},
 articleno = {12},
 numpages = {10},
 url = {http://doi.acm.org/10.1145/3326285.3329047},
 doi = {10.1145/3326285.3329047},
 acmid = {3329047},
 publisher = {ACM},
 address = {New York, NY, USA},
 keywords = {DASH, QoE, RDMA, content delivery network, multipoint-to-multipoint},
}

@inproceedings{Kim:2014:ESD:2661829.2661864,
 author = {Kim, Mijung and Candan, K. Sel\c{c}uk},
 title = {Efficient Static and Dynamic In-Database Tensor Decompositions on Chunk-Based Array Stores},
 booktitle = {Proceedings of the 23rd ACM International Conference on Conference on Information and Knowledge Management},
 series = {CIKM '14},
 year = {2014},
 isbn = {978-1-4503-2598-1},
 location = {Shanghai, China},
 pages = {969--978},
 numpages = {10},
 url = {http://doi.acm.org/10.1145/2661829.2661864},
 doi = {10.1145/2661829.2661864},
 acmid = {2661864},
 publisher = {ACM},
 address = {New York, NY, USA},
 keywords = {in-database tensor decomposition, tensor decomposition},
}

@inproceedings{Kuszmaul:2015:SSF:2754169.2754178,
 author = {Kuszmaul, Bradley C.},
 title = {SuperMalloc: A Super Fast Multithreaded Malloc for 64-bit Machines},
 booktitle = {Proceedings of the 2015 International Symposium on Memory Management},
 series = {ISMM '15},
 year = {2015},
 isbn = {978-1-4503-3589-8},
 location = {Portland, OR, USA},
 pages = {41--55},
 numpages = {15},
 url = {http://doi.acm.org/10.1145/2754169.2754178},
 doi = {10.1145/2754169.2754178},
 acmid = {2754178},
 publisher = {ACM},
 address = {New York, NY, USA},
 keywords = {Memory Allocation Library, Virtual Memory, malloc},
}

@article{Kuszmaul:2015:SSF:2887746.2754178,
 author = {Kuszmaul, Bradley C.},
 title = {SuperMalloc: A Super Fast Multithreaded Malloc for 64-bit Machines},
 journal = {SIGPLAN Not.},
 issue_date = {November 2015},
 volume = {50},
 number = {11},
 month = jun,
 year = {2015},
 issn = {0362-1340},
 pages = {41--55},
 numpages = {15},
 url = {http://doi.acm.org/10.1145/2887746.2754178},
 doi = {10.1145/2887746.2754178},
 acmid = {2754178},
 publisher = {ACM},
 address = {New York, NY, USA},
 keywords = {Memory Allocation Library, Virtual Memory, malloc},
}

@inproceedings{Qian:2010:SSC:1934902.1934989,
 author = {Qian, Xuehai and Ahn, Wonsun and Torrellas, Josep},
 title = {ScalableBulk: Scalable Cache Coherence for Atomic Blocks in a Lazy Environment},
 booktitle = {Proceedings of the 2010 43rd Annual IEEE/ACM International Symposium on Microarchitecture},
 series = {MICRO '43},
 year = {2010},
 isbn = {978-0-7695-4299-7},
 pages = {447--458},
 numpages = {12},
 url = {https://doi.org/10.1109/MICRO.2010.29},
 doi = {10.1109/MICRO.2010.29},
 acmid = {1934989},
 publisher = {IEEE Computer Society},
 address = {Washington, DC, USA},
 keywords = {Scalable cache coherence, Memory system, Multiprocessors, Atomic block},
}

@inproceedings{Lee:2014:VIL:2628071.2628075,
 author = {Lee, Janghaeng and Samadi, Mehrzad and Mahlke, Scott},
 title = {VAST: The Illusion of a Large Memory Space for GPUs},
 booktitle = {Proceedings of the 23rd International Conference on Parallel Architectures and Compilation},
 series = {PACT '14},
 year = {2014},
 isbn = {978-1-4503-2809-8},
 location = {Edmonton, AB, Canada},
 pages = {443--454},
 numpages = {12},
 url = {http://doi.acm.org/10.1145/2628071.2628075},
 doi = {10.1145/2628071.2628075},
 acmid = {2628075},
 publisher = {ACM},
 address = {New York, NY, USA},
 keywords = {gpu, optimization, virtual memory},
}

@article{Kim:2015:MMS:2852253.2770871,
 author = {Kim, Myungsun and Koo, Jinkyu and Lee, Hyojung and Geraci, James R.},
 title = {Memory Management Scheme to Improve Utilization Efficiency and Provide Fast Contiguous Allocation Without a Statically Reserved Area},
 journal = {ACM Trans. Des. Autom. Electron. Syst.},
 issue_date = {November 2015},
 volume = {21},
 number = {1},
 month = dec,
 year = {2015},
 issn = {1084-4309},
 pages = {4:1--4:23},
 articleno = {4},
 numpages = {23},
 url = {http://doi.acm.org/10.1145/2770871},
 doi = {10.1145/2770871},
 acmid = {2770871},
 publisher = {ACM},
 address = {New York, NY, USA},
 keywords = {Memory fragmentation, memory management, page cache},
}

@article{Blundell:2009:IPM:1555815.1555785,
 author = {Blundell, Colin and Martin, Milo M.K. and Wenisch, Thomas F.},
 title = {InvisiFence: Performance-transparent Memory Ordering in Conventional Multiprocessors},
 journal = {SIGARCH Comput. Archit. News},
 issue_date = {June 2009},
 volume = {37},
 number = {3},
 month = jun,
 year = {2009},
 issn = {0163-5964},
 pages = {233--244},
 numpages = {12},
 url = {http://doi.acm.org/10.1145/1555815.1555785},
 doi = {10.1145/1555815.1555785},
 acmid = {1555785},
 publisher = {ACM},
 address = {New York, NY, USA},
 keywords = {memory consistency, parallel programming},
}

@inproceedings{Blundell:2009:IPM:1555754.1555785,
 author = {Blundell, Colin and Martin, Milo M.K. and Wenisch, Thomas F.},
 title = {InvisiFence: Performance-transparent Memory Ordering in Conventional Multiprocessors},
 booktitle = {Proceedings of the 36th Annual International Symposium on Computer Architecture},
 series = {ISCA '09},
 year = {2009},
 isbn = {978-1-60558-526-0},
 location = {Austin, TX, USA},
 pages = {233--244},
 numpages = {12},
 url = {http://doi.acm.org/10.1145/1555754.1555785},
 doi = {10.1145/1555754.1555785},
 acmid = {1555785},
 publisher = {ACM},
 address = {New York, NY, USA},
 keywords = {memory consistency, parallel programming},
}

@article{Park:2017:HTC:3140659.3080217,
 author = {Park, Chang Hyun and Heo, Taekyung and Jeong, Jungi and Huh, Jaehyuk},
 title = {Hybrid TLB Coalescing: Improving TLB Translation Coverage Under Diverse Fragmented Memory Allocations},
 journal = {SIGARCH Comput. Archit. News},
 issue_date = {May 2017},
 volume = {45},
 number = {2},
 month = jun,
 year = {2017},
 issn = {0163-5964},
 pages = {444--456},
 numpages = {13},
 url = {http://doi.acm.org/10.1145/3140659.3080217},
 doi = {10.1145/3140659.3080217},
 acmid = {3080217},
 publisher = {ACM},
 address = {New York, NY, USA},
 keywords = {TLB coalescing, Virtual memory, address translation},
}

@inproceedings{Park:2017:HTC:3079856.3080217,
 author = {Park, Chang Hyun and Heo, Taekyung and Jeong, Jungi and Huh, Jaehyuk},
 title = {Hybrid TLB Coalescing: Improving TLB Translation Coverage Under Diverse Fragmented Memory Allocations},
 booktitle = {Proceedings of the 44th Annual International Symposium on Computer Architecture},
 series = {ISCA '17},
 year = {2017},
 isbn = {978-1-4503-4892-8},
 location = {Toronto, ON, Canada},
 pages = {444--456},
 numpages = {13},
 url = {http://doi.acm.org/10.1145/3079856.3080217},
 doi = {10.1145/3079856.3080217},
 acmid = {3080217},
 publisher = {ACM},
 address = {New York, NY, USA},
 keywords = {TLB coalescing, Virtual memory, address translation},
}

@inproceedings{Hawking:2017:EIL:3166072.3166080,
 author = {Hawking, David and Billerbeck, Bodo},
 title = {Efficient In-Memory, List-Based Text Inversion},
 booktitle = {Proceedings of the 22Nd Australasian Document Computing Symposium},
 series = {ADCS 2017},
 year = {2017},
 isbn = {978-1-4503-6391-4},
 location = {Brisbane, QLD, Australia},
 pages = {5:1--5:8},
 articleno = {5},
 numpages = {8},
 url = {http://doi.acm.org/10.1145/3166072.3166080},
 doi = {10.1145/3166072.3166080},
 acmid = {3166080},
 publisher = {ACM},
 address = {New York, NY, USA},
 keywords = {Indexing, Information retrieval, Inverted lists},
}

@inproceedings{Zhou:2000:EHC:1117794.1117803,
 author = {Zhou, GuoDong and Su, Jian},
 title = {Error-driven HMM-based Chunk Tagger with Context-dependent Lexicon},
 booktitle = {Proceedings of the 2000 Joint SIGDAT Conference on Empirical Methods in Natural Language Processing and Very Large Corpora: Held in Conjunction with the 38th Annual Meeting of the Association for Computational Linguistics - Volume 13},
 series = {EMNLP '00},
 year = {2000},
 location = {Hong Kong},
 pages = {71--79},
 numpages = {9},
 url = {https://doi.org/10.3115/1117794.1117803},
 doi = {10.3115/1117794.1117803},
 acmid = {1117803},
 publisher = {Association for Computational Linguistics},
 address = {Stroudsburg, PA, USA},
}

@inproceedings{Osvald:2017:FDV:3091966.3091970,
 author = {Osvald, Leo and Rompf, Tiark},
 title = {Flexible Data Views: Design and Implementation},
 booktitle = {Proceedings of the 4th ACM SIGPLAN International Workshop on Libraries, Languages, and Compilers for Array Programming},
 series = {ARRAY 2017},
 year = {2017},
 isbn = {978-1-4503-5069-3},
 location = {Barcelona, Spain},
 pages = {25--32},
 numpages = {8},
 url = {http://doi.acm.org/10.1145/3091966.3091970},
 doi = {10.1145/3091966.3091970},
 acmid = {3091970},
 publisher = {ACM},
 address = {New York, NY, USA},
 keywords = {algorithms, arrays, memory model, specialization},
}

@inproceedings{Qian:2013:BSF:2540708.2540740,
 author = {Qian, Xuehai and Torrellas, Josep and Sahelices, Benjamin and Qian, Depei},
 title = {BulkCommit: Scalable and Fast Commit of Atomic Blocks in a Lazy Multiprocessor Environment},
 booktitle = {Proceedings of the 46th Annual IEEE/ACM International Symposium on Microarchitecture},
 series = {MICRO-46},
 year = {2013},
 isbn = {978-1-4503-2638-4},
 location = {Davis, California},
 pages = {371--382},
 numpages = {12},
 url = {http://doi.acm.org/10.1145/2540708.2540740},
 doi = {10.1145/2540708.2540740},
 acmid = {2540740},
 publisher = {ACM},
 address = {New York, NY, USA},
 keywords = {atomic blocks, bulk operation, cache coherence, hardware transactions, shared-memory multiprocessors},
}

@article{Choi:2008:SHM:1331331.1331337,
 author = {Choi, Yoonseo and Han, Hwansoo},
 title = {Shared Heap Management for Memory-limited Java Virtual Machines},
 journal = {ACM Trans. Embed. Comput. Syst.},
 issue_date = {February 2008},
 volume = {7},
 number = {2},
 month = jan,
 year = {2008},
 issn = {1539-9087},
 pages = {13:1--13:32},
 articleno = {13},
 numpages = {32},
 url = {http://doi.acm.org/10.1145/1331331.1331337},
 doi = {10.1145/1331331.1331337},
 acmid = {1331337},
 publisher = {ACM},
 address = {New York, NY, USA},
 keywords = {Dynamic memory management, garbage collection, heap sharing, memory protection unit},
}

@article{Zhang:2017:RTV:3029795.2967609,
 author = {Zhang, Xianwei and Zhang, Youtao and Childers, Bruce R. and Yang, Jun},
 title = {On the Restore Time Variations of Future DRAM Memory},
 journal = {ACM Trans. Des. Autom. Electron. Syst.},
 issue_date = {March 2017},
 volume = {22},
 number = {2},
 month = feb,
 year = {2017},
 issn = {1084-4309},
 pages = {26:1--26:24},
 articleno = {26},
 numpages = {24},
 url = {http://doi.acm.org/10.1145/2967609},
 doi = {10.1145/2967609},
 acmid = {2967609},
 publisher = {ACM},
 address = {New York, NY, USA},
 keywords = {DRAM, further scaling, memory access, process variation, remapping, restore},
}

@article{Ceze:2007:BBE:1273440.1250697,
 author = {Ceze, Luis and Tuck, James and Montesinos, Pablo and Torrellas, Josep},
 title = {BulkSC: Bulk Enforcement of Sequential Consistency},
 journal = {SIGARCH Comput. Archit. News},
 issue_date = {May 2007},
 volume = {35},
 number = {2},
 month = jun,
 year = {2007},
 issn = {0163-5964},
 pages = {278--289},
 numpages = {12},
 url = {http://doi.acm.org/10.1145/1273440.1250697},
 doi = {10.1145/1273440.1250697},
 acmid = {1250697},
 publisher = {ACM},
 address = {New York, NY, USA},
 keywords = {bulk, chip multiprocessors, memory consistency models, programmability, sequential consistency},
}

@inproceedings{Ceze:2007:BBE:1250662.1250697,
 author = {Ceze, Luis and Tuck, James and Montesinos, Pablo and Torrellas, Josep},
 title = {BulkSC: Bulk Enforcement of Sequential Consistency},
 booktitle = {Proceedings of the 34th Annual International Symposium on Computer Architecture},
 series = {ISCA '07},
 year = {2007},
 isbn = {978-1-59593-706-3},
 location = {San Diego, California, USA},
 pages = {278--289},
 numpages = {12},
 url = {http://doi.acm.org/10.1145/1250662.1250697},
 doi = {10.1145/1250662.1250697},
 acmid = {1250697},
 publisher = {ACM},
 address = {New York, NY, USA},
 keywords = {bulk, chip multiprocessors, memory consistency models, programmability, sequential consistency},
}

@inproceedings{Pokam:2011:CPM:2155620.2155646,
 author = {Pokam, Gilles and Pereira, Cristiano and Hu, Shiliang and Adl-Tabatabai, Ali-Reza and Gottschlich, Justin and Ha, Jungwoo and Wu, Youfeng},
 title = {CoreRacer: A Practical Memory Race Recorder for Multicore x86 TSO Processors},
 booktitle = {Proceedings of the 44th Annual IEEE/ACM International Symposium on Microarchitecture},
 series = {MICRO-44},
 year = {2011},
 isbn = {978-1-4503-1053-6},
 location = {Porto Alegre, Brazil},
 pages = {216--225},
 numpages = {10},
 url = {http://doi.acm.org/10.1145/2155620.2155646},
 doi = {10.1145/2155620.2155646},
 acmid = {2155646},
 publisher = {ACM},
 address = {New York, NY, USA},
 keywords = {determinism, deterministic replay, memory race recorder},
}

@inproceedings{Kato:2011:DIP:1988796.1988802,
 author = {Kato, Jun and Ishikawa, Yutaka},
 title = {Design and Implementation of Parallel File Aggregation Mechanism},
 booktitle = {Proceedings of the 1st International Workshop on Runtime and Operating Systems for Supercomputers},
 series = {ROSS '11},
 year = {2011},
 isbn = {978-1-4503-0761-1},
 location = {Tucson, Arizona},
 pages = {33--40},
 numpages = {8},
 url = {http://doi.acm.org/10.1145/1988796.1988802},
 doi = {10.1145/1988796.1988802},
 acmid = {1988802},
 publisher = {ACM},
 address = {New York, NY, USA},
 keywords = {file I/O, memory map, parallel file system},
}

@inproceedings{Shen:2006:TFH:1181309.1181317,
 author = {Shen, Jianli and Venkataramani, Guru and Prvulovic, Milos},
 title = {Tradeoffs in Fine-grained Heap Memory Protection},
 booktitle = {Proceedings of the 1st Workshop on Architectural and System Support for Improving Software Dependability},
 series = {ASID '06},
 year = {2006},
 isbn = {1-59593-576-2},
 location = {San Jose, California},
 pages = {52--57},
 numpages = {6},
 url = {http://doi.acm.org/10.1145/1181309.1181317},
 doi = {10.1145/1181309.1181317},
 acmid = {1181317},
 publisher = {ACM},
 address = {New York, NY, USA},
 keywords = {heap security, memory protection, protection granularity},
}

@inproceedings{Jung:2012:FMM:2245276.2232067,
 author = {Jung, Jinman and Jang, Joonhyouk and Cho, Yookun and Han, Hwansoo and Jeon, Gwangil and Cho, Seong-Je and Jang, Minwoo and Kim, Jung Y.},
 title = {A Fast Mount Mechanism for YAFFS2},
 booktitle = {Proceedings of the 27th Annual ACM Symposium on Applied Computing},
 series = {SAC '12},
 year = {2012},
 isbn = {978-1-4503-0857-1},
 location = {Trento, Italy},
 pages = {1791--1795},
 numpages = {5},
 url = {http://doi.acm.org/10.1145/2245276.2232067},
 doi = {10.1145/2245276.2232067},
 acmid = {2232067},
 publisher = {ACM},
 address = {New York, NY, USA},
 keywords = {YAFFS2, fast mounting, file system, flash memory},
}

@inproceedings{Hwang:2014:MFG:2576195.2576203,
 author = {Hwang, Jinho and Uppal, Ahsen and Wood, Timothy and Huang, Howie},
 title = {Mortar: Filling the Gaps in Data Center Memory},
 booktitle = {Proceedings of the 10th ACM SIGPLAN/SIGOPS International Conference on Virtual Execution Environments},
 series = {VEE '14},
 year = {2014},
 isbn = {978-1-4503-2764-0},
 location = {Salt Lake City, Utah, USA},
 pages = {53--64},
 numpages = {12},
 url = {http://doi.acm.org/10.1145/2576195.2576203},
 doi = {10.1145/2576195.2576203},
 acmid = {2576203},
 publisher = {ACM},
 address = {New York, NY, USA},
 keywords = {disk prefetching, memcached, memory management, virtualization},
}

@article{Hwang:2014:MFG:2674025.2576203,
 author = {Hwang, Jinho and Uppal, Ahsen and Wood, Timothy and Huang, Howie},
 title = {Mortar: Filling the Gaps in Data Center Memory},
 journal = {SIGPLAN Not.},
 issue_date = {July 2014},
 volume = {49},
 number = {7},
 month = mar,
 year = {2014},
 issn = {0362-1340},
 pages = {53--64},
 numpages = {12},
 url = {http://doi.acm.org/10.1145/2674025.2576203},
 doi = {10.1145/2674025.2576203},
 acmid = {2576203},
 publisher = {ACM},
 address = {New York, NY, USA},
 keywords = {disk prefetching, memcached, memory management, virtualization},
}

@article{Sukumaran-Rajam:2015:PMN:2836331.2838734,
 author = {Sukumaran-Rajam, Aravind and Clauss, Philippe},
 title = {The Polyhedral Model of Nonlinear Loops},
 journal = {ACM Trans. Archit. Code Optim.},
 issue_date = {January 2016},
 volume = {12},
 number = {4},
 month = dec,
 year = {2015},
 issn = {1544-3566},
 pages = {48:1--48:27},
 articleno = {48},
 numpages = {27},
 url = {http://doi.acm.org/10.1145/2838734},
 doi = {10.1145/2838734},
 acmid = {2838734},
 publisher = {ACM},
 address = {New York, NY, USA},
 keywords = {Speculative and dynamic loop parallelization, nonlinear memory references, polyhedral model},
}

@article{Gonzalez-Mesa:2014:ETM:2658949.2633048,
 author = {Gonzalez-Mesa, M. A. and Gutierrez, Eladio and Zapata, Emilio L. and Plata, Oscar},
 title = {Effective Transactional Memory Execution Management for Improved Concurrency},
 journal = {ACM Trans. Archit. Code Optim.},
 issue_date = {October 2014},
 volume = {11},
 number = {3},
 month = aug,
 year = {2014},
 issn = {1544-3566},
 pages = {24:1--24:27},
 articleno = {24},
 numpages = {27},
 url = {http://doi.acm.org/10.1145/2633048},
 doi = {10.1145/2633048},
 acmid = {2633048},
 publisher = {ACM},
 address = {New York, NY, USA},
 keywords = {Transactional memory, concurrency exploitation, dependence analysis, optimistic concurrency, program parallelization},
}

@inproceedings{Srivastava:2018:EIC:3195612.3195621,
 author = {Srivastava, Riktesh},
 title = {Exploration of In-memory Computing for Big Data Analytics Using Queuing Theory},
 booktitle = {Proceedings of the 2Nd International Conference on High Performance Compilation, Computing and Communications},
 series = {HP3C},
 year = {2018},
 isbn = {978-1-4503-6337-2},
 location = {Hong Kong, Hong Kong},
 pages = {11--16},
 numpages = {6},
 url = {http://doi.acm.org/10.1145/3195612.3195621},
 doi = {10.1145/3195612.3195621},
 acmid = {3195621},
 publisher = {ACM},
 address = {New York, NY, USA},
 keywords = {G/G/1 queue, G/M/1 queue, M/G/1 queue, M/M/1 queue, in-memory computing (IMC)},
}

@inproceedings{Hammerton:2003:NER:1119176.1119202,
 author = {Hammerton, James},
 title = {Named Entity Recognition with Long Short-term Memory},
 booktitle = {Proceedings of the Seventh Conference on Natural Language Learning at HLT-NAACL 2003 - Volume 4},
 series = {CONLL '03},
 year = {2003},
 location = {Edmonton, Canada},
 pages = {172--175},
 numpages = {4},
 url = {https://doi.org/10.3115/1119176.1119202},
 doi = {10.3115/1119176.1119202},
 acmid = {1119202},
 publisher = {Association for Computational Linguistics},
 address = {Stroudsburg, PA, USA},
}

@inproceedings{Hwang:2013:MFG:2523616.2525937,
 author = {Hwang, Jinho and Uppal, Ahsen J. and Wood, Timothy and Huang, H. Howie},
 title = {Mortar: Filling the Gaps in Data Center Memory},
 booktitle = {Proceedings of the 4th Annual Symposium on Cloud Computing},
 series = {SOCC '13},
 year = {2013},
 isbn = {978-1-4503-2428-1},
 location = {Santa Clara, California},
 pages = {30:1--30:2},
 articleno = {30},
 numpages = {2},
 url = {http://doi.acm.org/10.1145/2523616.2525937},
 doi = {10.1145/2523616.2525937},
 acmid = {2525937},
 publisher = {ACM},
 address = {New York, NY, USA},
}

@inproceedings{Mutschler:2006:EMP:1218112.1218269,
 author = {Mutschler, David W.},
 title = {Enhancement of Memory Pools Toward a Multi-threaded Implementation of the Joint Integrated Mission Model (JIMM)},
 booktitle = {Proceedings of the 38th Conference on Winter Simulation},
 series = {WSC '06},
 year = {2006},
 isbn = {1-4244-0501-7},
 location = {Monterey, California},
 pages = {856--862},
 numpages = {7},
 url = {http://dl.acm.org/citation.cfm?id=1218112.1218269},
 acmid = {1218269},
 publisher = {Winter Simulation Conference},
}

@article{Jun:2019:FTT:3326461.3329079,
 author = {Jun, Jaeyung and Paik, Yoonah and Min, Gyeong Il and Kim, Seon Wook and Han, Youngsun},
 title = {Fault Tolerance Technique Offlining Faulty Blocks by Heap Memory Management},
 journal = {ACM Trans. Des. Autom. Electron. Syst.},
 issue_date = {June 2019},
 volume = {24},
 number = {4},
 month = jun,
 year = {2019},
 issn = {1084-4309},
 pages = {47:1--47:25},
 articleno = {47},
 numpages = {25},
 url = {http://doi.acm.org/10.1145/3329079},
 doi = {10.1145/3329079},
 acmid = {3329079},
 publisher = {ACM},
 address = {New York, NY, USA},
 keywords = {DRAM fault recovery},
}

@inproceedings{Hendrickx:2003:MON:1119176.1119203,
 author = {Hendrickx, Iris and van den Bosch, Antal},
 title = {Memory-based One-step Named-entity Recognition: Effects of Seed List Features, Classifier Stacking, and Unannotated Data},
 booktitle = {Proceedings of the Seventh Conference on Natural Language Learning at HLT-NAACL 2003 - Volume 4},
 series = {CONLL '03},
 year = {2003},
 location = {Edmonton, Canada},
 pages = {176--179},
 numpages = {4},
 url = {https://doi.org/10.3115/1119176.1119203},
 doi = {10.3115/1119176.1119203},
 acmid = {1119203},
 publisher = {Association for Computational Linguistics},
 address = {Stroudsburg, PA, USA},
}

@inproceedings{Zhang:2015:EDR:2755753.2755862,
 author = {Zhang, Xianwei and Zhang, Youtao and Childers, Bruce R. and Yang, Jun},
 title = {Exploiting DRAM Restore Time Variations in Deep Sub-micron Scaling},
 booktitle = {Proceedings of the 2015 Design, Automation \&\#38; Test in Europe Conference \&\#38; Exhibition},
 series = {DATE '15},
 year = {2015},
 isbn = {978-3-9815370-4-8},
 location = {Grenoble, France},
 pages = {477--482},
 numpages = {6},
 url = {http://dl.acm.org/citation.cfm?id=2755753.2755862},
 acmid = {2755862},
 publisher = {EDA Consortium},
 address = {San Jose, CA, USA},
}

@inproceedings{Ordman:1985:MTS:320599.322555,
 author = {Ordman, Edward T.},
 title = {Mimimal Threshold Separators and Memory Requirements for Synchronization (Abstract Only)},
 booktitle = {Proceedings of the 1985 ACM Thirteenth Annual Conference on Computer Science},
 series = {CSC '85},
 year = {1985},
 isbn = {0-89791-150-4},
 location = {New Orleans, Louisiana, USA},
 pages = {430--},
 url = {http://doi.acm.org/10.1145/320599.322555},
 doi = {10.1145/320599.322555},
 acmid = {322555},
 publisher = {ACM},
 address = {New York, NY, USA},
}

@inproceedings{Che:2011:DOM:2063384.2063401,
 author = {Che, Shuai and Sheaffer, Jeremy W. and Skadron, Kevin},
 title = {Dymaxion: Optimizing Memory Access Patterns for Heterogeneous Systems},
 booktitle = {Proceedings of 2011 International Conference for High Performance Computing, Networking, Storage and Analysis},
 series = {SC '11},
 year = {2011},
 isbn = {978-1-4503-0771-0},
 location = {Seattle, Washington},
 pages = {13:1--13:11},
 articleno = {13},
 numpages = {11},
 url = {http://doi.acm.org/10.1145/2063384.2063401},
 doi = {10.1145/2063384.2063401},
 acmid = {2063401},
 publisher = {ACM},
 address = {New York, NY, USA},
 keywords = {GPGPU, heterogeneous computer architectures, latency hiding, memory access and data layout},
}

@inproceedings{St.John:2012:MPB:2141702.2141715,
 author = {St. John, Tom and Dennis, Jack B. and Gao, Guang R.},
 title = {Massively Parallel Breadth First Search Using a Tree-structured Memory Model},
 booktitle = {Proceedings of the 2012 International Workshop on Programming Models and Applications for Multicores and Manycores},
 series = {PMAM '12},
 year = {2012},
 isbn = {978-1-4503-1211-0},
 location = {New Orleans, Louisiana},
 pages = {115--123},
 numpages = {9},
 url = {http://doi.acm.org/10.1145/2141702.2141715},
 doi = {10.1145/2141702.2141715},
 acmid = {2141715},
 publisher = {ACM},
 address = {New York, NY, USA},
 keywords = {Fresh Breeze, breadth-first search, determinacy, graph algorithms},
}

@article{Gottscho:2017:LMF:3145508.3126534,
 author = {Gottscho, Mark and Alam, Irina and Schoeny, Clayton and Dolecek, Lara and Gupta, Puneet},
 title = {Low-Cost Memory Fault Tolerance for IoT Devices},
 journal = {ACM Trans. Embed. Comput. Syst.},
 issue_date = {October 2017},
 volume = {16},
 number = {5s},
 month = sep,
 year = {2017},
 issn = {1539-9087},
 pages = {128:1--128:25},
 articleno = {128},
 numpages = {25},
 url = {http://doi.acm.org/10.1145/3126534},
 doi = {10.1145/3126534},
 acmid = {3126534},
 publisher = {ACM},
 address = {New York, NY, USA},
 keywords = {ECC, IoT, Scratchpad memory, approximate computing, defects, fault tolerance, soft errors},
}

@inproceedings{Elmeleegy:2014:SMD:2588555.2595634,
 author = {Elmeleegy, Khaled and Olston, Christopher and Reed, Benjamin},
 title = {SpongeFiles: Mitigating Data Skew in Mapreduce Using Distributed Memory},
 booktitle = {Proceedings of the 2014 ACM SIGMOD International Conference on Management of Data},
 series = {SIGMOD '14},
 year = {2014},
 isbn = {978-1-4503-2376-5},
 location = {Snowbird, Utah, USA},
 pages = {551--562},
 numpages = {12},
 url = {http://doi.acm.org/10.1145/2588555.2595634},
 doi = {10.1145/2588555.2595634},
 acmid = {2595634},
 publisher = {ACM},
 address = {New York, NY, USA},
 keywords = {handling data skew},
}

@inproceedings{Sundaram:2000:DCS:354384.354440,
 author = {Sundaram, Hari and Chang, Shih-Fu and Chang, Shih-Fu},
 title = {Determining Computable Scenes in Films and Their Structures Using Audio-visual Memory Models},
 booktitle = {Proceedings of the Eighth ACM International Conference on Multimedia},
 series = {MULTIMEDIA '00},
 year = {2000},
 isbn = {1-58113-198-4},
 location = {Marina del Rey, California, USA},
 pages = {95--104},
 numpages = {10},
 url = {http://doi.acm.org/10.1145/354384.354440},
 doi = {10.1145/354384.354440},
 acmid = {354440},
 publisher = {ACM},
 address = {New York, NY, USA},
 keywords = {computable scenes, films, memory models, periodic analysis transform, scene detection, shot-level structure},
}

@inproceedings{Peluso:2011:ATM:2060104.2060646,
 author = {Peluso, Sebastiano and Didona, Diego and Quaglia, Francesco},
 title = {Application Transparent Migration of Simulation Objects with Generic Memory Layout},
 booktitle = {Proceedings of the 2011 IEEE Workshop on Principles of Advanced and Distributed Simulation},
 series = {PADS '11},
 year = {2011},
 isbn = {978-1-4577-1363-7},
 pages = {1--9},
 numpages = {9},
 url = {https://doi.org/10.1109/PADS.2011.5936755},
 doi = {10.1109/PADS.2011.5936755},
 acmid = {2060646},
 publisher = {IEEE Computer Society},
 address = {Washington, DC, USA},
}

@article{Kadayif:2005:DST:1067915.1067922,
 author = {Kadayif, I. and Kandemir, M.},
 title = {Data Space-oriented Tiling for Enhancing Locality},
 journal = {ACM Trans. Embed. Comput. Syst.},
 issue_date = {May 2005},
 volume = {4},
 number = {2},
 month = may,
 year = {2005},
 issn = {1539-9087},
 pages = {388--414},
 numpages = {27},
 url = {http://doi.acm.org/10.1145/1067915.1067922},
 doi = {10.1145/1067915.1067922},
 acmid = {1067922},
 publisher = {ACM},
 address = {New York, NY, USA},
 keywords = {Software compilation, array-intensive applications, data locality, iteration space tiling, scratch pad memory},
}

@article{Koru:2005:EHM:1082983.1083114,
 author = {Koru, A. G\"{u}nes and Ozok, A. Ant and Norcio, Anthony F.},
 title = {The Effect of Human Memory Organization on Code Reviews Under Different Single and Pair Code Reviewing Scenarios},
 journal = {SIGSOFT Softw. Eng. Notes},
 issue_date = {July 2005},
 volume = {30},
 number = {4},
 month = may,
 year = {2005},
 issn = {0163-5948},
 pages = {1--3},
 numpages = {3},
 url = {http://doi.acm.org/10.1145/1082983.1083114},
 doi = {10.1145/1082983.1083114},
 acmid = {1083114},
 publisher = {ACM},
 address = {New York, NY, USA},
}

@inproceedings{Koru:2005:EHM:1083106.1083114,
 author = {Koru, A. G\"{u}nes and Ozok, A. Ant and Norcio, Anthony F.},
 title = {The Effect of Human Memory Organization on Code Reviews Under Different Single and Pair Code Reviewing Scenarios},
 booktitle = {Proceedings of the 2005 Workshop on Human and Social Factors of Software Engineering},
 series = {HSSE '05},
 year = {2005},
 isbn = {1-59593-120-1},
 location = {St. Louis, Missouri},
 pages = {1--3},
 numpages = {3},
 url = {http://doi.acm.org/10.1145/1082983.1083114},
 doi = {10.1145/1082983.1083114},
 acmid = {1083114},
 publisher = {ACM},
 address = {New York, NY, USA},
}

@inproceedings{Lin:2015:ISU:2830840.2830842,
 author = {Lin, Chun-Ta and Chang, Yuan-Hao and Kuo, Tei-Wei and Chang, Hung-Sheng and Li, Hsiang-Pang},
 title = {How to Improve the Space Utilization of Dedup-based PCM Storage Devices?},
 booktitle = {Proceedings of the 10th International Conference on Hardware/Software Codesign and System Synthesis},
 series = {CODES '15},
 year = {2015},
 isbn = {978-1-4673-8321-9},
 location = {Amsterdam, The Netherlands},
 pages = {11--20},
 numpages = {10},
 url = {http://dl.acm.org/citation.cfm?id=2830840.2830842},
 acmid = {2830842},
 publisher = {IEEE Press},
 address = {Piscataway, NJ, USA},
}

@article{Ugawa:2010:IRI:1837855.1806664,
 author = {Ugawa, Tomoharu and Iwasaki, Hideya and Yuasa, Taiichi},
 title = {Improved Replication-based Incremental Garbage Collection for Embedded Systems},
 journal = {SIGPLAN Not.},
 issue_date = {August 2010},
 volume = {45},
 number = {8},
 month = jun,
 year = {2010},
 issn = {0362-1340},
 pages = {73--82},
 numpages = {10},
 url = {http://doi.acm.org/10.1145/1837855.1806664},
 doi = {10.1145/1837855.1806664},
 acmid = {1806664},
 publisher = {ACM},
 address = {New York, NY, USA},
 keywords = {compaction, embedded systems, fragmentation, garbage collection, real-time garbage collection},
}

@inproceedings{Ugawa:2010:IRI:1806651.1806664,
 author = {Ugawa, Tomoharu and Iwasaki, Hideya and Yuasa, Taiichi},
 title = {Improved Replication-based Incremental Garbage Collection for Embedded Systems},
 booktitle = {Proceedings of the 2010 International Symposium on Memory Management},
 series = {ISMM '10},
 year = {2010},
 isbn = {978-1-4503-0054-4},
 location = {Toronto, Ontario, Canada},
 pages = {73--82},
 numpages = {10},
 url = {http://doi.acm.org/10.1145/1806651.1806664},
 doi = {10.1145/1806651.1806664},
 acmid = {1806664},
 publisher = {ACM},
 address = {New York, NY, USA},
 keywords = {compaction, embedded systems, fragmentation, garbage collection, real-time garbage collection},
}

@article{Zhu:2016:CCD:3041228.3041249,
 author = {Zhu, Ming and Li, Dan and Wang, Fangxin and Li, Anke and Ramakrishnan, K. K. and Liu, Ying and Wu, Jianping and Zhu, Nan and Liu, Xue},
 title = {CCDN: Content-Centric Data Center Networks},
 journal = {IEEE/ACM Trans. Netw.},
 issue_date = {December 2016},
 volume = {24},
 number = {6},
 month = dec,
 year = {2016},
 issn = {1063-6692},
 pages = {3537--3550},
 numpages = {14},
 url = {https://doi.org/10.1109/TNET.2016.2530739},
 doi = {10.1109/TNET.2016.2530739},
 acmid = {3041249},
 publisher = {IEEE Press},
 address = {Piscataway, NJ, USA},
}

@inproceedings{Meister:2013:BLC:2485732.2485748,
 author = {Meister, Dirk and Kaiser, J\"{u}rgen and Brinkmann, Andr{\'e}},
 title = {Block Locality Caching for Data Deduplication},
 booktitle = {Proceedings of the 6th International Systems and Storage Conference},
 series = {SYSTOR '13},
 year = {2013},
 isbn = {978-1-4503-2116-7},
 location = {Haifa, Israel},
 pages = {15:1--15:12},
 articleno = {15},
 numpages = {12},
 url = {http://doi.acm.org/10.1145/2485732.2485748},
 doi = {10.1145/2485732.2485748},
 acmid = {2485748},
 publisher = {ACM},
 address = {New York, NY, USA},
 keywords = {backup, data deduplication, disk bottleneck},
}

@article{Gay:2001:LMU:378613.378769,
 author = {Gay, Joshua},
 title = {Layered Memory Using Backward-chaining},
 journal = {J. Comput. Sci. Coll.},
 issue_date = {2001},
 volume = {16},
 number = {4},
 month = apr,
 year = {2001},
 issn = {1937-4771},
 pages = {320--322},
 numpages = {3},
 url = {http://dl.acm.org/citation.cfm?id=378613.378769},
 acmid = {378769},
 publisher = {Consortium for Computing Sciences in Colleges},
 address = {USA},
}

@inproceedings{Gay:2001:LMU:378593.378769,
 author = {Gay, Joshua},
 title = {Layered Memory Using Backward-chaining},
 booktitle = {Proceedings of the Sixth Annual CCSC Northeastern Conference on The Journal of Computing in Small Colleges},
 series = {CCSC '01},
 year = {2001},
 location = {Middlebury, Vermont, USA},
 pages = {320--322},
 numpages = {3},
 url = {http://dl.acm.org/citation.cfm?id=378593.378769},
 acmid = {378769},
 publisher = {Consortium for Computing Sciences in Colleges},
 address = {USA},
}

@article{Pokam:2013:QPI:2508148.2485977,
 author = {Pokam, Gilles and Danne, Klaus and Pereira, Cristiano and Kassa, Rolf and Kranich, Tim and Hu, Shiliang and Gottschlich, Justin and Honarmand, Nima and Dautenhahn, Nathan and King, Samuel T. and Torrellas, Josep},
 title = {QuickRec: Prototyping an Intel Architecture Extension for Record and Replay of Multithreaded Programs},
 journal = {SIGARCH Comput. Archit. News},
 issue_date = {June 2013},
 volume = {41},
 number = {3},
 month = jun,
 year = {2013},
 issn = {0163-5964},
 pages = {643--654},
 numpages = {12},
 url = {http://doi.acm.org/10.1145/2508148.2485977},
 doi = {10.1145/2508148.2485977},
 acmid = {2485977},
 publisher = {ACM},
 address = {New York, NY, USA},
 keywords = {FPGA prototype, deterministic record and replay, hardware-software interface, shared memory multiprocessors},
}

@inproceedings{Pokam:2013:QPI:2485922.2485977,
 author = {Pokam, Gilles and Danne, Klaus and Pereira, Cristiano and Kassa, Rolf and Kranich, Tim and Hu, Shiliang and Gottschlich, Justin and Honarmand, Nima and Dautenhahn, Nathan and King, Samuel T. and Torrellas, Josep},
 title = {QuickRec: Prototyping an Intel Architecture Extension for Record and Replay of Multithreaded Programs},
 booktitle = {Proceedings of the 40th Annual International Symposium on Computer Architecture},
 series = {ISCA '13},
 year = {2013},
 isbn = {978-1-4503-2079-5},
 location = {Tel-Aviv, Israel},
 pages = {643--654},
 numpages = {12},
 url = {http://doi.acm.org/10.1145/2485922.2485977},
 doi = {10.1145/2485922.2485977},
 acmid = {2485977},
 publisher = {ACM},
 address = {New York, NY, USA},
 keywords = {FPGA prototype, deterministic record and replay, hardware-software interface, shared memory multiprocessors},
}

@article{Li:2014:EHI:2705611.2641572,
 author = {Li, Yan-Kit and Xu, Min and Ng, Chun-Ho and Lee, Patrick P. C.},
 title = {Efficient Hybrid Inline and Out-of-Line Deduplication for Backup Storage},
 journal = {Trans. Storage},
 issue_date = {February 2015},
 volume = {11},
 number = {1},
 month = dec,
 year = {2014},
 issn = {1553-3077},
 pages = {2:1--2:21},
 articleno = {2},
 numpages = {21},
 url = {http://doi.acm.org/10.1145/2641572},
 doi = {10.1145/2641572},
 acmid = {2641572},
 publisher = {ACM},
 address = {New York, NY, USA},
 keywords = {Deduplication, backup storage},
}

@article{Sudan:2010:MID:1735970.1736045,
 author = {Sudan, Kshitij and Chatterjee, Niladrish and Nellans, David and Awasthi, Manu and Balasubramonian, Rajeev and Davis, Al},
 title = {Micro-pages: Increasing DRAM Efficiency with Locality-aware Data Placement},
 journal = {SIGARCH Comput. Archit. News},
 issue_date = {March 2010},
 volume = {38},
 number = {1},
 month = mar,
 year = {2010},
 issn = {0163-5964},
 pages = {219--230},
 numpages = {12},
 url = {http://doi.acm.org/10.1145/1735970.1736045},
 doi = {10.1145/1735970.1736045},
 acmid = {1736045},
 publisher = {ACM},
 address = {New York, NY, USA},
 keywords = {data placement, dram row-buffer management},
}

@article{Sudan:2010:MID:1735971.1736045,
 author = {Sudan, Kshitij and Chatterjee, Niladrish and Nellans, David and Awasthi, Manu and Balasubramonian, Rajeev and Davis, Al},
 title = {Micro-pages: Increasing DRAM Efficiency with Locality-aware Data Placement},
 journal = {SIGPLAN Not.},
 issue_date = {March 2010},
 volume = {45},
 number = {3},
 month = mar,
 year = {2010},
 issn = {0362-1340},
 pages = {219--230},
 numpages = {12},
 url = {http://doi.acm.org/10.1145/1735971.1736045},
 doi = {10.1145/1735971.1736045},
 acmid = {1736045},
 publisher = {ACM},
 address = {New York, NY, USA},
 keywords = {data placement, dram row-buffer management},
}

@inproceedings{Sudan:2010:MID:1736020.1736045,
 author = {Sudan, Kshitij and Chatterjee, Niladrish and Nellans, David and Awasthi, Manu and Balasubramonian, Rajeev and Davis, Al},
 title = {Micro-pages: Increasing DRAM Efficiency with Locality-aware Data Placement},
 booktitle = {Proceedings of the Fifteenth Edition of ASPLOS on Architectural Support for Programming Languages and Operating Systems},
 series = {ASPLOS XV},
 year = {2010},
 isbn = {978-1-60558-839-1},
 location = {Pittsburgh, Pennsylvania, USA},
 pages = {219--230},
 numpages = {12},
 url = {http://doi.acm.org/10.1145/1736020.1736045},
 doi = {10.1145/1736020.1736045},
 acmid = {1736045},
 publisher = {ACM},
 address = {New York, NY, USA},
 keywords = {data placement, dram row-buffer management},
}

@article{Ruan:2018:SNE:3180736.3180742,
 author = {Ruan, Yu-Ping and Chen, Qian and Ling, Zhen-Hua},
 title = {A Sequential Neural Encoder With Latent Structured Description for Modeling Sentences},
 journal = {IEEE/ACM Trans. Audio, Speech and Lang. Proc.},
 issue_date = {February 2018},
 volume = {26},
 number = {2},
 month = feb,
 year = {2018},
 issn = {2329-9290},
 pages = {231--242},
 numpages = {12},
 url = {https://doi.org/10.1109/TASLP.2017.2773198},
 doi = {10.1109/TASLP.2017.2773198},
 acmid = {3180742},
 publisher = {IEEE Press},
 address = {Piscataway, NJ, USA},
}

@inproceedings{Cohen:2016:CNS:2928275.2933281,
 author = {Cohen, Rami and Cassuto, Yuval},
 title = {Coded Network Switches for Improved Throughput},
 booktitle = {Proceedings of the 9th ACM International on Systems and Storage Conference},
 series = {SYSTOR '16},
 year = {2016},
 isbn = {978-1-4503-4381-7},
 location = {Haifa, Israel},
 pages = {19:1--19:1},
 articleno = {19},
 numpages = {1},
 url = {http://doi.acm.org/10.1145/2928275.2933281},
 doi = {10.1145/2928275.2933281},
 acmid = {2933281},
 publisher = {ACM},
 address = {New York, NY, USA},
 keywords = {Coded network switches, Combinatorial designs, MDS codes, Throughput},
}

@inproceedings{Kjolstad:2010:GCP:1953611.1953615,
 author = {Kjolstad, Fredrik Berg and Snir, Marc},
 title = {Ghost Cell Pattern},
 booktitle = {Proceedings of the 2010 Workshop on Parallel Programming Patterns},
 series = {ParaPLoP '10},
 year = {2010},
 isbn = {978-1-4503-0127-5},
 location = {Carefree, Arizona, USA},
 pages = {4:1--4:9},
 articleno = {4},
 numpages = {9},
 url = {http://doi.acm.org/10.1145/1953611.1953615},
 doi = {10.1145/1953611.1953615},
 acmid = {1953615},
 publisher = {ACM},
 address = {New York, NY, USA},
 keywords = {Ghost Cells, border exchanges, pattern, structured grids},
}

@article{Paik:2015:PUP:2814459.2776891,
 author = {Paik, Jaehyon and Kim, Jong W. and Ritter, Frank E. and Reitter, David},
 title = {Predicting User Performance and Learning in Human--Computer Interaction with the Herbal Compiler},
 journal = {ACM Trans. Comput.-Hum. Interact.},
 issue_date = {October 2015},
 volume = {22},
 number = {5},
 month = aug,
 year = {2015},
 issn = {1073-0516},
 pages = {25:1--25:26},
 articleno = {25},
 numpages = {26},
 url = {http://doi.acm.org/10.1145/2776891},
 doi = {10.1145/2776891},
 acmid = {2776891},
 publisher = {ACM},
 address = {New York, NY, USA},
 keywords = {ACT-R, Computational cognitive modeling, GOMS, KLM, evaluating user interfaces, expertise, user modeling},
}

@inproceedings{Kelly:2014:NVN:2674061.2675024,
 author = {Kelly, Jack and Batra, Nipun and Parson, Oliver and Dutta, Haimonti and Knottenbelt, William and Rogers, Alex and Singh, Amarjeet and Srivastava, Mani},
 title = {NILMTK V0.2: A Non-intrusive Load Monitoring Toolkit for Large Scale Data Sets: Demo Abstract},
 booktitle = {Proceedings of the 1st ACM Conference on Embedded Systems for Energy-Efficient Buildings},
 series = {BuildSys '14},
 year = {2014},
 isbn = {978-1-4503-3144-9},
 location = {Memphis, Tennessee},
 pages = {182--183},
 numpages = {2},
 url = {http://doi.acm.org/10.1145/2674061.2675024},
 doi = {10.1145/2674061.2675024},
 acmid = {2675024},
 publisher = {ACM},
 address = {New York, NY, USA},
}

@inproceedings{Vrenios:2008:MMG:1341811.1341844,
 author = {Vrenios, Alexander},
 title = {McGAT: Multicomputer Granularity Assessment Tool},
 booktitle = {Proceedings of the 15th ACM Mardi Gras Conference: From Lightweight Mash-ups to Lambda Grids: Understanding the Spectrum of Distributed Computing Requirements, Applications, Tools, Infrastructures, Interoperability, and the Incremental Adoption of Key Capabilities},
 series = {MG '08},
 year = {2008},
 isbn = {978-1-59593-835-0},
 location = {Baton Rouge, Louisiana, USA},
 pages = {30:1--30:1},
 articleno = {30},
 numpages = {1},
 url = {http://doi.acm.org/10.1145/1341811.1341844},
 doi = {10.1145/1341811.1341844},
 acmid = {1341844},
 publisher = {ACM},
 address = {New York, NY, USA},
}

@article{Jacobson:2012:NNC:2063176.2063204,
 author = {Jacobson, Van and Smetters, Diana K. and Thornton, James D. and Plass, Michael and Briggs, Nick and Braynard, Rebecca},
 title = {Networking Named Content},
 journal = {Commun. ACM},
 issue_date = {January 2012},
 volume = {55},
 number = {1},
 month = jan,
 year = {2012},
 issn = {0001-0782},
 pages = {117--124},
 numpages = {8},
 url = {http://doi.acm.org/10.1145/2063176.2063204},
 doi = {10.1145/2063176.2063204},
 acmid = {2063204},
 publisher = {ACM},
 address = {New York, NY, USA},
}

@inproceedings{Gutierrez:2012:LCI:2380403.2380433,
 author = {Gutierrez, Anthony and Pusdesris, Joseph and Dreslinski, Ronald G. and Mudge, Trevor},
 title = {Lazy Cache Invalidation for Self-modifying Codes},
 booktitle = {Proceedings of the 2012 International Conference on Compilers, Architectures and Synthesis for Embedded Systems},
 series = {CASES '12},
 year = {2012},
 isbn = {978-1-4503-1424-4},
 location = {Tampere, Finland},
 pages = {151--160},
 numpages = {10},
 url = {http://doi.acm.org/10.1145/2380403.2380433},
 doi = {10.1145/2380403.2380433},
 acmid = {2380433},
 publisher = {ACM},
 address = {New York, NY, USA},
 keywords = {architecture, instruction caching, self-modifying code, software-assisted coherence},
}

@inproceedings{Miller:1994:MDB:181181.181197,
 author = {Miller, W. Marcus and Najjar, Walid A. and Wim B\"{o}hm, A. P.},
 title = {A Model for Dataflow Based Vector Execution},
 booktitle = {Proceedings of the 8th International Conference on Supercomputing},
 series = {ICS '94},
 year = {1994},
 isbn = {0-89791-665-4},
 location = {Manchester, England},
 pages = {11--22},
 numpages = {12},
 url = {http://doi.acm.org/10.1145/181181.181197},
 doi = {10.1145/181181.181197},
 acmid = {181197},
 publisher = {ACM},
 address = {New York, NY, USA},
}

@article{Jiang:2013:LRC:2425327.2425329,
 author = {Jiang, Mike Tian-Jian and Lee, Tsung-Hsien and Hsu, Wen-Lian},
 title = {The Left and Right Context of a Word: Overlapping Chinese Syllable Word Segmentation with Minimal Context},
 issue_date = {March 2013},
 volume = {12},
 number = {1},
 month = mar,
 year = {2013},
 issn = {1530-0226},
 pages = {2:1--2:23},
 articleno = {2},
 numpages = {23},
 url = {http://doi.acm.org/10.1145/2425327.2425329},
 doi = {10.1145/2425327.2425329},
 acmid = {2425329},
 publisher = {ACM},
 address = {New York, NY, USA},
 keywords = {Chinese phonetic input methods, syllable-to-word conversion},
}

@article{Dennis:2003:FBM:773365.773367,
 author = {Dennis, Jack B.},
 title = {Fresh Breeze: A Multiprocessor Chip Architecture Guided by Modular Programming Principles},
 journal = {SIGARCH Comput. Archit. News},
 issue_date = {March 2003},
 volume = {31},
 number = {1},
 month = mar,
 year = {2003},
 issn = {0163-5964},
 pages = {7--15},
 numpages = {9},
 url = {http://doi.acm.org/10.1145/773365.773367},
 doi = {10.1145/773365.773367},
 acmid = {773367},
 publisher = {ACM},
 address = {New York, NY, USA},
}

@article{Muddukrishna:2016:GGO:3016078.2851156,
 author = {Muddukrishna, Ananya and Jonsson, Peter A. and Podobas, Artur and Brorsson, Mats},
 title = {Grain Graphs: OpenMP Performance Analysis Made Easy},
 journal = {SIGPLAN Not.},
 issue_date = {August 2016},
 volume = {51},
 number = {8},
 month = feb,
 year = {2016},
 issn = {0362-1340},
 pages = {28:1--28:13},
 articleno = {28},
 numpages = {13},
 url = {http://doi.acm.org/10.1145/3016078.2851156},
 doi = {10.1145/3016078.2851156},
 acmid = {2851156},
 publisher = {ACM},
 address = {New York, NY, USA},
 keywords = {OpenMP, performance analysis, performance visualization, task-based programs},
}

@inproceedings{Muddukrishna:2016:GGO:2851141.2851156,
 author = {Muddukrishna, Ananya and Jonsson, Peter A. and Podobas, Artur and Brorsson, Mats},
 title = {Grain Graphs: OpenMP Performance Analysis Made Easy},
 booktitle = {Proceedings of the 21st ACM SIGPLAN Symposium on Principles and Practice of Parallel Programming},
 series = {PPoPP '16},
 year = {2016},
 isbn = {978-1-4503-4092-2},
 location = {Barcelona, Spain},
 pages = {28:1--28:13},
 articleno = {28},
 numpages = {13},
 url = {http://doi.acm.org/10.1145/2851141.2851156},
 doi = {10.1145/2851141.2851156},
 acmid = {2851156},
 publisher = {ACM},
 address = {New York, NY, USA},
 keywords = {OpenMP, performance analysis, performance visualization, task-based programs},
}

@inproceedings{vandenBosch:2002:SPB:1073083.1073156,
 author = {van den Bosch, Antal and Buchholz, Sabine},
 title = {Shallow Parsing on the Basis of Words Only: A Case Study},
 booktitle = {Proceedings of the 40th Annual Meeting on Association for Computational Linguistics},
 series = {ACL '02},
 year = {2002},
 location = {Philadelphia, Pennsylvania},
 pages = {433--440},
 numpages = {8},
 url = {https://doi.org/10.3115/1073083.1073156},
 doi = {10.3115/1073083.1073156},
 acmid = {1073156},
 publisher = {Association for Computational Linguistics},
 address = {Stroudsburg, PA, USA},
}

@inproceedings{Gidron:2012:SSL:2312005.2312035,
 author = {Gidron, Elad and Keidar, Idit and Perelman, Dmitri and Perez, Yonathan},
 title = {SALSA: Scalable and Low Synchronization NUMA-aware Algorithm for Producer-consumer Pools},
 booktitle = {Proceedings of the Twenty-fourth Annual ACM Symposium on Parallelism in Algorithms and Architectures},
 series = {SPAA '12},
 year = {2012},
 isbn = {978-1-4503-1213-4},
 location = {Pittsburgh, Pennsylvania, USA},
 pages = {151--160},
 numpages = {10},
 url = {http://doi.acm.org/10.1145/2312005.2312035},
 doi = {10.1145/2312005.2312035},
 acmid = {2312035},
 publisher = {ACM},
 address = {New York, NY, USA},
 keywords = {concurrent data structures, multi-core},
}

@inproceedings{Bhatotia:2012:SGI:2208461.2208475,
 author = {Bhatotia, Pramod and Rodrigues, Rodrigo and Verma, Akshat},
 title = {Shredder: GPU-accelerated Incremental Storage and Computation},
 booktitle = {Proceedings of the 10th USENIX Conference on File and Storage Technologies},
 series = {FAST'12},
 year = {2012},
 location = {San Jose, CA},
 pages = {14--14},
 numpages = {1},
 url = {http://dl.acm.org/citation.cfm?id=2208461.2208475},
 acmid = {2208475},
 publisher = {USENIX Association},
 address = {Berkeley, CA, USA},
}

@article{Hayes:2008:INA:1496091.1496095,
 author = {Hayes, David A. and But, Jason and Armitage, Grenville},
 title = {Issues with Network Address Translation for SCTP},
 journal = {SIGCOMM Comput. Commun. Rev.},
 issue_date = {January 2009},
 volume = {39},
 number = {1},
 month = dec,
 year = {2008},
 issn = {0146-4833},
 pages = {23--33},
 numpages = {11},
 url = {http://doi.acm.org/10.1145/1496091.1496095},
 doi = {10.1145/1496091.1496095},
 acmid = {1496095},
 publisher = {ACM},
 address = {New York, NY, USA},
 keywords = {FreeBSD, libalias, network address translation (NAT), stream control transmission protocol (SCTP)},
}

@inproceedings{Peleg:2019:BMD:3319647.3325846,
 author = {Peleg, Gil and Baruch, Offer and Polotsky, Dori},
 title = {Backup Mainframe Data to Object Storage Systems},
 booktitle = {Proceedings of the 12th ACM International Conference on Systems and Storage},
 series = {SYSTOR '19},
 year = {2019},
 isbn = {978-1-4503-6749-3},
 location = {Haifa, Israel},
 pages = {185--185},
 numpages = {1},
 url = {http://doi.acm.org/10.1145/3319647.3325846},
 doi = {10.1145/3319647.3325846},
 acmid = {3325846},
 publisher = {ACM},
 address = {New York, NY, USA},
 keywords = {cloud, mainframe, object storage},
}

@inproceedings{Liu:2009:RHR:1542275.1542327,
 author = {Liu, Chuanyi and Gu, Yu and Sun, Linchun and Yan, Bin and Wang, Dongsheng},
 title = {R-ADMAD: High Reliability Provision for Large-scale De-duplication Archival Storage Systems},
 booktitle = {Proceedings of the 23rd International Conference on Supercomputing},
 series = {ICS '09},
 year = {2009},
 isbn = {978-1-60558-498-0},
 location = {Yorktown Heights, NY, USA},
 pages = {370--379},
 numpages = {10},
 url = {http://doi.acm.org/10.1145/1542275.1542327},
 doi = {10.1145/1542275.1542327},
 acmid = {1542327},
 publisher = {ACM},
 address = {New York, NY, USA},
 keywords = {data de-duplication, error correcting code, reliability},
}

@inproceedings{Verma:2003:DPM:1119772.1119788,
 author = {Verma, Manish and Steinke, Stefan and Marwedel, Peter},
 title = {Data Partitioning for Maximal Scratchpad Usage},
 booktitle = {Proceedings of the 2003 Asia and South Pacific Design Automation Conference},
 series = {ASP-DAC '03},
 year = {2003},
 isbn = {0-7803-7660-9},
 location = {Kitakyushu, Japan},
 pages = {77--83},
 numpages = {7},
 url = {http://doi.acm.org/10.1145/1119772.1119788},
 doi = {10.1145/1119772.1119788},
 acmid = {1119788},
 publisher = {ACM},
 address = {New York, NY, USA},
}

@inproceedings{Zhu:2016:GCD:3026877.3026901,
 author = {Zhu, Xiaowei and Chen, Wenguang and Zheng, Weimin and Ma, Xiaosong},
 title = {Gemini: A Computation-centric Distributed Graph Processing System},
 booktitle = {Proceedings of the 12th USENIX Conference on Operating Systems Design and Implementation},
 series = {OSDI'16},
 year = {2016},
 isbn = {978-1-931971-33-1},
 location = {Savannah, GA, USA},
 pages = {301--316},
 numpages = {16},
 url = {http://dl.acm.org/citation.cfm?id=3026877.3026901},
 acmid = {3026901},
 publisher = {USENIX Association},
 address = {Berkeley, CA, USA},
}

@inproceedings{Sabry:2012:HHA:2492708.2492982,
 author = {Sabry, Mohamed M. and Atienza, David and Catthoor, Francky},
 title = {A Hybrid HW-SW Approach for Intermittent Error Mitigation in Streaming-based Embedded Systems},
 booktitle = {Proceedings of the Conference on Design, Automation and Test in Europe},
 series = {DATE '12},
 year = {2012},
 isbn = {978-3-9810801-8-6},
 location = {Dresden, Germany},
 pages = {1110--1113},
 numpages = {4},
 url = {http://dl.acm.org/citation.cfm?id=2492708.2492982},
 acmid = {2492982},
 publisher = {EDA Consortium},
 address = {San Jose, CA, USA},
}

@inproceedings{Miki:2016:EOD:3019120.3019124,
 author = {Miki, Nobuhiro and Ino, Fumihiko and Hagihara, Kenichi},
 title = {An Extension of OpenACC Directives for Out-of-core Stencil Computation with Temporal Blocking},
 booktitle = {Proceedings of the Third International Workshop on Accelerator Programming Using Directives},
 series = {WACCPD '16},
 year = {2016},
 isbn = {978-1-5090-6152-5},
 location = {Salt Lake City, Utah},
 pages = {36--45},
 numpages = {10},
 url = {https://doi.org/10.1109/WACCPD.2016.10},
 doi = {10.1109/WACCPD.2016.10},
 acmid = {3019124},
 publisher = {IEEE Press},
 address = {Piscataway, NJ, USA},
}

@inproceedings{Hu:2013:MGT:2463676.2463704,
 author = {Hu, Xiaocheng and Tao, Yufei and Chung, Chin-Wan},
 title = {Massive Graph Triangulation},
 booktitle = {Proceedings of the 2013 ACM SIGMOD International Conference on Management of Data},
 series = {SIGMOD '13},
 year = {2013},
 isbn = {978-1-4503-2037-5},
 location = {New York, New York, USA},
 pages = {325--336},
 numpages = {12},
 url = {http://doi.acm.org/10.1145/2463676.2463704},
 doi = {10.1145/2463676.2463704},
 acmid = {2463704},
 publisher = {ACM},
 address = {New York, NY, USA},
 keywords = {graph, i/o-efficient algorithm, triangle},
}

@inproceedings{LeBeane:2016:ETQ:3014904.3015012,
 author = {LeBeane, Michael and Potter, Brandon and Pan, Abhisek and Dutu, Alexandru and Agarwala, Vinay and Lee, Wonchan and Majeti, Deepak and Ghimire, Bibek and Van Tassell, Eric and Wasmundt, Samuel and Benton, Brad and Breternitz, Mauricio and Chu, Michael L. and Thottethodi, Mithuna and John, Lizy K. and Reinhardt, Steven K.},
 title = {Extended Task Queuing: Active Messages for Heterogeneous Systems},
 booktitle = {Proceedings of the International Conference for High Performance Computing, Networking, Storage and Analysis},
 series = {SC '16},
 year = {2016},
 isbn = {978-1-4673-8815-3},
 location = {Salt Lake City, Utah},
 pages = {80:1--80:12},
 articleno = {80},
 numpages = {12},
 url = {http://dl.acm.org/citation.cfm?id=3014904.3015012},
 acmid = {3015012},
 publisher = {IEEE Press},
 address = {Piscataway, NJ, USA},
 keywords = {accelerator architectures, computer architecture, computer networks, distributed computing, network interfaces},
}

@inproceedings{Street:2001:SEA:502512.502568,
 author = {Street, W. Nick and Kim, YongSeog},
 title = {A Streaming Ensemble Algorithm (SEA) for Large-scale Classification},
 booktitle = {Proceedings of the Seventh ACM SIGKDD International Conference on Knowledge Discovery and Data Mining},
 series = {KDD '01},
 year = {2001},
 isbn = {1-58113-391-X},
 location = {San Francisco, California},
 pages = {377--382},
 numpages = {6},
 url = {http://doi.acm.org/10.1145/502512.502568},
 doi = {10.1145/502512.502568},
 acmid = {502568},
 publisher = {ACM},
 address = {New York, NY, USA},
 keywords = {ensemble classification, streaming data},
}

@inproceedings{Drozd:2011:PFG:2148600.2148612,
 author = {Drozd, Aleksandr and Maruyama, Naoya and Matsuoka, Satoshi},
 title = {Poster: Fast GPU Read Alignment with Burrows Wheeler Transform Based Index},
 booktitle = {Proceedings of the 2011 Companion on High Performance Computing Networking, Storage and Analysis Companion},
 series = {SC '11 Companion},
 year = {2011},
 isbn = {978-1-4503-1030-7},
 location = {Seattle, Washington, USA},
 pages = {21--22},
 numpages = {2},
 url = {http://doi.acm.org/10.1145/2148600.2148612},
 doi = {10.1145/2148600.2148612},
 acmid = {2148612},
 publisher = {ACM},
 address = {New York, NY, USA},
 keywords = {gpu, read alignment},
}

@inproceedings{Song:1993:FVA:949845.949872,
 author = {Song, Deyang and Golin, Eric},
 title = {Fine-grain Visualization Algorithms in Dataflow Environments},
 booktitle = {Proceedings of the 4th Conference on Visualization '93},
 series = {VIS '93},
 year = {1993},
 isbn = {0-8186-3940-7},
 location = {San Jose, California},
 pages = {126--133},
 numpages = {8},
 url = {http://dl.acm.org/citation.cfm?id=949845.949872},
 acmid = {949872},
 publisher = {IEEE Computer Society},
 address = {Washington, DC, USA},
}

@inproceedings{Saoudi:2016:PDM:3010089.3010118,
 author = {Saoudi, Massinissa and Lounis, Massinissa and Bounceur, Ahc\`{e}ne and Euler, Reinhardt and Kechadi, Tahar},
 title = {A Parallel Data Mining Algorithm for PageRank Computation},
 booktitle = {Proceedings of the International Conference on Big Data and Advanced Wireless Technologies},
 series = {BDAW '16},
 year = {2016},
 isbn = {978-1-4503-4779-2},
 location = {Blagoevgrad, Bulgaria},
 pages = {33:1--33:5},
 articleno = {33},
 numpages = {5},
 url = {http://doi.acm.org/10.1145/3010089.3010118},
 doi = {10.1145/3010089.3010118},
 acmid = {3010118},
 publisher = {ACM},
 address = {New York, NY, USA},
 keywords = {Big Data, CUDA, Data Mining, PageRank, Parallel Computation},
}

@inproceedings{vandenBosch:2005:ISS:1706543.1706557,
 author = {van den Bosch, Antal and Daelemans, Walter},
 title = {Improving Sequence Segmentation Learning by Predicting Trigrams},
 booktitle = {Proceedings of the Ninth Conference on Computational Natural Language Learning},
 series = {CONLL '05},
 year = {2005},
 location = {Ann Arbor, Michigan},
 pages = {80--87},
 numpages = {8},
 url = {http://dl.acm.org/citation.cfm?id=1706543.1706557},
 acmid = {1706557},
 publisher = {Association for Computational Linguistics},
 address = {Stroudsburg, PA, USA},
}

@inproceedings{Madsen:2015:FAS:2808091.2808094,
 author = {Madsen, Frederik M. and Clifton-Everest, Robert and Chakravarty, Manuel M. T. and Keller, Gabriele},
 title = {Functional Array Streams},
 booktitle = {Proceedings of the 4th ACM SIGPLAN Workshop on Functional High-Performance Computing},
 series = {FHPC 2015},
 year = {2015},
 isbn = {978-1-4503-3807-3},
 location = {Vancouver, BC, Canada},
 pages = {23--34},
 numpages = {12},
 url = {http://doi.acm.org/10.1145/2808091.2808094},
 doi = {10.1145/2808091.2808094},
 acmid = {2808094},
 publisher = {ACM},
 address = {New York, NY, USA},
 keywords = {Arrays, Data parallelism, Embedded language, GPGPU, Haskell, Streams},
}

@inproceedings{Choudhuri:2008:DSG:1450135.1450141,
 author = {Choudhuri, Siddharth and Givargis, Tony},
 title = {Deterministic Service Guarantees for Nand Flash Using Partial Block Cleaning},
 booktitle = {Proceedings of the 6th IEEE/ACM/IFIP International Conference on Hardware/Software Codesign and System Synthesis},
 series = {CODES+ISSS '08},
 year = {2008},
 isbn = {978-1-60558-470-6},
 location = {Atlanta, GA, USA},
 pages = {19--24},
 numpages = {6},
 url = {http://doi.acm.org/10.1145/1450135.1450141},
 doi = {10.1145/1450135.1450141},
 acmid = {1450141},
 publisher = {ACM},
 address = {New York, NY, USA},
 keywords = {determinism, embedded systems, file systems, nand flash, qos, real-time, storage},
}

@inproceedings{Kim:2014:TIT:2661829.2661842,
 author = {Kim, Mijung and Candan, K. Sel\c{c}uk},
 title = {TensorDB: In-Database Tensor Manipulation with Tensor-Relational Query Plans},
 booktitle = {Proceedings of the 23rd ACM International Conference on Conference on Information and Knowledge Management},
 series = {CIKM '14},
 year = {2014},
 isbn = {978-1-4503-2598-1},
 location = {Shanghai, China},
 pages = {2039--2041},
 numpages = {3},
 url = {http://doi.acm.org/10.1145/2661829.2661842},
 doi = {10.1145/2661829.2661842},
 acmid = {2661842},
 publisher = {ACM},
 address = {New York, NY, USA},
 keywords = {in-database tensor decomposition, tensor decomposition},
}

@inproceedings{Gavrielatos:2018:SCE:3190508.3190550,
 author = {Gavrielatos, Vasilis and Katsarakis, Antonios and Joshi, Arpit and Oswald, Nicolai and Grot, Boris and Nagarajan, Vijay},
 title = {Scale-out ccNUMA: Exploiting Skew with Strongly Consistent Caching},
 booktitle = {Proceedings of the Thirteenth EuroSys Conference},
 series = {EuroSys '18},
 year = {2018},
 isbn = {978-1-4503-5584-1},
 location = {Porto, Portugal},
 pages = {21:1--21:15},
 articleno = {21},
 numpages = {15},
 url = {http://doi.acm.org/10.1145/3190508.3190550},
 doi = {10.1145/3190508.3190550},
 acmid = {3190550},
 publisher = {ACM},
 address = {New York, NY, USA},
 keywords = {RDMA, consistency, key-value stores, replication},
}

@article{Stenstrom:1992:CPE:146628.139705,
 author = {Stenstr\"{o}m, Per and Joe, Truman and Gupta, Anoop},
 title = {Comparative Performance Evaluation of Cache-coherent NUMA and COMA Architectures},
 journal = {SIGARCH Comput. Archit. News},
 issue_date = {May 1992},
 volume = {20},
 number = {2},
 month = apr,
 year = {1992},
 issn = {0163-5964},
 pages = {80--91},
 numpages = {12},
 url = {http://doi.acm.org/10.1145/146628.139705},
 doi = {10.1145/146628.139705},
 acmid = {139705},
 publisher = {ACM},
 address = {New York, NY, USA},
}

@inproceedings{Stenstrom:1992:CPE:139669.139705,
 author = {Stenstr\"{o}m, Per and Joe, Truman and Gupta, Anoop},
 title = {Comparative Performance Evaluation of Cache-coherent NUMA and COMA Architectures},
 booktitle = {Proceedings of the 19th Annual International Symposium on Computer Architecture},
 series = {ISCA '92},
 year = {1992},
 isbn = {0-89791-509-7},
 location = {Queensland, Australia},
 pages = {80--91},
 numpages = {12},
 url = {http://doi.acm.org/10.1145/139669.139705},
 doi = {10.1145/139669.139705},
 acmid = {139705},
 publisher = {ACM},
 address = {New York, NY, USA},
}

@inproceedings{Chen:2010:TOR:1854273.1854337,
 author = {Chen, Rong and Chen, Haibo and Zang, Binyu},
 title = {Tiled-MapReduce: Optimizing Resource Usages of Data-parallel Applications on Multicore with Tiling},
 booktitle = {Proceedings of the 19th International Conference on Parallel Architectures and Compilation Techniques},
 series = {PACT '10},
 year = {2010},
 isbn = {978-1-4503-0178-7},
 location = {Vienna, Austria},
 pages = {523--534},
 numpages = {12},
 url = {http://doi.acm.org/10.1145/1854273.1854337},
 doi = {10.1145/1854273.1854337},
 acmid = {1854337},
 publisher = {ACM},
 address = {New York, NY, USA},
 keywords = {mapreduce, multicore, tiled-mapreduce, tiling},
}

@article{Chen:2013:TEF:2445572.2445575,
 author = {Chen, Rong and Chen, Haibo},
 title = {Tiled-MapReduce: Efficient and Flexible MapReduce Processing on Multicore with Tiling},
 journal = {ACM Trans. Archit. Code Optim.},
 issue_date = {April 2013},
 volume = {10},
 number = {1},
 month = apr,
 year = {2013},
 issn = {1544-3566},
 pages = {3:1--3:30},
 articleno = {3},
 numpages = {30},
 url = {http://doi.acm.org/10.1145/2445572.2445575},
 doi = {10.1145/2445572.2445575},
 acmid = {2445575},
 publisher = {ACM},
 address = {New York, NY, USA},
 keywords = {MapReduce, Tiled-MapReduce, multicore, tiling},
}

@article{Hou:2017:UIP:3098275.3078838,
 author = {Hou, Binbing and Chen, Feng and Ou, Zhonghong and Wang, Ren and Mesnier, Michael},
 title = {Understanding I/O Performance Behaviors of Cloud Storage from a Client\&Rsquo;s Perspective},
 journal = {ACM Trans. Storage},
 issue_date = {June 2017},
 volume = {13},
 number = {2},
 month = may,
 year = {2017},
 issn = {1553-3077},
 pages = {16:1--16:36},
 articleno = {16},
 numpages = {36},
 url = {http://doi.acm.org/10.1145/3078838},
 doi = {10.1145/3078838},
 acmid = {3078838},
 publisher = {ACM},
 address = {New York, NY, USA},
 keywords = {Cloud storage, measurement, performance analysis, performance optimization, storage systems},
}

@inproceedings{Jain:2005:TTA:1251028.1251049,
 author = {Jain, Navendu and Dahlin, Mike and Tewari, Renu},
 title = {TAPER: Tiered Approach for Eliminating Redundancy in Replica Synchronization},
 booktitle = {Proceedings of the 4th Conference on USENIX Conference on File and Storage Technologies - Volume 4},
 series = {FAST'05},
 year = {2005},
 location = {San Francisco, CA},
 pages = {21--21},
 numpages = {1},
 url = {http://dl.acm.org/citation.cfm?id=1251028.1251049},
 acmid = {1251049},
 publisher = {USENIX Association},
 address = {Berkeley, CA, USA},
}

@article{Karayannidis:2008:HCO:1380759.1380769,
 author = {Karayannidis, Nikos and Sellis, Timos},
 title = {Hierarchical Clustering for OLAP: The CUBE File Approach},
 journal = {The VLDB Journal},
 issue_date = {July      2008},
 volume = {17},
 number = {4},
 month = jul,
 year = {2008},
 issn = {1066-8888},
 pages = {621--655},
 numpages = {35},
 url = {https://doi.org/10.1007/s00778-006-0022-1},
 doi = {10.1007/s00778-006-0022-1},
 acmid = {1380769},
 publisher = {Springer-Verlag},
 address = {Berlin, Heidelberg},
 keywords = {CUBE File, Data cube, Hierarchical clustering, OLAP, Physical data clustering},
}

@inproceedings{Ren:2015:SED:2797022.2797028,
 author = {Ren, Shiru and Li, Chunqi and Tan, Le and Xiao, Zhen},
 title = {Samsara: Efficient Deterministic Replay with Hardware Virtualization Extensions},
 booktitle = {Proceedings of the 6th Asia-Pacific Workshop on Systems},
 series = {APSys '15},
 year = {2015},
 isbn = {978-1-4503-3554-6},
 location = {Tokyo, Japan},
 pages = {9:1--9:7},
 articleno = {9},
 numpages = {7},
 url = {http://doi.acm.org/10.1145/2797022.2797028},
 doi = {10.1145/2797022.2797028},
 acmid = {2797028},
 publisher = {ACM},
 address = {New York, NY, USA},
}

@inproceedings{Krishnamoorthy:2006:EGA:1898699.1898804,
 author = {Krishnamoorthy, Sriram and Catalyurek, Umit and Nieplocha, Jarek and Rountev, Atanas and Sadayappan, S.},
 title = {An Extensible Global Address Space Framework with Decoupled Task and Data Abstractions},
 booktitle = {Proceedings of the 20th International Conference on Parallel and Distributed Processing},
 series = {IPDPS'06},
 year = {2006},
 isbn = {1-4244-0054-6},
 location = {Rhodes Island, Greece},
 pages = {283--283},
 numpages = {1},
 url = {http://dl.acm.org/citation.cfm?id=1898699.1898804},
 acmid = {1898804},
 publisher = {IEEE Computer Society},
 address = {Washington, DC, USA},
}

@inproceedings{Yu:2018:SLR:3291656.3291658,
 author = {Yu, Yinghao and Huang, Renfei and Wang, Wei and Zhang, Jun and Letaief, Khaled Ben},
 title = {SP-cache: Load-balanced, Redundancy-free Cluster Caching with Selective Partition},
 booktitle = {Proceedings of the International Conference for High Performance Computing, Networking, Storage, and Analysis},
 series = {SC '18},
 year = {2018},
 location = {Dallas, Texas},
 pages = {1:1--1:13},
 articleno = {1},
 numpages = {13},
 url = {http://dl.acm.org/citation.cfm?id=3291656.3291658},
 acmid = {3291658},
 publisher = {IEEE Press},
 address = {Piscataway, NJ, USA},
}

@inproceedings{Krismer:2017:CIM:3085504.3085538,
 author = {Krismer, Nikolaus and Silbernagl, Doris and Specht, G\"{u}nther and Gamper, Johann},
 title = {Computing Isochrones in Multimodal Spatial Networks Using Tile Regions},
 booktitle = {Proceedings of the 29th International Conference on Scientific and Statistical Database Management},
 series = {SSDBM '17},
 year = {2017},
 isbn = {978-1-4503-5282-6},
 location = {Chicago, IL, USA},
 pages = {33:1--33:6},
 articleno = {33},
 numpages = {6},
 url = {http://doi.acm.org/10.1145/3085504.3085538},
 doi = {10.1145/3085504.3085538},
 acmid = {3085538},
 publisher = {ACM},
 address = {New York, NY, USA},
 keywords = {algorithms, isochrone, spatial database},
}

@article{Govindan:1991:SIM:121133.121147,
 author = {Govindan, Ramesh and Anderson, David P.},
 title = {Scheduling and IPC Mechanisms for Continuous Media},
 journal = {SIGOPS Oper. Syst. Rev.},
 issue_date = {Oct. 1991},
 volume = {25},
 number = {5},
 month = sep,
 year = {1991},
 issn = {0163-5980},
 pages = {68--80},
 numpages = {13},
 url = {http://doi.acm.org/10.1145/121133.121147},
 doi = {10.1145/121133.121147},
 acmid = {121147},
 publisher = {ACM},
 address = {New York, NY, USA},
}

@inproceedings{Govindan:1991:SIM:121132.121147,
 author = {Govindan, Ramesh and Anderson, David P.},
 title = {Scheduling and IPC Mechanisms for Continuous Media},
 booktitle = {Proceedings of the Thirteenth ACM Symposium on Operating Systems Principles},
 series = {SOSP '91},
 year = {1991},
 isbn = {0-89791-447-3},
 location = {Pacific Grove, California, USA},
 pages = {68--80},
 numpages = {13},
 url = {http://doi.acm.org/10.1145/121132.121147},
 doi = {10.1145/121132.121147},
 acmid = {121147},
 publisher = {ACM},
 address = {New York, NY, USA},
}

@inproceedings{Zebchuk:2013:MCD:2540708.2540739,
 author = {Zebchuk, Jason and Falsafi, Babak and Moshovos, Andreas},
 title = {Multi-grain Coherence Directories},
 booktitle = {Proceedings of the 46th Annual IEEE/ACM International Symposium on Microarchitecture},
 series = {MICRO-46},
 year = {2013},
 isbn = {978-1-4503-2638-4},
 location = {Davis, California},
 pages = {359--370},
 numpages = {12},
 url = {http://doi.acm.org/10.1145/2540708.2540739},
 doi = {10.1145/2540708.2540739},
 acmid = {2540739},
 publisher = {ACM},
 address = {New York, NY, USA},
 keywords = {cache coherence, coherence directory},
}

@inproceedings{Yehdego:2012:SSP:2382936.2383016,
 author = {Yehdego, Daniel T. and Zhang, Boyu and Taufer, Michela and Kodimala, Vikram Kumar Reddy and Vegesna, Rahulsimham and Viswakula, Sameera and Johnson, Kyle L. and Leung, Ming-Ying},
 title = {Secondary Structure Predictions for Long RNA Sequences Based on Inversion Excursions: Preliminary Results},
 booktitle = {Proceedings of the ACM Conference on Bioinformatics, Computational Biology and Biomedicine},
 series = {BCB '12},
 year = {2012},
 isbn = {978-1-4503-1670-5},
 location = {Orlando, Florida},
 pages = {545--547},
 numpages = {3},
 url = {http://doi.acm.org/10.1145/2382936.2383016},
 doi = {10.1145/2382936.2383016},
 acmid = {2383016},
 publisher = {ACM},
 address = {New York, NY, USA},
 keywords = {PKnotsRG, accuracy retention, excursion, inversion, sequence segmentation},
}

@article{Jimborean:2012:APM:2370036.2145861,
 author = {Jimborean, Alexandra and Clauss, Philippe and Pradelle, Beno\^{\i}t and Mastrangelo, Luis and Loechner, Vincent},
 title = {Adapting the Polyhedral Model As a Framework for Efficient Speculative Parallelization},
 journal = {SIGPLAN Not.},
 issue_date = {August 2012},
 volume = {47},
 number = {8},
 month = feb,
 year = {2012},
 issn = {0362-1340},
 pages = {295--296},
 numpages = {2},
 url = {http://doi.acm.org/10.1145/2370036.2145861},
 doi = {10.1145/2370036.2145861},
 acmid = {2145861},
 publisher = {ACM},
 address = {New York, NY, USA},
 keywords = {dynamic code transformations, dynamic system, polyhedral model, speculative parallelization},
}

@inproceedings{Jimborean:2012:APM:2145816.2145861,
 author = {Jimborean, Alexandra and Clauss, Philippe and Pradelle, Beno\^{\i}t and Mastrangelo, Luis and Loechner, Vincent},
 title = {Adapting the Polyhedral Model As a Framework for Efficient Speculative Parallelization},
 booktitle = {Proceedings of the 17th ACM SIGPLAN Symposium on Principles and Practice of Parallel Programming},
 series = {PPoPP '12},
 year = {2012},
 isbn = {978-1-4503-1160-1},
 location = {New Orleans, Louisiana, USA},
 pages = {295--296},
 numpages = {2},
 url = {http://doi.acm.org/10.1145/2145816.2145861},
 doi = {10.1145/2145816.2145861},
 acmid = {2145861},
 publisher = {ACM},
 address = {New York, NY, USA},
 keywords = {dynamic code transformations, dynamic system, polyhedral model, speculative parallelization},
}

@inproceedings{Seamons:1994:EAI:602770.602877,
 author = {Seamons, Kent E. and Winslett, Marianne},
 title = {An Efficient Abstract Interface for Multidimensional Array I/O},
 booktitle = {Proceedings of the 1994 ACM/IEEE Conference on Supercomputing},
 series = {Supercomputing '94},
 year = {1994},
 isbn = {0-8186-6605-6},
 location = {Washington, D.C.},
 pages = {650--659},
 numpages = {10},
 url = {http://dl.acm.org/citation.cfm?id=602770.602877},
 acmid = {602877},
 publisher = {IEEE Computer Society Press},
 address = {Los Alamitos, CA, USA},
}

@inproceedings{Chi:2005:SHC:1040830.1040895,
 author = {Chi, Ed H. and Hong, Lichan and Gumbrecht, Michelle and Card, Stuart K.},
 title = {ScentHighlights: Highlighting Conceptually-related Sentences During Reading},
 booktitle = {Proceedings of the 10th International Conference on Intelligent User Interfaces},
 series = {IUI '05},
 year = {2005},
 isbn = {1-58113-894-6},
 location = {San Diego, California, USA},
 pages = {272--274},
 numpages = {3},
 url = {http://doi.acm.org/10.1145/1040830.1040895},
 doi = {10.1145/1040830.1040895},
 acmid = {1040895},
 publisher = {ACM},
 address = {New York, NY, USA},
 keywords = {automatic text highlighting, contextualization, dynamic summarization, eBooks, information scent, personalized information access},
}

@article{Mao:2014:ROD:2600090.2512348,
 author = {Mao, Bo and Jiang, Hong and Wu, Suzhen and Fu, Yinjin and Tian, Lei},
 title = {Read-Performance Optimization for Deduplication-Based Storage Systems in the Cloud},
 journal = {Trans. Storage},
 issue_date = {March 2014},
 volume = {10},
 number = {2},
 month = mar,
 year = {2014},
 issn = {1553-3077},
 pages = {6:1--6:22},
 articleno = {6},
 numpages = {22},
 url = {http://doi.acm.org/10.1145/2512348},
 doi = {10.1145/2512348},
 acmid = {2512348},
 publisher = {ACM},
 address = {New York, NY, USA},
 keywords = {Storage systems, data deduplication, read performance, solid-state drive, virtual machine},
}

@inproceedings{DePauw:2000:APD:990820.990855,
 author = {De Pauw, Guy},
 title = {Aspects of Pattern-matching in Data-Oriented Parsing},
 booktitle = {Proceedings of the 18th Conference on Computational Linguistics - Volume 1},
 series = {COLING '00},
 year = {2000},
 isbn = {1-55860-717-X},
 location = {Saarbr\&\#252;cken, Germany},
 pages = {236--242},
 numpages = {7},
 url = {https://doi.org/10.3115/990820.990855},
 doi = {10.3115/990820.990855},
 acmid = {990855},
 publisher = {Association for Computational Linguistics},
 address = {Stroudsburg, PA, USA},
}

@article{LaFrance:1989:QEI:63266.63267,
 author = {LaFrance, Marianne},
 title = {The Quality of Expertise: Implications of Expert-novice Differences for Knowledge Acquisition},
 journal = {SIGART Bull.},
 issue_date = {April 1989},
 number = {108},
 month = apr,
 year = {1989},
 issn = {0163-5719},
 pages = {6--14},
 numpages = {9},
 url = {http://doi.acm.org/10.1145/63266.63267},
 doi = {10.1145/63266.63267},
 acmid = {63267},
 publisher = {ACM},
 address = {New York, NY, USA},
}

@inproceedings{Lichtschlag:2009:FTA:1518701.1518786,
 author = {Lichtschlag, Leonhard and Karrer, Thorsten and Borchers, Jan},
 title = {Fly: A Tool to Author Planar Presentations},
 booktitle = {Proceedings of the SIGCHI Conference on Human Factors in Computing Systems},
 series = {CHI '09},
 year = {2009},
 isbn = {978-1-60558-246-7},
 location = {Boston, MA, USA},
 pages = {547--556},
 numpages = {10},
 url = {http://doi.acm.org/10.1145/1518701.1518786},
 doi = {10.1145/1518701.1518786},
 acmid = {1518786},
 publisher = {ACM},
 address = {New York, NY, USA},
 keywords = {authoring, planar user interfaces, presentation software, slideware, zoomable user interfaces},
}

@inproceedings{Isaza:2011:PMA:2016604.2016642,
 author = {Isaza, Sebastian and Sanchez, Friman and Cabarcas, Felipe and Ramirez, Alex and Gaydadjiev, Georgi},
 title = {Parametrizing Multicore Architectures for Multiple Sequence Alignment},
 booktitle = {Proceedings of the 8th ACM International Conference on Computing Frontiers},
 series = {CF '11},
 year = {2011},
 isbn = {978-1-4503-0698-0},
 location = {Ischia, Italy},
 pages = {31:1--31:10},
 articleno = {31},
 numpages = {10},
 url = {http://doi.acm.org/10.1145/2016604.2016642},
 doi = {10.1145/2016604.2016642},
 acmid = {2016642},
 publisher = {ACM},
 address = {New York, NY, USA},
 keywords = {ClustalW, bioinformatics, hardware accelerators, multicore architectures, multiple sequence alignment},
}

@inproceedings{Cheng:2017:BOA:3085504.3085514,
 author = {Cheng, Yu and Zhao, Weijie and Rusu, Florin},
 title = {Bi-Level Online Aggregation on Raw Data},
 booktitle = {Proceedings of the 29th International Conference on Scientific and Statistical Database Management},
 series = {SSDBM '17},
 year = {2017},
 isbn = {978-1-4503-5282-6},
 location = {Chicago, IL, USA},
 pages = {10:1--10:12},
 articleno = {10},
 numpages = {12},
 url = {http://doi.acm.org/10.1145/3085504.3085514},
 doi = {10.1145/3085504.3085514},
 acmid = {3085514},
 publisher = {ACM},
 address = {New York, NY, USA},
}

@inproceedings{Mao:2013:LDD:2523616.2525939,
 author = {Mao, Bo and Jiang, Hong and Wu, Suzhen and Tian, Lei},
 title = {Leveraging Data Deduplication to Improve the Performance of Primary Storage Systems in the Cloud},
 booktitle = {Proceedings of the 4th Annual Symposium on Cloud Computing},
 series = {SOCC '13},
 year = {2013},
 isbn = {978-1-4503-2428-1},
 location = {Santa Clara, California},
 pages = {24:1--24:2},
 articleno = {24},
 numpages = {2},
 url = {http://doi.acm.org/10.1145/2523616.2525939},
 doi = {10.1145/2523616.2525939},
 acmid = {2525939},
 publisher = {ACM},
 address = {New York, NY, USA},
 keywords = {cloud, data deduplication, performance},
}

@article{Gunther:2014:A9C:2594412.2559995,
 author = {Gunther, John C.},
 title = {Algorithm 938: Compressing Circular Buffers},
 journal = {ACM Trans. Math. Softw.},
 issue_date = {February 2014},
 volume = {40},
 number = {2},
 month = mar,
 year = {2014},
 issn = {0098-3500},
 pages = {17:1--17:12},
 articleno = {17},
 numpages = {12},
 url = {http://doi.acm.org/10.1145/2559995},
 doi = {10.1145/2559995},
 acmid = {2559995},
 publisher = {ACM},
 address = {New York, NY, USA},
 keywords = {Average, complete residue system, compressing circular buffer, data aggregation, data sequence, doubling, dynamically sized arrays, lossy compression, maximum, minimum, modular arithmetic, number theory, random sample, relatively prime, sum},
}

@inproceedings{Song:2015:CCR:2785989.2786001,
 author = {Song, Sejun and Kim, Daehee and Park, Hyungbae and Choi, Baek-Young and Choi, Taesang},
 title = {CO-REDUCE: Collaborative Redundancy Reduction Service in Software-Defined Networks},
 booktitle = {Proceedings of the 2015 ACM SIGCOMM Workshop on Hot Topics in Middleboxes and Network Function Virtualization},
 series = {HotMiddlebox '15},
 year = {2015},
 isbn = {978-1-4503-3540-9},
 location = {London, United Kingdom},
 pages = {61--66},
 numpages = {6},
 url = {http://doi.acm.org/10.1145/2785989.2786001},
 doi = {10.1145/2785989.2786001},
 acmid = {2786001},
 publisher = {ACM},
 address = {New York, NY, USA},
 keywords = {data de-duplication, network redundancy elimination, software-defined networking},
}

@inproceedings{Andrews:2015:BOD:2809563.2809596,
 author = {Andrews, Keith and Traunm\"{u}ller, Thomas and Wolkinger, Thomas and Gutounig, Robert and Ausserhofer, Julian},
 title = {Building an Open Data Visualisation Web App Using a Data Server: The Styrian Diversity Visualisation Project},
 booktitle = {Proceedings of the 15th International Conference on Knowledge Technologies and Data-driven Business},
 series = {i-KNOW '15},
 year = {2015},
 isbn = {978-1-4503-3721-2},
 location = {Graz, Austria},
 pages = {48:1--48:4},
 articleno = {48},
 numpages = {4},
 url = {http://doi.acm.org/10.1145/2809563.2809596},
 doi = {10.1145/2809563.2809596},
 acmid = {2809596},
 publisher = {ACM},
 address = {New York, NY, USA},
 keywords = {HTML5, SPARQL, data server, geovis, information visualisation, leaflet-js, open data, responsive, triple store, web app},
}

@article{Sintorn:2011:EAS:2070781.2024187,
 author = {Sintorn, Erik and Olsson, Ola and Assarsson, Ulf},
 title = {An Efficient Alias-free Shadow Algorithm for Opaque and Transparent Objects Using Per-triangle Shadow Volumes},
 journal = {ACM Trans. Graph.},
 issue_date = {December 2011},
 volume = {30},
 number = {6},
 month = dec,
 year = {2011},
 issn = {0730-0301},
 pages = {153:1--153:10},
 articleno = {153},
 numpages = {10},
 url = {http://doi.acm.org/10.1145/2070781.2024187},
 doi = {10.1145/2070781.2024187},
 acmid = {2024187},
 publisher = {ACM},
 address = {New York, NY, USA},
 keywords = {alias-free, real time, shadows, transparency},
}

@inproceedings{Sintorn:2011:EAS:2024156.2024187,
 author = {Sintorn, Erik and Olsson, Ola and Assarsson, Ulf},
 title = {An Efficient Alias-free Shadow Algorithm for Opaque and Transparent Objects Using Per-triangle Shadow Volumes},
 booktitle = {Proceedings of the 2011 SIGGRAPH Asia Conference},
 series = {SA '11},
 year = {2011},
 isbn = {978-1-4503-0807-6},
 location = {Hong Kong, China},
 pages = {153:1--153:10},
 articleno = {153},
 numpages = {10},
 url = {http://doi.acm.org/10.1145/2024156.2024187},
 doi = {10.1145/2024156.2024187},
 acmid = {2024187},
 publisher = {ACM},
 address = {New York, NY, USA},
 keywords = {alias-free, real time, shadows, transparency},
}

@article{You:2011:PFE:1970348.1970351,
 author = {You, Lawrence L. and Pollack, Kristal T. and Long, Darrell D. E. and Gopinath, K.},
 title = {PRESIDIO: A Framework for Efficient Archival Data Storage},
 journal = {Trans. Storage},
 issue_date = {July 2011},
 volume = {7},
 number = {2},
 month = jul,
 year = {2011},
 issn = {1553-3077},
 pages = {6:1--6:60},
 articleno = {6},
 numpages = {60},
 url = {http://doi.acm.org/10.1145/1970348.1970351},
 doi = {10.1145/1970348.1970351},
 acmid = {1970351},
 publisher = {ACM},
 address = {New York, NY, USA},
 keywords = {Archival storage systems, CAS, content-addressable storage, data compression, progressive compression},
}

@inproceedings{Wu:2008:ASR:1376616.1376627,
 author = {Wu, Tianyi and Xin, Dong and Han, Jiawei},
 title = {ARCube: Supporting Ranking Aggregate Queries in Partially Materialized Data Cubes},
 booktitle = {Proceedings of the 2008 ACM SIGMOD International Conference on Management of Data},
 series = {SIGMOD '08},
 year = {2008},
 isbn = {978-1-60558-102-6},
 location = {Vancouver, Canada},
 pages = {79--92},
 numpages = {14},
 url = {http://doi.acm.org/10.1145/1376616.1376627},
 doi = {10.1145/1376616.1376627},
 acmid = {1376627},
 publisher = {ACM},
 address = {New York, NY, USA},
 keywords = {data cube, partial materialization, ranking aggregate queries},
}

@article{Geeraerts:2015:VCA:2764962.2700072,
 author = {Geeraerts, Gilles and Heu\ssner, Alexander and Raskin, Jean-Fran\c{c}ois},
 title = {On the Verification of Concurrent, Asynchronous Programs with Waiting Queues},
 journal = {ACM Trans. Embed. Comput. Syst.},
 issue_date = {May 2015},
 volume = {14},
 number = {3},
 month = apr,
 year = {2015},
 issn = {1539-9087},
 pages = {58:1--58:26},
 articleno = {58},
 numpages = {26},
 url = {http://doi.acm.org/10.1145/2700072},
 doi = {10.1145/2700072},
 acmid = {2700072},
 publisher = {ACM},
 address = {New York, NY, USA},
 keywords = {Asynchronous programming, waiting queues},
}

@article{Tadonki:2011:ECL:1926367.1926378,
 author = {Tadonki, Claude and Grodidier, Gilbert and Pene, Olivier},
 title = {An Efficient CELL Library for Lattice Quantum Chromodynamics},
 journal = {SIGARCH Comput. Archit. News},
 issue_date = {September 2010},
 volume = {38},
 number = {4},
 month = jan,
 year = {2011},
 issn = {0163-5964},
 pages = {60--65},
 numpages = {6},
 url = {http://doi.acm.org/10.1145/1926367.1926378},
 doi = {10.1145/1926367.1926378},
 acmid = {1926378},
 publisher = {ACM},
 address = {New York, NY, USA},
 keywords = {CELL, LQCD, linear algebra, parallelism},
}

@inproceedings{Hou:2017:FSS:3079079.3079105,
 author = {Hou, Kaixi and Liu, Weifeng and Wang, Hao and Feng, Wu-chun},
 title = {Fast Segmented Sort on GPUs},
 booktitle = {Proceedings of the International Conference on Supercomputing},
 series = {ICS '17},
 year = {2017},
 isbn = {978-1-4503-5020-4},
 location = {Chicago, Illinois},
 pages = {12:1--12:10},
 articleno = {12},
 numpages = {10},
 url = {http://doi.acm.org/10.1145/3079079.3079105},
 doi = {10.1145/3079079.3079105},
 acmid = {3079105},
 publisher = {ACM},
 address = {New York, NY, USA},
 keywords = {GPU, NVIDIA, SIMD, pascal, registers, segmented sort, shuffle, skewed data, vector},
}

@inproceedings{Hong:2015:PFD:2807591.2807620,
 author = {Hong, Sungpack and Depner, Siegfried and Manhardt, Thomas and Van Der Lugt, Jan and Verstraaten, Merijn and Chafi, Hassan},
 title = {PGX.D: A Fast Distributed Graph Processing Engine},
 booktitle = {Proceedings of the International Conference for High Performance Computing, Networking, Storage and Analysis},
 series = {SC '15},
 year = {2015},
 isbn = {978-1-4503-3723-6},
 location = {Austin, Texas},
 pages = {58:1--58:12},
 articleno = {58},
 numpages = {12},
 url = {http://doi.acm.org/10.1145/2807591.2807620},
 doi = {10.1145/2807591.2807620},
 acmid = {2807620},
 publisher = {ACM},
 address = {New York, NY, USA},
}

@inproceedings{Szelenyi:1989:CPP:318789.318819,
 author = {Szel{\'e}nyi, F. and Nagel, W. E.},
 title = {A Comparison of Parallel Processing on CRAY X-MP AND IBM 3090 VF Multiprocessors},
 booktitle = {Proceedings of the 3rd International Conference on Supercomputing},
 series = {ICS '89},
 year = {1989},
 isbn = {0-89791-309-4},
 location = {Crete, Greece},
 pages = {271--282},
 numpages = {12},
 url = {http://doi.acm.org/10.1145/318789.318819},
 doi = {10.1145/318789.318819},
 acmid = {318819},
 publisher = {ACM},
 address = {New York, NY, USA},
}

@article{Lee:2008:FFC:1379023.1375670,
 author = {Lee, Jaejin and Kim, Junghyun and Jang, Choonki and Kim, Seungkyun and Egger, Bernhard and Kim, Kwangsub and Han, SangYong},
 title = {FaCSim: A Fast and Cycle-accurate Architecture Simulator for Embedded Systems},
 journal = {SIGPLAN Not.},
 issue_date = {July 2008},
 volume = {43},
 number = {7},
 month = jun,
 year = {2008},
 issn = {0362-1340},
 pages = {89--100},
 numpages = {12},
 url = {http://doi.acm.org/10.1145/1379023.1375670},
 doi = {10.1145/1379023.1375670},
 acmid = {1375670},
 publisher = {ACM},
 address = {New York, NY, USA},
 keywords = {architecture simulator, cycle-accurate simulation, full-system simulation, simulator parallelization, virtual prototyping},
}

@inproceedings{Lee:2008:FFC:1375657.1375670,
 author = {Lee, Jaejin and Kim, Junghyun and Jang, Choonki and Kim, Seungkyun and Egger, Bernhard and Kim, Kwangsub and Han, SangYong},
 title = {FaCSim: A Fast and Cycle-accurate Architecture Simulator for Embedded Systems},
 booktitle = {Proceedings of the 2008 ACM SIGPLAN-SIGBED Conference on Languages, Compilers, and Tools for Embedded Systems},
 series = {LCTES '08},
 year = {2008},
 isbn = {978-1-60558-104-0},
 location = {Tucson, AZ, USA},
 pages = {89--100},
 numpages = {12},
 url = {http://doi.acm.org/10.1145/1375657.1375670},
 doi = {10.1145/1375657.1375670},
 acmid = {1375670},
 publisher = {ACM},
 address = {New York, NY, USA},
 keywords = {architecture simulator, cycle-accurate simulation, full-system simulation, simulator parallelization, virtual prototyping},
}

@inproceedings{You:2017:SSA:3133956.3134085,
 author = {You, Wei and Zong, Peiyuan and Chen, Kai and Wang, XiaoFeng and Liao, Xiaojing and Bian, Pan and Liang, Bin},
 title = {SemFuzz: Semantics-based Automatic Generation of Proof-of-Concept Exploits},
 booktitle = {Proceedings of the 2017 ACM SIGSAC Conference on Computer and Communications Security},
 series = {CCS '17},
 year = {2017},
 isbn = {978-1-4503-4946-8},
 location = {Dallas, Texas, USA},
 pages = {2139--2154},
 numpages = {16},
 url = {http://doi.acm.org/10.1145/3133956.3134085},
 doi = {10.1145/3133956.3134085},
 acmid = {3134085},
 publisher = {ACM},
 address = {New York, NY, USA},
 keywords = {exploit generation, fuzzing, patch, semantics, vulnerability},
}

@inproceedings{Kang:2019:HWS:3330345.3330380,
 author = {Kang, Donghe and Patel, Vedang and Nair, Ashwati and Blanas, Spyros and Wang, Yang and Parthasarathy, Srinivasan},
 title = {Henosis: Workload-driven Small Array Consolidation and Placement for HDF5 Applications on Heterogeneous Data Stores},
 booktitle = {Proceedings of the ACM International Conference on Supercomputing},
 series = {ICS '19},
 year = {2019},
 isbn = {978-1-4503-6079-1},
 location = {Phoenix, Arizona},
 pages = {392--402},
 numpages = {11},
 url = {http://doi.acm.org/10.1145/3330345.3330380},
 doi = {10.1145/3330345.3330380},
 acmid = {3330380},
 publisher = {ACM},
 address = {New York, NY, USA},
}

@article{Balakrishnan:2010:WYS:1749608.1749612,
 author = {Balakrishnan, Gogul and Reps, Thomas},
 title = {WYSINWYX: What You See is Not What You eXecute},
 journal = {ACM Trans. Program. Lang. Syst.},
 issue_date = {August 2010},
 volume = {32},
 number = {6},
 month = aug,
 year = {2010},
 issn = {0164-0925},
 pages = {23:1--23:84},
 articleno = {23},
 numpages = {84},
 url = {http://doi.acm.org/10.1145/1749608.1749612},
 doi = {10.1145/1749608.1749612},
 acmid = {1749612},
 publisher = {ACM},
 address = {New York, NY, USA},
 keywords = {Abstract interpretation, context-sensitive analysis, data structure recovery, interprocedural dataflow analysis, pointer analysis, reverse engineering, static analysis},
}

@article{Bansal:2012:PRA:2339123.2339126,
 author = {Bansal, Nikhil and Buchbinder, Niv and Naor, Joseph (Seffi)},
 title = {A Primal-Dual Randomized Algorithm for Weighted Paging},
 journal = {J. ACM},
 issue_date = {August 2012},
 volume = {59},
 number = {4},
 month = aug,
 year = {2012},
 issn = {0004-5411},
 pages = {19:1--19:24},
 articleno = {19},
 numpages = {24},
 url = {http://doi.acm.org/10.1145/2339123.2339126},
 doi = {10.1145/2339123.2339126},
 acmid = {2339126},
 publisher = {ACM},
 address = {New York, NY, USA},
 keywords = {Weighted paging, online algorithms, primal-dual, randomization},
}

@inproceedings{Dehnert:2003:TCM:776261.776263,
 author = {Dehnert, James C. and Grant, Brian K. and Banning, John P. and Johnson, Richard and Kistler, Thomas and Klaiber, Alexander and Mattson, Jim},
 title = {The Transmeta Code Morphing\&Trade; Software: Using Speculation, Recovery, and Adaptive Retranslation to Address Real-life Challenges},
 booktitle = {Proceedings of the International Symposium on Code Generation and Optimization: Feedback-directed and Runtime Optimization},
 series = {CGO '03},
 year = {2003},
 isbn = {0-7695-1913-X},
 location = {San Francisco, California, USA},
 pages = {15--24},
 numpages = {10},
 url = {http://dl.acm.org/citation.cfm?id=776261.776263},
 acmid = {776263},
 publisher = {IEEE Computer Society},
 address = {Washington, DC, USA},
 keywords = {binary translation, dynamic optimization, dynamic translation, emulation, self-modifying code, speculation},
}

@article{Fateman:1995:FFP:200979.200989,
 author = {Fateman, Richard J. and Broughan, Kevin A. and Willcock, Diane K. and Rettig, Duane},
 title = {Fast Floating-point Processing in Common Lisp},
 journal = {ACM Trans. Math. Softw.},
 issue_date = {March 1995},
 volume = {21},
 number = {1},
 month = mar,
 year = {1995},
 issn = {0098-3500},
 pages = {26--62},
 numpages = {37},
 url = {http://doi.acm.org/10.1145/200979.200989},
 doi = {10.1145/200979.200989},
 acmid = {200989},
 publisher = {ACM},
 address = {New York, NY, USA},
 keywords = {C programming language, Common Lisp, Fortran, Lisp, compiler optimization, floating-point arithmetic, numerical algorithms, symbolic computation},
}

