@inproceedings{Futami:2016:SIM:2875194.2875217,
 author = {Futami, Kyosuke and Terada, Tsutomu and Tsukamoto, Masahiko},
 title = {Success Imprinter: A Method for Controlling Mental Preparedness Using Psychological Conditioned Information},
 booktitle = {Proceedings of the 7th Augmented Human International Conference 2016},
 series = {AH '16},
 year = {2016},
 isbn = {978-1-4503-3680-2},
 location = {Geneva, Switzerland},
 pages = {11:1--11:8},
 articleno = {11},
 numpages = {8},
 url = {http://doi.acm.org/10.1145/2875194.2875217},
 doi = {10.1145/2875194.2875217},
 acmid = {2875217},
 publisher = {ACM},
 address = {New York, NY, USA},
 keywords = {Classical conditioning, Information presentation, Mental, Wearable},
}

@inproceedings{Windham:1976:CML:503561.503614,
 author = {Windham, James T.},
 title = {Computer Modeling of Learning Processes},
 booktitle = {Proceedings of the 14th Annual Southeast Regional Conference},
 series = {ACM-SE 14},
 year = {1976},
 location = {Birmingham, Alabama},
 pages = {251--256},
 numpages = {6},
 url = {http://doi.acm.org/10.1145/503561.503614},
 doi = {10.1145/503561.503614},
 acmid = {503614},
 publisher = {ACM},
 address = {New York, NY, USA},
}

@inproceedings{Dequidt:2005:CIP:1101389.1101419,
 author = {Dequidt, J{\'e}r{\'e}mie and Grisoni, Laurent and Chaillou, Christophe},
 title = {Collaborative Interactive Physical Simulation},
 booktitle = {Proceedings of the 3rd International Conference on Computer Graphics and Interactive Techniques in Australasia and South East Asia},
 series = {GRAPHITE '05},
 year = {2005},
 isbn = {1-59593-201-1},
 location = {Dunedin, New Zealand},
 pages = {147--150},
 numpages = {4},
 url = {http://doi.acm.org/10.1145/1101389.1101419},
 doi = {10.1145/1101389.1101419},
 acmid = {1101419},
 publisher = {ACM},
 address = {New York, NY, USA},
 keywords = {collaborative work, physical simulation},
}

@inproceedings{Austermann:2009:BIA:1520340.1520533,
 author = {Austermann, Anja and Yamada, Seiji},
 title = {A Biologically Inspired Approach to Learning Multimodal Commands and Feedback for Human-robot Interaction},
 booktitle = {CHI '09 Extended Abstracts on Human Factors in Computing Systems},
 series = {CHI EA '09},
 year = {2009},
 isbn = {978-1-60558-247-4},
 location = {Boston, MA, USA},
 pages = {3553--3558},
 numpages = {6},
 url = {http://doi.acm.org/10.1145/1520340.1520533},
 doi = {10.1145/1520340.1520533},
 acmid = {1520533},
 publisher = {ACM},
 address = {New York, NY, USA},
 keywords = {human-robot-interaction, machine learning, multimodality, speech perception, user feedback},
}

@article{Kim:2015:PAK:2774955.2699716,
 author = {Kim, Song-Hee and Whitt, Ward},
 title = {The Power of Alternative Kolmogorov-Smirnov Tests Based on Transformations of the Data},
 journal = {ACM Trans. Model. Comput. Simul.},
 issue_date = {November 2015},
 volume = {25},
 number = {4},
 month = may,
 year = {2015},
 issn = {1049-3301},
 pages = {24:1--24:22},
 articleno = {24},
 numpages = {22},
 url = {http://doi.acm.org/10.1145/2699716},
 doi = {10.1145/2699716},
 acmid = {2699716},
 publisher = {ACM},
 address = {New York, NY, USA},
 keywords = {Hypothesis tests, Kolmogorov-Smirnov statistical test, data transformations, power},
}

@inproceedings{Sherman:2017:GPU:3039686.3039735,
 author = {Sherman, Jonah},
 title = {Generalized Preconditioning and Undirected Minimum-cost Flow},
 booktitle = {Proceedings of the Twenty-Eighth Annual ACM-SIAM Symposium on Discrete Algorithms},
 series = {SODA '17},
 year = {2017},
 location = {Barcelona, Spain},
 pages = {772--780},
 numpages = {9},
 url = {http://dl.acm.org/citation.cfm?id=3039686.3039735},
 acmid = {3039735},
 publisher = {Society for Industrial and Applied Mathematics},
 address = {Philadelphia, PA, USA},
}

