@inproceedings{McDowell:2006:CTA:1143997.1144028,
 author = {McDowell, J. J and Soto, Paul L. and Dallery, Jesse and Kulubekova, Saule},
 title = {A Computational Theory of Adaptive Behavior Based on an Evolutionary Reinforcement Mechanism},
 booktitle = {Proceedings of the 8th Annual Conference on Genetic and Evolutionary Computation},
 series = {GECCO '06},
 year = {2006},
 isbn = {1-59593-186-4},
 location = {Seattle, Washington, USA},
 pages = {175--182},
 numpages = {8},
 url = {http://doi.acm.org/10.1145/1143997.1144028},
 doi = {10.1145/1143997.1144028},
 acmid = {1144028},
 publisher = {ACM},
 address = {New York, NY, USA},
 keywords = {Rescorla-Wagner rule, adaptive agents, adaptive behavior, conditioned reinforcement, credit assignment, delay-reduction theory, evolutionary algorithms, matching theory, reinforcement learning, stimulus control},
}

