@inproceedings{Katuk:2010:SBR:1832838.1832843,
 author = {Katuk, Norliza and Ryu, Hokyoung},
 title = {Seeing is Believing?: Rehearsing Mayer's Multimedia Effects in Intelligent Tutoring Systems},
 booktitle = {Proceedings of the 11th International Conference of the NZ Chapter of the ACM Special Interest Group on Human-Computer Interaction},
 series = {CHINZ '10},
 year = {2010},
 isbn = {978-1-4503-0104-6},
 location = {Auckland, New Zealand},
 pages = {25--28},
 numpages = {4},
 url = {http://doi.acm.org/10.1145/1832838.1832843},
 doi = {10.1145/1832838.1832843},
 acmid = {1832843},
 publisher = {ACM},
 address = {New York, NY, USA},
 keywords = {e-learning, intelligent tutoring systems (ITSs), modality, multimedia, multimedia effect, types of knowledge},
}

@proceedings{Protopsaltis:2011:2038476,
 title = {SIGDOC '11: Proceedings of the 29th ACM International Conference on Design of Communication},
 year = {2011},
 isbn = {978-1-4503-0936-3},
 location = {Pisa, Italy},
 note = {613110},
 publisher = {ACM},
 address = {New York, NY, USA},
}

@inproceedings{Liles:2017:SPT:3029798.3038297,
 author = {Liles, Karina R. and Perry, Clifton D. and Craig, Scotty D. and Beer, Jenay M.},
 title = {Student Perceptions: The Test of Spatial Contiguity and Gestures for Robot Instructors},
 booktitle = {Proceedings of the Companion of the 2017 ACM/IEEE International Conference on Human-Robot Interaction},
 series = {HRI '17},
 year = {2017},
 isbn = {978-1-4503-4885-0},
 location = {Vienna, Austria},
 pages = {185--186},
 numpages = {2},
 url = {http://doi.acm.org/10.1145/3029798.3038297},
 doi = {10.1145/3029798.3038297},
 acmid = {3038297},
 publisher = {ACM},
 address = {New York, NY, USA},
 keywords = {education, gestures, robotics, spatial contiguity},
}

@inproceedings{Rias:2013:LEV:2448556.2448583,
 author = {Rias, Riaza Mohd and Zaman, Halimah B.},
 title = {Looking at the Effects of Various Multimedia Approach in Student Learning: A Case Study},
 booktitle = {Proceedings of the 7th International Conference on Ubiquitous Information Management and Communication},
 series = {ICUIMC '13},
 year = {2013},
 isbn = {978-1-4503-1958-4},
 location = {Kota Kinabalu, Malaysia},
 pages = {27:1--27:5},
 articleno = {27},
 numpages = {5},
 url = {http://doi.acm.org/10.1145/2448556.2448583},
 doi = {10.1145/2448556.2448583},
 acmid = {2448583},
 publisher = {ACM},
 address = {New York, NY, USA},
 keywords = {learning, multimedia, recall, transfer of knowledge},
}

@inproceedings{AbdEl-Sattar:2016:LIP:3001773.3001800,
 author = {Abd El-Sattar, Hussein Karam Hussein},
 title = {Learning Islamic Principles with Serious Games},
 booktitle = {Proceedings of the 13th International Conference on Advances in Computer Entertainment Technology},
 series = {ACE '16},
 year = {2016},
 isbn = {978-1-4503-4773-0},
 location = {Osaka, Japan},
 pages = {30:1--30:6},
 articleno = {30},
 numpages = {6},
 url = {http://doi.acm.org/10.1145/3001773.3001800},
 doi = {10.1145/3001773.3001800},
 acmid = {3001800},
 publisher = {ACM},
 address = {New York, NY, USA},
 keywords = {Activity theory, Multimedia learning, Serious Games},
}

@inproceedings{Melo:2014:AMD:2643604.2643605,
 author = {Melo, M\'{a}rio and Miranda, Guilhermina Lobato},
 title = {Applying the 4C-ID Model to the Design of a Digital Educational Resource for Teaching Electric Circuits: Effects on Student Achievement},
 booktitle = {Proceedings of the 2014 Workshop on Interaction Design in Educational Environments},
 series = {IDEE '14},
 year = {2014},
 isbn = {978-1-4503-3034-3},
 location = {Albacete, Spain},
 pages = {8:8--8:14},
 articleno = {8},
 numpages = {7},
 url = {http://doi.acm.org/10.1145/2643604.2643605},
 doi = {10.1145/2643604.2643605},
 acmid = {2643605},
 publisher = {ACM},
 address = {New York, NY, USA},
 keywords = {4C-ID model, Digital educational resources, Electric circuits, Instructional design \& technology, Learning environments, Multimedia educational messages},
}

@inproceedings{Davenport:2008:DEL:1599812.1599834,
 author = {Davenport, Jodi L. and Yaron, David and Klahr, David and Koedinger, Kenneth},
 title = {When Do Diagrams Enhance Learning? A Framework for Designing Relevant Representations},
 booktitle = {Proceedings of the 8th International Conference on International Conference for the Learning Sciences - Volume 1},
 series = {ICLS'08},
 year = {2008},
 location = {Utrecht, The Netherlands},
 pages = {191--198},
 numpages = {8},
 url = {http://dl.acm.org/citation.cfm?id=1599812.1599834},
 acmid = {1599834},
 publisher = {International Society of the Learning Sciences},
}

@inproceedings{Paek:2010:SCI:1810617.1810680,
 author = {Paek, Seungoh and Hoffmann, Daniel and Saravanos, Antonios},
 title = {Spatial Contiguity and Implicit Learning in Hypertext},
 booktitle = {Proceedings of the 21st ACM Conference on Hypertext and Hypermedia},
 series = {HT '10},
 year = {2010},
 isbn = {978-1-4503-0041-4},
 location = {Toronto, Ontario, Canada},
 pages = {291--292},
 numpages = {2},
 url = {http://doi.acm.org/10.1145/1810617.1810680},
 doi = {10.1145/1810617.1810680},
 acmid = {1810680},
 publisher = {ACM},
 address = {New York, NY, USA},
 keywords = {hypertext, implicit learning, spatial contiguity},
}

@inproceedings{Shayo:2008:RTA:1355238.1355266,
 author = {Shayo, Conrad},
 title = {The Role of Technology and Authentic Task Contexts in Promoting Inclusive Learning for Disabled and Non-disabled College Students},
 booktitle = {Proceedings of the 2008 ACM SIGMIS CPR Conference on Computer Personnel Doctoral Consortium and Research},
 series = {SIGMIS CPR '08},
 year = {2008},
 isbn = {978-1-60558-069-2},
 location = {Charlottesville, VA, USA},
 pages = {109--111},
 numpages = {3},
 url = {http://doi.acm.org/10.1145/1355238.1355266},
 doi = {10.1145/1355238.1355266},
 acmid = {1355266},
 publisher = {ACM},
 address = {New York, NY, USA},
 keywords = {assessment, authentic task contexts, guided learning, learning processes, multimedia technology, universal design for learning},
}

@inproceedings{Magner:2010:PII:1854360.1854361,
 author = {Magner, Ulrike and Schwonke, Rolf and Renkl, Alexander and Aleven, Vincent A. W. M. M. and Popescu, Octav},
 title = {Pictorial Illustrations in Intelligent Tutoring Systems: Do They Distract or Elicit Interest and Engagement?},
 booktitle = {Proceedings of the 9th International Conference of the Learning Sciences - Volume 1},
 series = {ICLS '10},
 year = {2010},
 location = {Chicago, Illinois},
 pages = {1--8},
 numpages = {8},
 url = {http://dl.acm.org/citation.cfm?id=1854360.1854361},
 acmid = {1854361},
 publisher = {International Society of the Learning Sciences},
}

@inproceedings{Janeiro:2016:OOP:3012430.3012545,
 author = {Janeiro, Giselle and Jacob, Lu\'{\i}s and Rodr\'{\i}guez-Conde, Mar\'{\i}a Jos{\'e}},
 title = {OPALESCE: Online Portal and Active Learning System for Senior Citizens in Europe},
 booktitle = {Proceedings of the Fourth International Conference on Technological Ecosystems for Enhancing Multiculturality},
 series = {TEEM '16},
 year = {2016},
 isbn = {978-1-4503-4747-1},
 location = {Salamanca, Spain},
 pages = {389--393},
 numpages = {5},
 url = {http://doi.acm.org/10.1145/3012430.3012545},
 doi = {10.1145/3012430.3012545},
 acmid = {3012545},
 publisher = {ACM},
 address = {New York, NY, USA},
 keywords = {OPALESCE, distance learning, interactive task system, learning concept design, micro units},
}

@inproceedings{Guerrero:2014:EMA:2669711.2669922,
 author = {Guerrero, Mar\'{\i}a del Mar L\'{o}pez and Guerrero, Gema L\'{o}pez},
 title = {The Effect of a Multimedia Application in the Oxidation-reduction Reaction Learning Process},
 booktitle = {Proceedings of the Second International Conference on Technological Ecosystems for Enhancing Multiculturality},
 series = {TEEM '14},
 year = {2014},
 isbn = {978-1-4503-2896-8},
 location = {Salamanca, Spain},
 pages = {343--347},
 numpages = {5},
 url = {http://doi.acm.org/10.1145/2669711.2669922},
 doi = {10.1145/2669711.2669922},
 acmid = {2669922},
 publisher = {ACM},
 address = {New York, NY, USA},
 keywords = {REDOX reactions, chemistry, multimedia applications, oxidation-reduction reactions},
}

@inproceedings{Cerezo:2017:AAM:3144826.3145447,
 author = {Cerezo, Marta and Frutos, Francisco Javier},
 title = {Adopt Applications for Mobile Devices, Interpretation of Cultural Heritage and Educational Innovation: Effects of Usability in the Process of Edutainment},
 booktitle = {Proceedings of the 5th International Conference on Technological Ecosystems for Enhancing Multiculturality},
 series = {TEEM 2017},
 year = {2017},
 isbn = {978-1-4503-5386-1},
 location = {C\&aacute;diz, Spain},
 pages = {100:1--100:5},
 articleno = {100},
 numpages = {5},
 url = {http://doi.acm.org/10.1145/3144826.3145447},
 doi = {10.1145/3144826.3145447},
 acmid = {3145447},
 publisher = {ACM},
 address = {New York, NY, USA},
 keywords = {Neurocommunication, app design, education, heritage education, information and communication technology, mobile app, usability test},
}

@inproceedings{Rouinfar:2014:IVC:2578153.2578181,
 author = {Rouinfar, Amy and Agra, Elise and Murray, Jeffrey and Larson, Adam and Loschky, Lester C. and Rebello, N. Sanjay},
 title = {Influence of Visual Cueing on Students' Eye Movements While Solving Physics Problems},
 booktitle = {Proceedings of the Symposium on Eye Tracking Research and Applications},
 series = {ETRA '14},
 year = {2014},
 isbn = {978-1-4503-2751-0},
 location = {Safety Harbor, Florida},
 pages = {191--194},
 numpages = {4},
 url = {http://doi.acm.org/10.1145/2578153.2578181},
 doi = {10.1145/2578153.2578181},
 acmid = {2578181},
 publisher = {ACM},
 address = {New York, NY, USA},
 keywords = {attention, eye-movements, physics, problem solving},
}

@inproceedings{Tongpaeng:2015:REW:2846712.2846724,
 author = {Tongpaeng, Yootthapong and Sureephong, Pradorn},
 title = {Redundancy Effect of Word-Picture-Object for Mobile Learning in Rich Physical Environment},
 booktitle = {Proceedings of the International Convention on Rehabilitation Engineering \& Assistive Technology},
 series = {i-CREATe 2015},
 year = {2015},
 pages = {10:1--10:4},
 articleno = {10},
 numpages = {4},
 url = {http://dl.acm.org/citation.cfm?id=2846712.2846724},
 acmid = {2846724},
 publisher = {Singapore Therapeutic, Assistive \& Rehabilitative Technologies (START) Centre},
 address = {Kaki Bukit TechPark II,, Singapore},
 keywords = {Knowledge retention-transfer test, M-Learning, Physical environment, Redundancy effect, W-O, W-P, W-P-O, learning materials},
}

@inproceedings{Surjono:2017:EVA:3175536.3175558,
 author = {Surjono, Herman D. and Muhtadi, Ali},
 title = {The Effects of Various Animation-Based Multimedia Learning in e-Learning Course},
 booktitle = {Proceedings of the 2017 9th International Conference on Education Technology and Computers},
 series = {ICETC 2017},
 year = {2017},
 isbn = {978-1-4503-5435-6},
 location = {Barcelona, Spain},
 pages = {117--121},
 numpages = {5},
 url = {http://doi.acm.org/10.1145/3175536.3175558},
 doi = {10.1145/3175536.3175558},
 acmid = {3175558},
 publisher = {ACM},
 address = {New York, NY, USA},
 keywords = {Animation, Modality, Multimedia learning, e-Learning},
}

@inproceedings{Bouki:2011:CTM:2038476.2038531,
 author = {Bouki, Vassiliki and Economou, Daphne and Angelopoulou, Anastassia},
 title = {Cognitive Theory of Multimedia Learning and Learning Videos Design: The Redundancy Principle},
 booktitle = {Proceedings of the 29th ACM International Conference on Design of Communication},
 series = {SIGDOC '11},
 year = {2011},
 isbn = {978-1-4503-0936-3},
 location = {Pisa, Italy},
 pages = {271--278},
 numpages = {8},
 url = {http://doi.acm.org/10.1145/2038476.2038531},
 doi = {10.1145/2038476.2038531},
 acmid = {2038531},
 publisher = {ACM},
 address = {New York, NY, USA},
 keywords = {learning videos design, multimedia learning theory, redundancy principle},
}

@inproceedings{Schoonewille:2011:CPD:2038476.2038517,
 author = {Schoonewille, Hugo H. and Heijstek, Werner and Chaudron, Michel R.V. and K\"{u}hne, Thomas},
 title = {A Cognitive Perspective on Developer Comprehension of Software Design Documentation},
 booktitle = {Proceedings of the 29th ACM International Conference on Design of Communication},
 series = {SIGDOC '11},
 year = {2011},
 isbn = {978-1-4503-0936-3},
 location = {Pisa, Italy},
 pages = {211--218},
 numpages = {8},
 url = {http://doi.acm.org/10.1145/2038476.2038517},
 doi = {10.1145/2038476.2038517},
 acmid = {2038517},
 publisher = {ACM},
 address = {New York, NY, USA},
 keywords = {cognitive theory of multimedia learning, software design comprehension},
}

@inproceedings{Genero:2008:USI:1414004.1414059,
 author = {Genero, Marcela and Cruz-Lemus, Jos{\'e} A. and Caivano, Danilo and Abrah\~{a}o, Silvia and Insfran, Emilio and Cars\'{\i}, Jos{\'e} Angel},
 title = {Does the Use of Stereotypes Improve the Comprehension of UML Sequence Diagrams?},
 booktitle = {Proceedings of the Second ACM-IEEE International Symposium on Empirical Software Engineering and Measurement},
 series = {ESEM '08},
 year = {2008},
 isbn = {978-1-59593-971-5},
 location = {Kaiserslautern, Germany},
 pages = {300--302},
 numpages = {3},
 url = {http://doi.acm.org/10.1145/1414004.1414059},
 doi = {10.1145/1414004.1414059},
 acmid = {1414059},
 publisher = {ACM},
 address = {New York, NY, USA},
 keywords = {comprehension, controlled experiment, stereotypes, uml sequence diagrams, understandability},
}

@inproceedings{Chu:2013:NCC:2468356.2468699,
 author = {Chu, Sharon Lynn},
 title = {Nurturing Children's Creative Practice Through Micro-enactments},
 booktitle = {CHI '13 Extended Abstracts on Human Factors in Computing Systems},
 series = {CHI EA '13},
 year = {2013},
 isbn = {978-1-4503-1952-2},
 location = {Paris, France},
 pages = {1913--1916},
 numpages = {4},
 url = {http://doi.acm.org/10.1145/2468356.2468699},
 doi = {10.1145/2468356.2468699},
 acmid = {2468699},
 publisher = {ACM},
 address = {New York, NY, USA},
 keywords = {creativity, education, embodied interaction, fourth grade slump, storytelling, technology},
}

@article{Sivula:2011:USA:2001333.2011843,
 author = {Sivula, Martin},
 title = {Using Skype As an Academic Tool: Lessons Learned},
 journal = {eLearn},
 issue_date = {July 2011},
 volume = {2011},
 number = {7},
 month = jul,
 year = {2011},
 issn = {1535-394X},
 articleno = {7},
 url = {http://doi.acm.org/10.1145/2001333.2011843},
 doi = {10.1145/2001333.2011843},
 acmid = {2011843},
 publisher = {ACM},
 address = {New York, NY, USA},
}

@inproceedings{Razali:2007:CUF:1353673.1353680,
 author = {Razali, Rozilawati and Snook, Colin F. and Poppleton, Michael R.},
 title = {Comprehensibility of UML-based Formal Model: A Series of Controlled Experiments},
 booktitle = {Proceedings of the 1st ACM International Workshop on Empirical Assessment of Software Engineering Languages and Technologies: Held in Conjunction with the 22Nd IEEE/ACM International Conference on Automated Software Engineering (ASE) 2007},
 series = {WEASELTech '07},
 year = {2007},
 isbn = {978-1-59593-880-0},
 location = {Atlanta, Georgia},
 pages = {25--30},
 numpages = {6},
 url = {http://doi.acm.org/10.1145/1353673.1353680},
 doi = {10.1145/1353673.1353680},
 acmid = {1353680},
 publisher = {ACM},
 address = {New York, NY, USA},
 keywords = {empirical assessment, notation comprehensibility, semi-formal and formal notations},
}

@inproceedings{Goldman:2009:SDP:1599503.1599548,
 author = {Goldman, Ricki and Dong, Chaoyan and Lansiquot, Reneta},
 title = {Software Design Principles for Video Research in the Learning Sciences and CSCL: Two Studies Use the Perspectivity Framework \& Orion\&\#8482;\texttrademark},
 booktitle = {Proceedings of the 9th International Conference on Computer Supported Collaborative Learning - Volume 2},
 series = {CSCL'09},
 year = {2009},
 isbn = {978-1-4092-8598-4},
 location = {Rhodes, Greece},
 pages = {132--134},
 numpages = {3},
 url = {http://dl.acm.org/citation.cfm?id=1599503.1599548},
 acmid = {1599548},
 publisher = {International Society of the Learning Sciences},
}

@article{Narayanan:1998:HHT:310307.310366,
 author = {Narayanan, N. Hari},
 title = {Hyped-media to Hyper-media: Toward Theoretical Foundations of Design, Use and Evaluation},
 journal = {SIGCHI Bull.},
 issue_date = {Oct. 1998},
 volume = {30},
 number = {4},
 month = oct,
 year = {1998},
 issn = {0736-6906},
 pages = {43--45},
 numpages = {3},
 url = {http://doi.acm.org/10.1145/310307.310366},
 doi = {10.1145/310307.310366},
 acmid = {310366},
 publisher = {ACM},
 address = {New York, NY, USA},
}

@inproceedings{Rosch:2014:IIB:2637002.2637062,
 author = {R\"{o}sch, Barbara},
 title = {Investigation of Information Behavior in Wikipedia Articles},
 booktitle = {Proceedings of the 5th Information Interaction in Context Symposium},
 series = {IIiX '14},
 year = {2014},
 isbn = {978-1-4503-2976-7},
 location = {Regensburg, Germany},
 pages = {351--353},
 numpages = {3},
 url = {http://doi.acm.org/10.1145/2637002.2637062},
 doi = {10.1145/2637002.2637062},
 acmid = {2637062},
 publisher = {ACM},
 address = {New York, NY, USA},
 keywords = {eye-tracking, information behavior, pictorial information, textual information, wikipedia article},
}

@inproceedings{Prangsma:2008:HLT:1599871.1599899,
 author = {Prangsma, Maaike E. and Van Boxtel, Carla A. M. and Kanselaar, Gellof and Kirschner, Paul A.},
 title = {History Learning with Textual or Visual Tasks: Student Dialogue},
 booktitle = {Proceedings of the 8th International Conference on International Conference for the Learning Sciences - Volume 2},
 series = {ICLS'08},
 year = {2008},
 location = {Utrecht, The Netherlands},
 pages = {221--228},
 numpages = {8},
 url = {http://dl.acm.org/citation.cfm?id=1599871.1599899},
 acmid = {1599899},
 publisher = {International Society of the Learning Sciences},
}

@inproceedings{Florax:2010:IPF:1854360.1854363,
 author = {Florax, Mareike and Ploetzner, Rolf},
 title = {The Influence of Presentation Format and Subject Complexity on Learning from Illustrated Texts in Biology},
 booktitle = {Proceedings of the 9th International Conference of the Learning Sciences - Volume 1},
 series = {ICLS '10},
 year = {2010},
 location = {Chicago, Illinois},
 pages = {17--24},
 numpages = {8},
 url = {http://dl.acm.org/citation.cfm?id=1854360.1854363},
 acmid = {1854363},
 publisher = {International Society of the Learning Sciences},
}

@inproceedings{Morales:2006:ICV:1179295.1179346,
 author = {Morales, Carlos and Mart\'{\i}nez-Hern\'{a}ndez, Kermin and Weaver, Gabriela and Pedela, Ryan and Maicher, Kellen and Elkin, Eugene and Danforth, Doug and Nattam, Naveen},
 title = {Immersive Chemistry Video Game},
 booktitle = {ACM SIGGRAPH 2006 Educators Program},
 series = {SIGGRAPH '06},
 year = {2006},
 isbn = {1-59593-364-6},
 location = {Boston, Massachusetts},
 articleno = {50},
 url = {http://doi.acm.org/10.1145/1179295.1179346},
 doi = {10.1145/1179295.1179346},
 acmid = {1179346},
 publisher = {ACM},
 address = {New York, NY, USA},
 keywords = {game development, instructional games, pedagogical games},
}

@inproceedings{Antonietti:2008:MUM:1599936.1600014,
 author = {Antonietti, Alessandro and Colombo, Barbara and Schnotz, Wolfgang and Moreno, Roxana and Marley, Scott and Helak, John and Fiore, Stephen M. and Cuevas, Haydee M. and Scielzo, Sandro},
 title = {Metacognition in Understanding Multimedia Presentations},
 booktitle = {Proceedings of the 8th International Conference on International Conference for the Learning Sciences - Volume 3},
 series = {ICLS'08},
 year = {2008},
 location = {Utrecht, The Netherlands},
 pages = {166--173},
 numpages = {8},
 url = {http://dl.acm.org/citation.cfm?id=1599936.1600014},
 acmid = {1600014},
 publisher = {International Society of the Learning Sciences},
}

@inproceedings{Doore:2014:PAC:2693848.2694292,
 author = {Doore, Karen and Fishwick, Paul},
 title = {Prototyping an Analog Computing Representation of Predator Prey Dynamics},
 booktitle = {Proceedings of the 2014 Winter Simulation Conference},
 series = {WSC '14},
 year = {2014},
 location = {Savannah, Georgia},
 pages = {3561--3571a},
 url = {http://dl.acm.org/citation.cfm?id=2693848.2694292},
 acmid = {2694292},
 publisher = {IEEE Press},
 address = {Piscataway, NJ, USA},
}

@inproceedings{Masood:2017:CRI:3152723.3152735,
 author = {Masood, Mona and Mokmin, Nur Azlina Mohamed},
 title = {Case-based Reasoning Intelligent Tutoring System: An Application of Big Data and IoT},
 booktitle = {Proceedings of the 2017 International Conference on Big Data Research},
 series = {ICBDR 2017},
 year = {2017},
 isbn = {978-1-4503-5356-4},
 location = {Osaka, Japan},
 pages = {28--32},
 numpages = {5},
 url = {http://doi.acm.org/10.1145/3152723.3152735},
 doi = {10.1145/3152723.3152735},
 acmid = {3152735},
 publisher = {ACM},
 address = {New York, NY, USA},
 keywords = {Algebra, Artificial Intelligence, Big Data, Case-based Reasoning, Instructional, Intelligent Tutoring System, Internet of Things, Interpersonal, Learning Style, Mastery, Mathematics, Self-Expressive, Understanding},
}

@inproceedings{Matthews:2009:MLO:1821748.1821824,
 author = {Matthews, Reginamary and Hin, Hew Soon and Choo, Koo Ah},
 title = {Multimedia Learning Object to Build Cognitive Understanding in Learning Introductory Programming},
 booktitle = {Proceedings of the 7th International Conference on Advances in Mobile Computing and Multimedia},
 series = {MoMM '09},
 year = {2009},
 isbn = {978-1-60558-659-5},
 location = {Kuala Lumpur, Malaysia},
 pages = {396--400},
 numpages = {5},
 url = {http://doi.acm.org/10.1145/1821748.1821824},
 doi = {10.1145/1821748.1821824},
 acmid = {1821824},
 publisher = {ACM},
 address = {New York, NY, USA},
 keywords = {cognitive understanding, introductory programming, learning object, multimedia},
}

@inproceedings{Paulins:2014:MID:2659532.2659626,
 author = {Paulins, Nauris and Arhipova, Irina and Balina, Signe},
 title = {Multilingual Information Delivery Based on a Domain Ontology},
 booktitle = {Proceedings of the 15th International Conference on Computer Systems and Technologies},
 series = {CompSysTech '14},
 year = {2014},
 isbn = {978-1-4503-2753-4},
 location = {Ruse, Bulgaria},
 pages = {430--436},
 numpages = {7},
 url = {http://doi.acm.org/10.1145/2659532.2659626},
 doi = {10.1145/2659532.2659626},
 acmid = {2659626},
 publisher = {ACM},
 address = {New York, NY, USA},
 keywords = {adaptive learning, domain adaption, multilingual ontology, semantic annotation},
}

@inproceedings{Mokmin:2017:DDI:3145777.3145793,
 author = {Mokmin, Nur Azlina Mohamed and Masood, Mona},
 title = {The Design and Development of an Intelligent Tutoring System As a Part of the Architecture of Internet of Things (IoT)},
 booktitle = {Proceedings of the 2017 International Conference on Telecommunications and Communication Engineering},
 series = {ICTCE '17},
 year = {2017},
 isbn = {978-1-4503-5315-1},
 location = {Osaka, Japan},
 pages = {92--96},
 numpages = {5},
 url = {http://doi.acm.org/10.1145/3145777.3145793},
 doi = {10.1145/3145777.3145793},
 acmid = {3145793},
 publisher = {ACM},
 address = {New York, NY, USA},
 keywords = {algebra, artificial intelligence, instructional, intelligent tutoring system, internet of things, interpersonal, mastery, mathematics, self-expressive, understanding},
}

@inproceedings{Liu:2019:AIP:3338147.3338163,
 author = {Liu, Tingting and Chen, Zengzhao and Wang, Xiangwei},
 title = {Automatic Instructional Pointing Gesture Recognition by Machine Learning in the Intelligent Learning Environment},
 booktitle = {Proceedings of the 2019 4th International Conference on Distance Education and Learning},
 series = {ICDEL 2019},
 year = {2019},
 isbn = {978-1-4503-6265-8},
 location = {Shanghai, China},
 pages = {153--157},
 numpages = {5},
 url = {http://doi.acm.org/10.1145/3338147.3338163},
 doi = {10.1145/3338147.3338163},
 acmid = {3338163},
 publisher = {ACM},
 address = {New York, NY, USA},
 keywords = {Instructional pointing gesture recognition, artificial neural network, image binarization, intelligent learning environment, machine learning},
}

@inproceedings{Monserrat:2014:LII:2556288.2557368,
 author = {Monserrat, Toni-Jan Keith Palma and Li, Yawen and Zhao, Shengdong and Cao, Xiang},
 title = {L.IVE: An Integrated Interactive Video-based Learning Environment},
 booktitle = {Proceedings of the SIGCHI Conference on Human Factors in Computing Systems},
 series = {CHI '14},
 year = {2014},
 isbn = {978-1-4503-2473-1},
 location = {Toronto, Ontario, Canada},
 pages = {3399--3402},
 numpages = {4},
 url = {http://doi.acm.org/10.1145/2556288.2557368},
 doi = {10.1145/2556288.2557368},
 acmid = {2557368},
 publisher = {ACM},
 address = {New York, NY, USA},
 keywords = {interactive video, l.ive, video-based online learning},
}

@inproceedings{Monserrat:2014:LII:2611222.2557368,
 author = {Monserrat, Toni-Jan Keith Palma and Li, Yawen and Zhao, Shengdong and Cao, Xiang},
 title = {L.IVE: An Integrated Interactive Video-based Learning Environment},
 booktitle = {Proceedings of the 32Nd Annual ACM Conference on Human Factors in Computing Systems},
 series = {CHI '14},
 year = {2014},
 isbn = {978-1-4503-2473-1},
 location = {Toronto, Ontario, Canada},
 pages = {3399--3402},
 numpages = {4},
 url = {http://doi.acm.org/10.1145/2556288.2557368},
 doi = {10.1145/2556288.2557368},
 acmid = {2557368},
 publisher = {ACM},
 address = {New York, NY, USA},
 keywords = {interactive video, l.ive, video-based online learning},
}

@inproceedings{Hillman:2018:EMT:3170427.3188668,
 author = {Hillman, Serena and Duprat, Mariana and Cargile, Andy and Hillman, Alexandra},
 title = {Exploring Mixed-Reality TUI Manipulatives for K-5 Classrooms},
 booktitle = {Extended Abstracts of the 2018 CHI Conference on Human Factors in Computing Systems},
 series = {CHI EA '18},
 year = {2018},
 isbn = {978-1-4503-5621-3},
 location = {Montreal QC, Canada},
 pages = {LBW520:1--LBW520:6},
 articleno = {LBW520},
 numpages = {6},
 url = {http://doi.acm.org/10.1145/3170427.3188668},
 doi = {10.1145/3170427.3188668},
 acmid = {3188668},
 publisher = {ACM},
 address = {New York, NY, USA},
 keywords = {augmented reality, educational technology, journey maps, manipulatives, mixed-reality, participatory design, tangible user interfaces},
}

@inproceedings{Rammos:2018:ISH:3218585.3218682,
 author = {Rammos, Dimitrios and Bratitsis, Tharrenos},
 title = {Inclusive Strategies for the History Subject in 6th Grade of Greek Primary School: Gamifying the Curriculum with Digital Storytelling and Augmented Reality},
 booktitle = {Proceedings of the 8th International Conference on Software Development and Technologies for Enhancing Accessibility and Fighting Info-exclusion},
 series = {DSAI 2018},
 year = {2018},
 isbn = {978-1-4503-6467-6},
 location = {Thessaloniki, Greece},
 pages = {227--233},
 numpages = {7},
 url = {http://doi.acm.org/10.1145/3218585.3218682},
 doi = {10.1145/3218585.3218682},
 acmid = {3218682},
 publisher = {ACM},
 address = {New York, NY, USA},
 keywords = {Augmented Reality, Digital Storytelling, Educational Games, Game based learning, History, Museum},
}

@inproceedings{Xie:2011:MWM:1940761.1940793,
 author = {Xie, Bo and Watkins, Ivan and Huang, Man},
 title = {Making Web-based Multimedia Health Tutorials Senior-friendly: Design and Training Guidelines},
 booktitle = {Proceedings of the 2011 iConference},
 series = {iConference '11},
 year = {2011},
 isbn = {978-1-4503-0121-3},
 location = {Seattle, Washington, USA},
 pages = {230--237},
 numpages = {8},
 url = {http://doi.acm.org/10.1145/1940761.1940793},
 doi = {10.1145/1940761.1940793},
 acmid = {1940793},
 publisher = {ACM},
 address = {New York, NY, USA},
 keywords = {health tutorial, literacy, multimedia, older adults},
}

@inproceedings{Xie:2010:OAP:1882992.1883085,
 author = {Xie, Bo and Watkins, Ivan and Huang, Man},
 title = {Older Adults' Perceptions and Use of Web-based Multimedia Health Tutorials},
 booktitle = {Proceedings of the 1st ACM International Health Informatics Symposium},
 series = {IHI '10},
 year = {2010},
 isbn = {978-1-4503-0030-8},
 location = {Arlington, Virginia, USA},
 pages = {565--574},
 numpages = {10},
 url = {http://doi.acm.org/10.1145/1882992.1883085},
 doi = {10.1145/1882992.1883085},
 acmid = {1883085},
 publisher = {ACM},
 address = {New York, NY, USA},
 keywords = {health tutorial, interactivity, multimedia, older adults, usability},
}

@inproceedings{Brandao:2016:SPD:2982142.2982177,
 author = {Brand\~{a}o, Alessandra and Nicolau, Hugo and Tadas, Shreya and Hanson, Vicki L.},
 title = {SlidePacer: A Presentation Delivery Tool for Instructors of Deaf and Hard of Hearing Students},
 booktitle = {Proceedings of the 18th International ACM SIGACCESS Conference on Computers and Accessibility},
 series = {ASSETS '16},
 year = {2016},
 isbn = {978-1-4503-4124-0},
 location = {Reno, Nevada, USA},
 pages = {25--32},
 numpages = {8},
 url = {http://doi.acm.org/10.1145/2982142.2982177},
 doi = {10.1145/2982142.2982177},
 acmid = {2982177},
 publisher = {ACM},
 address = {New York, NY, USA},
 keywords = {deaf, interpreter, learning, lecture, multimedia, pace, presentation., visual sources},
}

@inproceedings{Doube:2012:TOA:2414536.2414553,
 author = {Doub{\'e}, Wendy and Beh, Jeanie},
 title = {Typing over Autocomplete: Cognitive Load in Website Use by Older Adults},
 booktitle = {Proceedings of the 24th Australian Computer-Human Interaction Conference},
 series = {OzCHI '12},
 year = {2012},
 isbn = {978-1-4503-1438-1},
 location = {Melbourne, Australia},
 pages = {97--106},
 numpages = {10},
 url = {http://doi.acm.org/10.1145/2414536.2414553},
 doi = {10.1145/2414536.2414553},
 acmid = {2414553},
 publisher = {ACM},
 address = {New York, NY, USA},
 keywords = {ageing, graphical user interfaces, interaction styles, software testing, usability, website},
}

@inproceedings{RodriguezdeDios:2014:RIC:2669711.2669969,
 author = {Rodr\'{\i}guez de Dios, Isabel and Igartua, Juan Jos{\'e}},
 title = {Risks of Interactive Communication: A Digital Literacy Proposal},
 booktitle = {Proceedings of the Second International Conference on Technological Ecosystems for Enhancing Multiculturality},
 series = {TEEM '14},
 year = {2014},
 isbn = {978-1-4503-2896-8},
 location = {Salamanca, Spain},
 pages = {653--657},
 numpages = {5},
 url = {http://doi.acm.org/10.1145/2669711.2669969},
 doi = {10.1145/2669711.2669969},
 acmid = {2669969},
 publisher = {ACM},
 address = {New York, NY, USA},
 keywords = {digital literacy, entertainment-education, interactive communication, online risks, persuasion},
}

@inproceedings{Wolf:2003:ITL:858403.858437,
 author = {Wolf, Christian},
 title = {iWeaver: Towards 'Learning Style'-based e-Learning in Computer Science Education},
 booktitle = {Proceedings of the Fifth Australasian Conference on Computing Education - Volume 20},
 series = {ACE '03},
 year = {2003},
 isbn = {0-909925-98-4},
 location = {Adelaide, Australia},
 pages = {273--279},
 numpages = {7},
 url = {http://dl.acm.org/citation.cfm?id=858403.858437},
 acmid = {858437},
 publisher = {Australian Computer Society, Inc.},
 address = {Darlinghurst, Australia, Australia},
 keywords = {adaptive hypermedia, adaptive learning, e-learning, individual learning styles, learner modelling, learner-centred design, multimedia learning, user modelling},
}

@inproceedings{Aranda:2007:FEE:1268982.1269010,
 author = {Aranda, Jorge and Ernst, Neil and Horkoff, Jennifer and Easterbrook, Steve},
 title = {A Framework for Empirical Evaluation of Model Comprehensibility},
 booktitle = {Proceedings of the International Workshop on Modeling in Software Engineering},
 series = {MISE '07},
 year = {2007},
 isbn = {0-7695-2953-4},
 pages = {7--},
 url = {https://doi.org/10.1109/MISE.2007.2},
 doi = {10.1109/MISE.2007.2},
 acmid = {1269010},
 publisher = {IEEE Computer Society},
 address = {Washington, DC, USA},
}

@inproceedings{Tiellet:2010:DEH:1810617.1810656,
 author = {Tiellet, Claudio A.B. and Pereira, Andr{\'e} Grahl and Reategui, Eliseo Berni and Lima, Jos{\'e} Valdeni and Chambel, Teresa},
 title = {Design and Evaluation of a Hypervideo Environment to Support Veterinary Surgery Learning},
 booktitle = {Proceedings of the 21st ACM Conference on Hypertext and Hypermedia},
 series = {HT '10},
 year = {2010},
 isbn = {978-1-4503-0041-4},
 location = {Toronto, Ontario, Canada},
 pages = {213--222},
 numpages = {10},
 url = {http://doi.acm.org/10.1145/1810617.1810656},
 doi = {10.1145/1810617.1810656},
 acmid = {1810656},
 publisher = {ACM},
 address = {New York, NY, USA},
 keywords = {design, evaluation, high education, hypervideo, surgery, veterinary, video},
}

@inproceedings{Lu:2014:ESC:2592235.2592237,
 author = {Lu, Weiquan and Feng, Dan and Feiner, Steven and Zhao, Qi and Duh, Henry Been-Lirn},
 title = {Evaluating Subtle Cueing in Head-worn Displays},
 booktitle = {Proceedings of the Second International Symposium of Chinese CHI},
 series = {Chinese CHI '14},
 year = {2014},
 isbn = {978-1-4503-2876-0},
 location = {Toronto, Ontario, Canada},
 pages = {5--10},
 numpages = {6},
 url = {http://doi.acm.org/10.1145/2592235.2592237},
 doi = {10.1145/2592235.2592237},
 acmid = {2592237},
 publisher = {ACM},
 address = {New York, NY, USA},
 keywords = {attention, subtle visual cueing, visual search},
}

@article{Struve:2009:VMT:1525840.1525844,
 author = {Struve, Doreen and Wandke, Hartmut},
 title = {Video Modeling for Training Older Adults to Use New Technologies},
 journal = {ACM Trans. Access. Comput.},
 issue_date = {May 2009},
 volume = {2},
 number = {1},
 month = may,
 year = {2009},
 issn = {1936-7228},
 pages = {4:1--4:24},
 articleno = {4},
 numpages = {24},
 url = {http://doi.acm.org/10.1145/1525840.1525844},
 doi = {10.1145/1525840.1525844},
 acmid = {1525844},
 publisher = {ACM},
 address = {New York, NY, USA},
 keywords = {Instruction, guided error training, older adults, self-efficacy, technology use, video modeling},
}

@inproceedings{Haaranen:2015:SED:2819009.2819076,
 author = {Haaranen, Lassi and Ihantola, Petri and Sorva, Juha and Vihavainen, Arto},
 title = {In Search of the Emotional Design Effect in Programming},
 booktitle = {Proceedings of the 37th International Conference on Software Engineering - Volume 2},
 series = {ICSE '15},
 year = {2015},
 location = {Florence, Italy},
 pages = {428--434},
 numpages = {7},
 url = {http://dl.acm.org/citation.cfm?id=2819009.2819076},
 acmid = {2819076},
 publisher = {IEEE Press},
 address = {Piscataway, NJ, USA},
}

@inproceedings{Shirazi:2013:TLC:2676255.2676363,
 author = {Shirazi, Arezoo and Behzadan, Amir H.},
 title = {Technology-enhanced Learning in Construction Education Using Mobile Context-aware Augmented Reality Visual Simulation},
 booktitle = {Proceedings of the 2013 Winter Simulation Conference: Simulation: Making Decisions in a Complex World},
 series = {WSC '13},
 year = {2013},
 location = {Washington, D.C.},
 pages = {3074--3085},
 numpages = {12},
 url = {http://dl.acm.org/citation.cfm?id=2676255.2676363},
 acmid = {2676363},
 publisher = {IEEE Press},
 address = {Piscataway, NJ, USA},
}

@inproceedings{Shirazi:2013:TLC:2675983.2676363,
 author = {Shirazi, Arezoo and Behzadan, Amir H.},
 title = {Technology-enhanced Learning in Construction Education Using Mobile Context-aware Augmented Reality Visual Simulation},
 booktitle = {Proceedings of the 2013 Winter Simulation Conference: Simulation: Making Decisions in a Complex World},
 series = {WSC '13},
 year = {2013},
 isbn = {978-1-4799-2077-8},
 location = {Washington, D.C.},
 pages = {3074--3085},
 numpages = {12},
 url = {http://dl.acm.org/citation.cfm?id=2675983.2676363},
 acmid = {2676363},
 publisher = {IEEE Press},
 address = {Piscataway, NJ, USA},
}

@inproceedings{Wolf:2018:CSF:3265757.3265780,
 author = {Wolf, Alexander and Wilhelm-Weidner, Arno and Nestmann, Uwe},
 title = {A Case Study of Flipped Classroom for Automata Theory in Secondary Education},
 booktitle = {Proceedings of the 13th Workshop in Primary and Secondary Computing Education},
 series = {WiPSCE '18},
 year = {2018},
 isbn = {978-1-4503-6588-8},
 location = {Potsdam, Germany},
 pages = {23:1--23:6},
 articleno = {23},
 numpages = {6},
 url = {http://doi.acm.org/10.1145/3265757.3265780},
 doi = {10.1145/3265757.3265780},
 acmid = {3265780},
 publisher = {ACM},
 address = {New York, NY, USA},
 keywords = {FLAT, finite automata, flipped classroom},
}

@inproceedings{Lu:2014:SRW:2592235.2592238,
 author = {Lu, Weiquan and Sun, Chenchen and Bleeker, Timo and You, Yingdan and Kitazawa, Shintaro and Do, Ellen Yi-Luen},
 title = {Sensorendipity: A Real-time Web-enabled Smartphone Sensor Platform for Idea Generation and Prototyping},
 booktitle = {Proceedings of the Second International Symposium of Chinese CHI},
 series = {Chinese CHI '14},
 year = {2014},
 isbn = {978-1-4503-2876-0},
 location = {Toronto, Ontario, Canada},
 pages = {11--18},
 numpages = {8},
 url = {http://doi.acm.org/10.1145/2592235.2592238},
 doi = {10.1145/2592235.2592238},
 acmid = {2592238},
 publisher = {ACM},
 address = {New York, NY, USA},
 keywords = {sensors, smartphones, web-enabled},
}

@inproceedings{Baloian:2013:TGM:2535597.2535622,
 author = {Baloian, Nelson and Pino, Jos{\'e} A. and Vargas, Roberto},
 title = {Tablet Gestures As a Motivating Factor for Learning},
 booktitle = {Proceedings of the 2013 Chilean Conference on Human - Computer Interaction},
 series = {ChileCHI '13},
 year = {2013},
 isbn = {978-1-4503-2200-3},
 location = {Temuco, Chile},
 pages = {98--103},
 numpages = {6},
 url = {http://doi.acm.org/10.1145/2535597.2535622},
 doi = {10.1145/2535597.2535622},
 acmid = {2535622},
 publisher = {ACM},
 address = {New York, NY, USA},
 keywords = {english as a foreign language educaction, gestures evaluation, iPad, natural user interfaces, tablet gestures},
}

@inproceedings{Schueler:2008:MEM:1599871.1599910,
 author = {Schueler, Anne and Scheiter, Katharina and Gerjets, Peter and Rummer, Ralf},
 title = {The Modality Effect in Multimedia Learning: Theoretical and Empirical Limitations},
 booktitle = {Proceedings of the 8th International Conference on International Conference for the Learning Sciences - Volume 2},
 series = {ICLS'08},
 year = {2008},
 location = {Utrecht, The Netherlands},
 pages = {311--318},
 numpages = {8},
 url = {http://dl.acm.org/citation.cfm?id=1599871.1599910},
 acmid = {1599910},
 publisher = {International Society of the Learning Sciences},
}

@inproceedings{Xie:2012:CET:2132176.2132207,
 author = {Xie, Bo and Yeh, Tom and Walsh, Greg and Watkins, Ivan and Huang, Man},
 title = {Co-designing an e-Health Tutorial for Older Adults},
 booktitle = {Proceedings of the 2012 iConference},
 series = {iConference '12},
 year = {2012},
 isbn = {978-1-4503-0782-6},
 location = {Toronto, Ontario, Canada},
 pages = {240--247},
 numpages = {8},
 url = {http://doi.acm.org/10.1145/2132176.2132207},
 doi = {10.1145/2132176.2132207},
 acmid = {2132207},
 publisher = {ACM},
 address = {New York, NY, USA},
 keywords = {e-health literacy, health information seeking, integrated e-tutorial, participatory design},
}

@inproceedings{Fu:2018:DFI:3202667.3202671,
 author = {Fu, Zhiyong and Lin, Jia and Zhou, Yuyao},
 title = {Design Framework for Informal Learning Based on Mobile Technologies},
 booktitle = {Proceedings of the Sixth International Symposium of Chinese CHI},
 series = {ChineseCHI '18},
 year = {2018},
 isbn = {978-1-4503-6508-6},
 location = {Montreal, QC, Canada},
 pages = {22--30},
 numpages = {9},
 url = {http://doi.acm.org/10.1145/3202667.3202671},
 doi = {10.1145/3202667.3202671},
 acmid = {3202671},
 publisher = {ACM},
 address = {New York, NY, USA},
 keywords = {Activity theory, Informal learning, Mobile technologies, Zoo},
}

@inproceedings{Howell:2014:EMI:2693848.2694293,
 author = {Howell, Michael and Vega, David and Doore, Karen and Fishwick, Paul},
 title = {Enhancing Model Interaction with Immersive and Tangible Representations: A Case Study Using the Lotka-volterra Model},
 booktitle = {Proceedings of the 2014 Winter Simulation Conference},
 series = {WSC '14},
 year = {2014},
 location = {Savannah, Georgia},
 pages = {3572--3583},
 numpages = {12},
 url = {http://dl.acm.org/citation.cfm?id=2693848.2694293},
 acmid = {2694293},
 publisher = {IEEE Press},
 address = {Piscataway, NJ, USA},
}

@inproceedings{Roy:2004:SAH:1026533.1026543,
 author = {Roy, Debopriyo},
 title = {A Self-paced Approach to Hypermedia Design for Patient Education},
 booktitle = {Proceedings of the 22Nd Annual International Conference on Design of Communication: The Engineering of Quality Documentation},
 series = {SIGDOC '04},
 year = {2004},
 isbn = {1-58113-809-1},
 location = {Memphis, Tennessee, USA},
 pages = {27--32},
 numpages = {6},
 url = {http://doi.acm.org/10.1145/1026533.1026543},
 doi = {10.1145/1026533.1026543},
 acmid = {1026543},
 publisher = {ACM},
 address = {New York, NY, USA},
 keywords = {activity theory, conversational design, design, modality effect, self-paced system, situated action},
}

@inproceedings{Wilhelm-Weidner:2018:STC:3279720.3279734,
 author = {Wilhelm-Weidner, Arno and Bergner, Nadine},
 title = {On Supplementing Theoretical Computer Science Courses Using E-Learning},
 booktitle = {Proceedings of the 18th Koli Calling International Conference on Computing Education Research},
 series = {Koli Calling '18},
 year = {2018},
 isbn = {978-1-4503-6535-2},
 location = {Koli, Finland},
 pages = {14:1--14:10},
 articleno = {14},
 numpages = {10},
 url = {http://doi.acm.org/10.1145/3279720.3279734},
 doi = {10.1145/3279720.3279734},
 acmid = {3279734},
 publisher = {ACM},
 address = {New York, NY, USA},
 keywords = {Blended Learning, E-Learning, Learning Management System, Theoretical Computer Science},
}

@inproceedings{Fulmore:2015:VGC:2807565.2807710,
 author = {Fulmore, Yvonne},
 title = {Video Games and the Customization of Learning: Interactive Narratives As a Promising Design Framework for Crafting Inclusive Educational Environments},
 booktitle = {Proceedings of the Third Conference on GenderIT},
 series = {GenderIT '15},
 year = {2015},
 isbn = {978-1-4503-3596-6},
 location = {Philadelphia, PA, USA},
 pages = {32--39},
 numpages = {8},
 url = {http://doi.acm.org/10.1145/2807565.2807710},
 doi = {10.1145/2807565.2807710},
 acmid = {2807710},
 publisher = {ACM},
 address = {New York, NY, USA},
 keywords = {Socio-cultural learning theories, designing games for learning, game-based learning, immersion, inclusivity, law of cultural development, media literacy, representations, serious games, stereotypes, zone of proximal development},
}

@inproceedings{Richards:2012:UAV:2336727.2336736,
 author = {Richards, Deborah and Kelaiah, Iwan},
 title = {Usability Attributes in Virtual Learning Environments},
 booktitle = {Proceedings of The 8th Australasian Conference on Interactive Entertainment: Playing the System},
 series = {IE '12},
 year = {2012},
 isbn = {978-1-4503-1410-7},
 location = {Auckland, New Zealand},
 pages = {9:1--9:10},
 articleno = {9},
 numpages = {10},
 url = {http://doi.acm.org/10.1145/2336727.2336736},
 doi = {10.1145/2336727.2336736},
 acmid = {2336736},
 publisher = {ACM},
 address = {New York, NY, USA},
 keywords = {education, usability attributes, virtual worlds},
}

@inproceedings{Goncalves:2017:TRA:3041021.3055128,
 author = {Goncalves, Jorge and Feldman, Michael and Hu, Subingqian and Kostakos, Vassilis and Bernstein, Abraham},
 title = {Task Routing and Assignment in Crowdsourcing Based on Cognitive Abilities},
 booktitle = {Proceedings of the 26th International Conference on World Wide Web Companion},
 series = {WWW '17 Companion},
 year = {2017},
 isbn = {978-1-4503-4914-7},
 location = {Perth, Australia},
 pages = {1023--1031},
 numpages = {9},
 url = {https://doi.org/10.1145/3041021.3055128},
 doi = {10.1145/3041021.3055128},
 acmid = {3055128},
 publisher = {International World Wide Web Conferences Steering Committee},
 address = {Republic and Canton of Geneva, Switzerland},
 keywords = {cognitive abilities, crowdsourcing, fluency tasks, kit of factor-referenced cognitive tests., task assignment, task routing, visual tasks, worker performance},
}

@inproceedings{Mason:2012:WBJ:2483716.2483738,
 author = {Mason, Raina and Cooper, Graham},
 title = {Why the Bottom 10% Just Can'T Do It: Mental Effort Measures and Implication for Introductory Programming Courses},
 booktitle = {Proceedings of the Fourteenth Australasian Computing Education Conference - Volume 123},
 series = {ACE '12},
 year = {2012},
 isbn = {978-1-921770-04-3},
 location = {Melbourne, Australia},
 pages = {187--196},
 numpages = {10},
 url = {http://dl.acm.org/citation.cfm?id=2483716.2483738},
 acmid = {2483738},
 publisher = {Australian Computer Society, Inc.},
 address = {Darlinghurst, Australia, Australia},
 keywords = {Australian university courses, cognition, cognitive load, introductory programming, mental effort measures, pedagogy, programming success},
}

@inproceedings{Kim:2019:BCA:3290605.3300912,
 author = {Kim, Yea-Seul and Walls, Logan A. and Krafft, Peter and Hullman, Jessica},
 title = {A Bayesian Cognition Approach to Improve Data Visualization},
 booktitle = {Proceedings of the 2019 CHI Conference on Human Factors in Computing Systems},
 series = {CHI '19},
 year = {2019},
 isbn = {978-1-4503-5970-2},
 location = {Glasgow, Scotland Uk},
 pages = {682:1--682:14},
 articleno = {682},
 numpages = {14},
 url = {http://doi.acm.org/10.1145/3290605.3300912},
 doi = {10.1145/3290605.3300912},
 acmid = {3300912},
 publisher = {ACM},
 address = {New York, NY, USA},
 keywords = {bayesian cognition, uncertainty elicitation, visualization},
}

