@inproceedings{Polman:2008:SAM:1599936.1599990,
 author = {Polman, Joseph L. and Miller, Diane},
 title = {Sociocognitive Apprenticeship: Mediating Practices and Identities},
 booktitle = {Proceedings of the 8th International Conference on International Conference for the Learning Sciences - Volume 3},
 series = {ICLS'08},
 year = {2008},
 location = {Utrecht, The Netherlands},
 pages = {115--116},
 numpages = {2},
 url = {http://dl.acm.org/citation.cfm?id=1599936.1599990},
 acmid = {1599990},
 publisher = {International Society of the Learning Sciences},
}

@article{Black:2006:HNP:1181901.1181922,
 author = {Black, Toni R.},
 title = {Helping Novice Programming Students Succeed},
 journal = {J. Comput. Sci. Coll.},
 issue_date = {December 2006},
 volume = {22},
 number = {2},
 month = dec,
 year = {2006},
 issn = {1937-4771},
 pages = {109--114},
 numpages = {6},
 url = {http://dl.acm.org/citation.cfm?id=1181901.1181922},
 acmid = {1181922},
 publisher = {Consortium for Computing Sciences in Colleges},
 address = {USA},
}

@inproceedings{Owensby:2004:EDC:1149126.1149280,
 author = {Owensby, Jakita N.},
 title = {Exploring the Development of Case Application Skills in Middle School Project-based Inquiry Classrooms},
 booktitle = {Proceedings of the 6th International Conference on Learning Sciences},
 series = {ICLS '04},
 year = {2004},
 location = {Santa Monica, California},
 pages = {656--656},
 numpages = {1},
 url = {http://dl.acm.org/citation.cfm?id=1149126.1149280},
 acmid = {1149280},
 publisher = {International Society of the Learning Sciences},
}

@inproceedings{Burden:2014:MME:2591708.2602665,
 author = {Burden, H{\aa}kan and Adawi, Tom},
 title = {Mastering Model-driven Engineering},
 booktitle = {Proceedings of the 2014 Conference on Innovation \&\#38; Technology in Computer Science Education},
 series = {ITiCSE '14},
 year = {2014},
 isbn = {978-1-4503-2833-3},
 location = {Uppsala, Sweden},
 pages = {351--351},
 numpages = {1},
 url = {http://doi.acm.org/10.1145/2591708.2602665},
 doi = {10.1145/2591708.2602665},
 acmid = {2602665},
 publisher = {ACM},
 address = {New York, NY, USA},
 keywords = {design, theory},
}

@inproceedings{Tholander:2002:SOM:1658616.1658706,
 author = {Tholander, Jakob and Karlgren, Klas},
 title = {Support for Object-oriented Model Construction},
 booktitle = {Proceedings of the Conference on Computer Support for Collaborative Learning: Foundations for a CSCL Community},
 series = {CSCL '02},
 year = {2002},
 location = {Boulder, Colorado},
 pages = {533--534},
 numpages = {2},
 url = {http://dl.acm.org/citation.cfm?id=1658616.1658706},
 acmid = {1658706},
 publisher = {International Society of the Learning Sciences},
}

@article{Wulf:2006:CAT:1181811.1181827,
 author = {Wulf, Tom},
 title = {Constructivist Approaches to Teaching CS and IT: Tutorial Presentation},
 journal = {J. Comput. Sci. Coll.},
 issue_date = {October 2006},
 volume = {22},
 number = {1},
 month = oct,
 year = {2006},
 issn = {1937-4771},
 pages = {117--117},
 numpages = {1},
 url = {http://dl.acm.org/citation.cfm?id=1181811.1181827},
 acmid = {1181827},
 publisher = {Consortium for Computing Sciences in Colleges},
 address = {USA},
}

@inproceedings{Moraveji:2010:UID:1835449.1835688,
 author = {Moraveji, Neema},
 title = {User Interface Designs to Support the Social Transfer of Web Search Expertise},
 booktitle = {Proceedings of the 33rd International ACM SIGIR Conference on Research and Development in Information Retrieval},
 series = {SIGIR '10},
 year = {2010},
 isbn = {978-1-4503-0153-4},
 location = {Geneva, Switzerland},
 pages = {915--915},
 numpages = {1},
 url = {http://doi.acm.org/10.1145/1835449.1835688},
 doi = {10.1145/1835449.1835688},
 acmid = {1835688},
 publisher = {ACM},
 address = {New York, NY, USA},
 keywords = {expertise, information retrieval, learning, social, transfer},
}

@inproceedings{Knobelsdorf:2014:TTC:2538862.2538944,
 author = {Knobelsdorf, Maria and Kreitz, Christoph and B\"{o}hne, Sebastian},
 title = {Teaching Theoretical Computer Science Using a Cognitive Apprenticeship Approach},
 booktitle = {Proceedings of the 45th ACM Technical Symposium on Computer Science Education},
 series = {SIGCSE '14},
 year = {2014},
 isbn = {978-1-4503-2605-6},
 location = {Atlanta, Georgia, USA},
 pages = {67--72},
 numpages = {6},
 url = {http://doi.acm.org/10.1145/2538862.2538944},
 doi = {10.1145/2538862.2538944},
 acmid = {2538944},
 publisher = {ACM},
 address = {New York, NY, USA},
 keywords = {cognitive apprenticeship, high failure rates, pedagogy, theoretical computer science, theory of computation},
}

@inproceedings{Stromholt:2010:BPT:1854509.1854719,
 author = {Stromholt, Shelley and Shouse, Andrew and Bell, Philip},
 title = {Broadening Participation Through Scaffolding},
 booktitle = {Proceedings of the 9th International Conference of the Learning Sciences - Volume 2},
 series = {ICLS '10},
 year = {2010},
 location = {Chicago, Illinois},
 pages = {405--406},
 numpages = {2},
 url = {http://dl.acm.org/citation.cfm?id=1854509.1854719},
 acmid = {1854719},
 publisher = {International Society of the Learning Sciences},
}

@inproceedings{Kriesberg:2013:RDR:2655780.2655797,
 author = {Kriesberg, Adam and Frank, Rebecca D. and Faniel, Ixchel M. and Yakel, Elizabeth},
 title = {The Role of Data Reuse in the Apprenticeship Process},
 booktitle = {Proceedings of the 76th ASIS\&T Annual Meeting: Beyond the Cloud: Rethinking Information Boundaries},
 series = {ASIST '13},
 year = {2013},
 isbn = {0-87715-545-3},
 location = {Montreal, Quebec, Canada},
 pages = {17:1--17:10},
 articleno = {17},
 numpages = {10},
 url = {http://dl.acm.org/citation.cfm?id=2655780.2655797},
 acmid = {2655797},
 publisher = {American Society for Information Science},
 address = {Silver Springs, MD, USA},
 keywords = {cognitive apprenticeship, communities of practice, data reuse, digital repositories, disciplinary repositories, legitimate peripheral participation},
}

@inproceedings{Bareiss:2010:CVC:1734263.1734319,
 author = {Bareiss, Ray and Radley, Martin},
 title = {Coaching via Cognitive Apprenticeship},
 booktitle = {Proceedings of the 41st ACM Technical Symposium on Computer Science Education},
 series = {SIGCSE '10},
 year = {2010},
 isbn = {978-1-4503-0006-3},
 location = {Milwaukee, Wisconsin, USA},
 pages = {162--166},
 numpages = {5},
 url = {http://doi.acm.org/10.1145/1734263.1734319},
 doi = {10.1145/1734263.1734319},
 acmid = {1734319},
 publisher = {ACM},
 address = {New York, NY, USA},
 keywords = {active learning, cognitive apprenticeship, cs ed research, experience report, graduate studies, information systems, instructional technologies, learning by doing, professional practice, software engineering, story-centered curricula},
}

@inproceedings{Jin:2011:ECA:1953163.1953254,
 author = {Jin, Wei and Corbett, Albert},
 title = {Effectiveness of Cognitive Apprenticeship Learning (CAL) and Cognitive Tutors (CT) for Problem Solving Using Fundamental Programming Concepts},
 booktitle = {Proceedings of the 42Nd ACM Technical Symposium on Computer Science Education},
 series = {SIGCSE '11},
 year = {2011},
 isbn = {978-1-4503-0500-6},
 location = {Dallas, TX, USA},
 pages = {305--310},
 numpages = {6},
 url = {http://doi.acm.org/10.1145/1953163.1953254},
 doi = {10.1145/1953163.1953254},
 acmid = {1953254},
 publisher = {ACM},
 address = {New York, NY, USA},
 keywords = {CS1, cognitive apprenticeship learning, cognitive tutors, introduction to programming, pedagogy, scaffolding},
}

@inproceedings{Garg:2009:ELE:1506216.1506247,
 author = {Garg, Kirti and Varma, Vasudeva},
 title = {An Effective Learning Environment for Teaching Problem Solving in Software Architecture},
 booktitle = {Proceedings of the 2Nd India Software Engineering Conference},
 series = {ISEC '09},
 year = {2009},
 isbn = {978-1-60558-426-3},
 location = {Pune, India},
 pages = {139--140},
 numpages = {2},
 url = {http://doi.acm.org/10.1145/1506216.1506247},
 doi = {10.1145/1506216.1506247},
 acmid = {1506247},
 publisher = {ACM},
 address = {New York, NY, USA},
 keywords = {learning environment},
}

@inproceedings{Boling:2010:CDD:1854509.1854672,
 author = {Boling, Erica C. and Hough, Mary and Krinsky, Hindi and Saleem, Hafiz and Stevens, Maggie},
 title = {Cutting the Distance in Distance Learning: Perspectives on Effective Online Learning Environments},
 booktitle = {Proceedings of the 9th International Conference of the Learning Sciences - Volume 2},
 series = {ICLS '10},
 year = {2010},
 location = {Chicago, Illinois},
 pages = {310--311},
 numpages = {2},
 url = {http://dl.acm.org/citation.cfm?id=1854509.1854672},
 acmid = {1854672},
 publisher = {International Society of the Learning Sciences},
}

@article{Edwards:2010:AED:1721933.1721951,
 author = {Edwards, Richard L. and Stewart, Jennifer K. and Ferati, Mexhid},
 title = {Assessing the Effectiveness of Distributed Pair Programming for an Online Informatics Curriculum},
 journal = {ACM Inroads},
 issue_date = {March 2010},
 volume = {1},
 number = {1},
 month = mar,
 year = {2010},
 issn = {2153-2184},
 pages = {48--54},
 numpages = {7},
 url = {http://doi.acm.org/10.1145/1721933.1721951},
 doi = {10.1145/1721933.1721951},
 acmid = {1721951},
 publisher = {ACM},
 address = {New York, NY, USA},
 keywords = {collaboration, computer science education, distributed pair programming, retention, student success},
}

@inproceedings{Lundin:2001:MCD:634067.634073,
 author = {Lundin, Johan and Nulden, Urban and Persson, Lars M},
 title = {MobiLearn: Competence Development for Nomads},
 booktitle = {CHI '01 Extended Abstracts on Human Factors in Computing Systems},
 series = {CHI EA '01},
 year = {2001},
 isbn = {1-58113-340-5},
 location = {Seattle, Washington},
 pages = {7--8},
 numpages = {2},
 url = {http://doi.acm.org/10.1145/634067.634073},
 doi = {10.1145/634067.634073},
 acmid = {634073},
 publisher = {ACM},
 address = {New York, NY, USA},
 keywords = {3G, competence development, distributed education, mobile devices},
}

@inproceedings{Fernandez-Vara:2008:GSP:1496984.1496990,
 author = {Fern\'{a}ndez-Vara, Clara and Tan, Philip},
 title = {The Game Studies Practicum: Applying Situated Learning to Teach Professional Practices},
 booktitle = {Proceedings of the 2008 Conference on Future Play: Research, Play, Share},
 series = {Future Play '08},
 year = {2008},
 isbn = {978-1-60558-218-4},
 location = {Toronto, Ontario, Canada},
 pages = {25--32},
 numpages = {8},
 url = {http://doi.acm.org/10.1145/1496984.1496990},
 doi = {10.1145/1496984.1496990},
 acmid = {1496990},
 publisher = {ACM},
 address = {New York, NY, USA},
 keywords = {Scrum, cognitive apprenticeship, curriculum, education, game studies, learning, legitimate peripheral participation, practicum, situated learning, teaching, videogames},
}

@inproceedings{Karkin:2006:VDU:1150034.1150192,
 author = {Karkin, Sabina and Charles, Elizabeth S. and Kolodner, Janet L.},
 title = {Visualizing Discussion by the Use of the Conversation Chain Model},
 booktitle = {Proceedings of the 7th International Conference on Learning Sciences},
 series = {ICLS '06},
 year = {2006},
 isbn = {0-8058-6174-2},
 location = {Bloomington, Indiana},
 pages = {946--947},
 numpages = {2},
 url = {http://dl.acm.org/citation.cfm?id=1150034.1150192},
 acmid = {1150192},
 publisher = {International Society of the Learning Sciences},
}

@inproceedings{Clegg:2016:VFD:2851581.2856691,
 author = {Clegg, Eileen},
 title = {Visual Facilitation for Design Groups},
 booktitle = {Proceedings of the 2016 CHI Conference Extended Abstracts on Human Factors in Computing Systems},
 series = {CHI EA '16},
 year = {2016},
 isbn = {978-1-4503-4082-3},
 location = {San Jose, California, USA},
 pages = {952--954},
 numpages = {3},
 url = {http://doi.acm.org/10.1145/2851581.2856691},
 doi = {10.1145/2851581.2856691},
 acmid = {2856691},
 publisher = {ACM},
 address = {New York, NY, USA},
 keywords = {cocreativity, design, innovation, leadership, visual facilitation},
}

@inproceedings{Carey:1997:LUD:1120212.1120386,
 author = {Carey, T. T. and Peerenboom, D. S. and Lytwyn, M. N.},
 title = {Learning About User-centred Design: A Multimedia Case Study Tutorial},
 booktitle = {CHI '97 Extended Abstracts on Human Factors in Computing Systems},
 series = {CHI EA '97},
 year = {1997},
 isbn = {0-89791-926-2},
 location = {Atlanta, Georgia},
 pages = {267--268},
 numpages = {2},
 url = {http://doi.acm.org/10.1145/1120212.1120386},
 doi = {10.1145/1120212.1120386},
 acmid = {1120386},
 publisher = {ACM},
 address = {New York, NY, USA},
 keywords = {HCI education, interactive multimedia, user-centred design},
}

@inproceedings{Owensby:2004:CAS:1149126.1149174,
 author = {Owensby, Jakita N. and Kolodner, Janet L.},
 title = {Case Application Suite: Scaffolding Use of Expert Cases in Middle-school Project-based Inquiry Classrooms},
 booktitle = {Proceedings of the 6th International Conference on Learning Sciences},
 series = {ICLS '04},
 year = {2004},
 location = {Santa Monica, California},
 pages = {396--403},
 numpages = {8},
 url = {http://dl.acm.org/citation.cfm?id=1149126.1149174},
 acmid = {1149174},
 publisher = {International Society of the Learning Sciences},
}

@inproceedings{Caspersen:2007:IDP:1288580.1288595,
 author = {Caspersen, Michael E. and Bennedsen, Jens},
 title = {Instructional Design of a Programming Course: A Learning Theoretic Approach},
 booktitle = {Proceedings of the Third International Workshop on Computing Education Research},
 series = {ICER '07},
 year = {2007},
 isbn = {978-1-59593-841-1},
 location = {Atlanta, Georgia, USA},
 pages = {111--122},
 numpages = {12},
 url = {http://doi.acm.org/10.1145/1288580.1288595},
 doi = {10.1145/1288580.1288595},
 acmid = {1288595},
 publisher = {ACM},
 address = {New York, NY, USA},
 keywords = {cognition, cognitive apprenticeship, cognitive load theory, instructional design, learning, model-driven programming, object-oriented programming, patternbased approach to programming education, worked examples},
}

@inproceedings{Shabo:1996:CSA:1161135.1161177,
 author = {Shabo, Amnon and Guzdial, Mark and Stasko, John},
 title = {Computer Science Apprenticeship: Creating Support for Intermediate Computer Science Students},
 booktitle = {Proceedings of the 1996 International Conference on Learning Sciences},
 series = {ICLS '96},
 year = {1996},
 isbn = {1-880094-23-1},
 location = {Evanston, Illinois},
 pages = {308--315},
 numpages = {8},
 url = {http://dl.acm.org/citation.cfm?id=1161135.1161177},
 acmid = {1161177},
 publisher = {International Society of the Learning Sciences},
}

@inproceedings{Edwards:2009:DCP:1621995.1622031,
 author = {Edwards, Richard L.},
 title = {Design Charrettes As Pedagogical Method in a Multimedia Design Course},
 booktitle = {Proceedings of the 27th ACM International Conference on Design of Communication},
 series = {SIGDOC '09},
 year = {2009},
 isbn = {978-1-60558-559-8},
 location = {Bloomington, Indiana, USA},
 pages = {181--186},
 numpages = {6},
 url = {http://doi.acm.org/10.1145/1621995.1622031},
 doi = {10.1145/1621995.1622031},
 acmid = {1622031},
 publisher = {ACM},
 address = {New York, NY, USA},
 keywords = {charrette, collaboration, creativity, design, design research, learning},
}

@inproceedings{Cutts:2012:ATT:2361276.2361290,
 author = {Cutts, Quintin and Esper, Sarah and Fecho, Marlena and Foster, Stephen R. and Simon, Beth},
 title = {The Abstraction Transition Taxonomy: Developing Desired Learning Outcomes Through the Lens of Situated Cognition},
 booktitle = {Proceedings of the Ninth Annual International Conference on International Computing Education Research},
 series = {ICER '12},
 year = {2012},
 isbn = {978-1-4503-1604-0},
 location = {Auckland, New Zealand},
 pages = {63--70},
 numpages = {8},
 url = {http://doi.acm.org/10.1145/2361276.2361290},
 doi = {10.1145/2361276.2361290},
 acmid = {2361290},
 publisher = {ACM},
 address = {New York, NY, USA},
 keywords = {cognitive apprenticeship, cs0, cs1, cs2, deliberate practice, situated cognition, taxonomy},
}

@inproceedings{Kafai:2002:ESP:1658616.1658719,
 author = {Kafai, Yasmin B.},
 title = {Elementary Students' Perceptions of Social Networks: Development, Experience, and Equity in Collaborative Software Design Activities},
 booktitle = {Proceedings of the Conference on Computer Support for Collaborative Learning: Foundations for a CSCL Community},
 series = {CSCL '02},
 year = {2002},
 location = {Boulder, Colorado},
 pages = {556--557},
 numpages = {2},
 url = {http://dl.acm.org/citation.cfm?id=1658616.1658719},
 acmid = {1658719},
 publisher = {International Society of the Learning Sciences},
 keywords = {gender differences, helping interactions, interview analysis, learning through design, social network},
}

@inproceedings{Soloway:1996:ILE:257089.257386,
 author = {Soloway, Elliot},
 title = {Interactive Learning Environments: Where They'Ve Come from \&Amp; Where They'Re Going},
 booktitle = {Conference Companion on Human Factors in Computing Systems},
 series = {CHI '96},
 year = {1996},
 isbn = {0-89791-832-0},
 location = {Vancouver, British Columbia, Canada},
 pages = {384--385},
 numpages = {2},
 url = {http://doi.acm.org/10.1145/257089.257386},
 doi = {10.1145/257089.257386},
 acmid = {257386},
 publisher = {ACM},
 address = {New York, NY, USA},
 keywords = {constructionism, education \&amp; computers, intelligent tutoring systems, interactive learning environments},
}

@article{Kenny:2005:ATD:1047124.1047377,
 author = {Kenny, Claire and Pahl, Claus},
 title = {Automated Tutoring for a Database Skills Training Environment},
 journal = {SIGCSE Bull.},
 issue_date = {2005},
 volume = {37},
 number = {1},
 month = feb,
 year = {2005},
 issn = {0097-8418},
 pages = {58--62},
 numpages = {5},
 url = {http://doi.acm.org/10.1145/1047124.1047377},
 doi = {10.1145/1047124.1047377},
 acmid = {1047377},
 publisher = {ACM},
 address = {New York, NY, USA},
 keywords = {skills training, structured query language, tool-mediated independent learning},
}

@inproceedings{Kenny:2005:ATD:1047344.1047377,
 author = {Kenny, Claire and Pahl, Claus},
 title = {Automated Tutoring for a Database Skills Training Environment},
 booktitle = {Proceedings of the 36th SIGCSE Technical Symposium on Computer Science Education},
 series = {SIGCSE '05},
 year = {2005},
 isbn = {1-58113-997-7},
 location = {St. Louis, Missouri, USA},
 pages = {58--62},
 numpages = {5},
 url = {http://doi.acm.org/10.1145/1047344.1047377},
 doi = {10.1145/1047344.1047377},
 acmid = {1047377},
 publisher = {ACM},
 address = {New York, NY, USA},
 keywords = {skills training, structured query language, tool-mediated independent learning},
}

@inproceedings{Larkins:2013:ACA:2445196.2445226,
 author = {Larkins, D. Brian and Moore, J. Christopher and Rubbo, Louis J. and Covington, Laura R.},
 title = {Application of the Cognitive Apprenticeship Framework to a Middle School Robotics Camp},
 booktitle = {Proceeding of the 44th ACM Technical Symposium on Computer Science Education},
 series = {SIGCSE '13},
 year = {2013},
 isbn = {978-1-4503-1868-6},
 location = {Denver, Colorado, USA},
 pages = {89--94},
 numpages = {6},
 url = {http://doi.acm.org/10.1145/2445196.2445226},
 doi = {10.1145/2445196.2445226},
 acmid = {2445226},
 publisher = {ACM},
 address = {New York, NY, USA},
 keywords = {K-12, cognitive apprenticeship, education, robotics, stem},
}

@article{Paterson:2009:UCP:1595496.1563000,
 author = {Paterson, James H. and Haddow, John and Cheng, Ka Fai},
 title = {Using Coding Patterns in a Model-driven Approach to Teaching Object Oriented Programming},
 journal = {SIGCSE Bull.},
 issue_date = {September 2009},
 volume = {41},
 number = {3},
 month = jul,
 year = {2009},
 issn = {0097-8418},
 pages = {358--358},
 numpages = {1},
 url = {http://doi.acm.org/10.1145/1595496.1563000},
 doi = {10.1145/1595496.1563000},
 acmid = {1563000},
 publisher = {ACM},
 address = {New York, NY, USA},
 keywords = {design, object-oriented programming, patterns},
}

@inproceedings{Paterson:2009:UCP:1562877.1563000,
 author = {Paterson, James H. and Haddow, John and Cheng, Ka Fai},
 title = {Using Coding Patterns in a Model-driven Approach to Teaching Object Oriented Programming},
 booktitle = {Proceedings of the 14th Annual ACM SIGCSE Conference on Innovation and Technology in Computer Science Education},
 series = {ITiCSE '09},
 year = {2009},
 isbn = {978-1-60558-381-5},
 location = {Paris, France},
 pages = {358--358},
 numpages = {1},
 url = {http://doi.acm.org/10.1145/1562877.1563000},
 doi = {10.1145/1562877.1563000},
 acmid = {1563000},
 publisher = {ACM},
 address = {New York, NY, USA},
 keywords = {design, object-oriented programming, patterns},
}

@inproceedings{Polman:2010:CAS:1854509.1854534,
 author = {Polman, Joseph L. and Saul, E. Wendy and Newman, Alan and Farrar, Cathy and Singer, Nancy and Turley, Eric and Pearce, Laura and Hope, Jennifer and McCarty, Glenda and Graville, Cynthia},
 title = {A Cognitive Apprenticeship for Science Literacy Based on Journalism},
 booktitle = {Proceedings of the 9th International Conference of the Learning Sciences - Volume 2},
 series = {ICLS '10},
 year = {2010},
 location = {Chicago, Illinois},
 pages = {61--68},
 numpages = {8},
 url = {http://dl.acm.org/citation.cfm?id=1854509.1854534},
 acmid = {1854534},
 publisher = {International Society of the Learning Sciences},
}

@inproceedings{Lande:2009:SEL:1640233.1640287,
 author = {Lande, Micah},
 title = {Student Engineers Learning to Become Designers},
 booktitle = {Proceedings of the Seventh ACM Conference on Creativity and Cognition},
 series = {C\&\#38;C '09},
 year = {2009},
 isbn = {978-1-60558-865-0},
 location = {Berkeley, California, USA},
 pages = {335--336},
 numpages = {2},
 url = {http://doi.acm.org/10.1145/1640233.1640287},
 doi = {10.1145/1640233.1640287},
 acmid = {1640287},
 publisher = {ACM},
 address = {New York, NY, USA},
 keywords = {design and engineering thinking, design learning},
}

@inproceedings{Vihavainen:2011:EAM:1953163.1953196,
 author = {Vihavainen, Arto and Paksula, Matti and Luukkainen, Matti},
 title = {Extreme Apprenticeship Method in Teaching Programming for Beginners},
 booktitle = {Proceedings of the 42Nd ACM Technical Symposium on Computer Science Education},
 series = {SIGCSE '11},
 year = {2011},
 isbn = {978-1-4503-0500-6},
 location = {Dallas, TX, USA},
 pages = {93--98},
 numpages = {6},
 url = {http://doi.acm.org/10.1145/1953163.1953196},
 doi = {10.1145/1953163.1953196},
 acmid = {1953196},
 publisher = {ACM},
 address = {New York, NY, USA},
 keywords = {best practices, cognitive apprenticeship, continuous feedback, course material, instructional design, learning by doing, motivation, programming education},
}

@inproceedings{Jin:2011:CPT:2016911.2016933,
 author = {Jin, Wei and Corbett, Albert},
 title = {CAL Programming Tutors That Guide Students in Solving Problems and Help Students Building Skills.},
 booktitle = {Proceedings of the Seventh International Workshop on Computing Education Research},
 series = {ICER '11},
 year = {2011},
 isbn = {978-1-4503-0829-8},
 location = {Providence, Rhode Island, USA},
 pages = {101--108},
 numpages = {8},
 url = {http://doi.acm.org/10.1145/2016911.2016933},
 doi = {10.1145/2016911.2016933},
 acmid = {2016933},
 publisher = {ACM},
 address = {New York, NY, USA},
 keywords = {cognitive apprenticeship learning, cognitive tutors, cs1, introduction to programming, pedagogy, scaffolding},
}

@inproceedings{Macpherson:1996:CCM:1161135.1161164,
 author = {Macpherson, Kimberli and Berman, Tammy and Joseph, Diana},
 title = {Cases to Courses: Mentored Case-based Training Courses},
 booktitle = {Proceedings of the 1996 International Conference on Learning Sciences},
 series = {ICLS '96},
 year = {1996},
 isbn = {1-880094-23-1},
 location = {Evanston, Illinois},
 pages = {211--218},
 numpages = {8},
 url = {http://dl.acm.org/citation.cfm?id=1161135.1161164},
 acmid = {1161164},
 publisher = {International Society of the Learning Sciences},
}

@inproceedings{Hui:2017:DMS:2998181.2998264,
 author = {Hui, Julie S. and Gerber, Elizabeth M.},
 title = {Developing Makerspaces As Sites of Entrepreneurship},
 booktitle = {Proceedings of the 2017 ACM Conference on Computer Supported Cooperative Work and Social Computing},
 series = {CSCW '17},
 year = {2017},
 isbn = {978-1-4503-4335-0},
 location = {Portland, Oregon, USA},
 pages = {2023--2038},
 numpages = {16},
 url = {http://doi.acm.org/10.1145/2998181.2998264},
 doi = {10.1145/2998181.2998264},
 acmid = {2998264},
 publisher = {ACM},
 address = {New York, NY, USA},
 keywords = {collaboration, entrepreneurship, hackerspace, learning, makerspace, self-efficacy, social computing},
}

@inproceedings{Raj:2018:RLL:3279720.3279725,
 author = {Raj, Adalbert Gerald Soosai and Patel, Jignesh M. and Halverson, Richard and Halverson, Erica Rosenfeld},
 title = {Role of Live-coding in Learning Introductory Programming},
 booktitle = {Proceedings of the 18th Koli Calling International Conference on Computing Education Research},
 series = {Koli Calling '18},
 year = {2018},
 isbn = {978-1-4503-6535-2},
 location = {Koli, Finland},
 pages = {13:1--13:8},
 articleno = {13},
 numpages = {8},
 url = {http://doi.acm.org/10.1145/3279720.3279725},
 doi = {10.1145/3279720.3279725},
 acmid = {3279725},
 publisher = {ACM},
 address = {New York, NY, USA},
 keywords = {Computer Science Education, Live-coding, Students' perceptions},
}

@inproceedings{Gordon:2000:UAV:325737.325808,
 author = {Gordon, Andrew S.},
 title = {Using Annotated Video As an Information Retrieval Interface},
 booktitle = {Proceedings of the 5th International Conference on Intelligent User Interfaces},
 series = {IUI '00},
 year = {2000},
 isbn = {1-58113-134-8},
 location = {New Orleans, Louisiana, USA},
 pages = {133--140},
 numpages = {8},
 url = {http://doi.acm.org/10.1145/325737.325808},
 doi = {10.1145/325737.325808},
 acmid = {325808},
 publisher = {ACM},
 address = {New York, NY, USA},
 keywords = {computer learning environments, digital libraries, inforamtion retrieval, multimedia interfaces},
}

@article{Neeman:2016:BOG:2904446.2904469,
 author = {Neeman, Alisa},
 title = {Buy One Get One Free: Automata Theory Concepts Through Software Test},
 journal = {J. Comput. Sci. Coll.},
 issue_date = {June 2016},
 volume = {31},
 number = {6},
 month = jun,
 year = {2016},
 issn = {1937-4771},
 pages = {90--96},
 numpages = {7},
 url = {http://dl.acm.org/citation.cfm?id=2904446.2904469},
 acmid = {2904469},
 publisher = {Consortium for Computing Sciences in Colleges},
 address = {USA},
}

@inproceedings{Wulf:2005:CAT:1095714.1095771,
 author = {Wulf, Tom},
 title = {Constructivist Approaches for Teaching Computer Programming},
 booktitle = {Proceedings of the 6th Conference on Information Technology Education},
 series = {SIGITE '05},
 year = {2005},
 isbn = {1-59593-252-6},
 location = {Newark, NJ, USA},
 pages = {245--248},
 numpages = {4},
 url = {http://doi.acm.org/10.1145/1095714.1095771},
 doi = {10.1145/1095714.1095771},
 acmid = {1095771},
 publisher = {ACM},
 address = {New York, NY, USA},
 keywords = {active learning, cognitive apprenticeships, constructivist pedagogy, programming instruction},
}

@inproceedings{Haslgrubler:2017:GGA:3131542.3140266,
 author = {Haslgr\"{u}bler, Michael and Murauer, Michaela and Ferscha, Alois},
 title = {Gazor: A Gaze Aware Industrial IoT-based Instructor},
 booktitle = {Proceedings of the Seventh International Conference on the Internet of Things},
 series = {IoT '17},
 year = {2017},
 isbn = {978-1-4503-5318-2},
 location = {Linz, Austria},
 pages = {30:1--30:2},
 articleno = {30},
 numpages = {2},
 url = {http://doi.acm.org/10.1145/3131542.3140266},
 doi = {10.1145/3131542.3140266},
 acmid = {3140266},
 publisher = {ACM},
 address = {New York, NY, USA},
 keywords = {gaze-based interaction, internet of things, pervasive computing, wearable computing},
}

@inproceedings{Clarke:2007:MPM:1599600.1599627,
 author = {Clarke, Jody and Dede, Chris},
 title = {MUVEs As a Powerful Means to Study Situated Learning},
 booktitle = {Proceedings of the 8th Iternational Conference on Computer Supported Collaborative Learning},
 series = {CSCL'07},
 year = {2007},
 isbn = {978-0-6151-5436-7},
 location = {New Brunswick, New Jersey, USA},
 pages = {144--147},
 numpages = {4},
 url = {http://dl.acm.org/citation.cfm?id=1599600.1599627},
 acmid = {1599627},
 publisher = {International Society of the Learning Sciences},
}

@inproceedings{Soloway:1995:ILE:223355.223715,
 author = {Soloway, Elliot and Bielaczyc, Kate},
 title = {Interactive Learning Environments: Where They'Ve Come from \&Amp; Where They'Re Going},
 booktitle = {Conference Companion on Human Factors in Computing Systems},
 series = {CHI '95},
 year = {1995},
 isbn = {0-89791-755-3},
 location = {Denver, Colorado, USA},
 pages = {347--348},
 numpages = {2},
 url = {http://doi.acm.org/10.1145/223355.223715},
 doi = {10.1145/223355.223715},
 acmid = {223715},
 publisher = {ACM},
 address = {New York, NY, USA},
}

@inproceedings{Hui:2018:ITS:3173574.3173596,
 author = {Hui, Julie S. and Gergle, Darren and Gerber, Elizabeth M.},
 title = {IntroAssist: A Tool to Support Writing Introductory Help Requests},
 booktitle = {Proceedings of the 2018 CHI Conference on Human Factors in Computing Systems},
 series = {CHI '18},
 year = {2018},
 isbn = {978-1-4503-5620-6},
 location = {Montreal QC, Canada},
 pages = {22:1--22:13},
 articleno = {22},
 numpages = {13},
 url = {http://doi.acm.org/10.1145/3173574.3173596},
 doi = {10.1145/3173574.3173596},
 acmid = {3173596},
 publisher = {ACM},
 address = {New York, NY, USA},
 keywords = {entrepreneurship, help seeking, professional connec-tions, social capital, skills},
}

@article{Butin:2012:MRU:2371029.2377676,
 author = {Butin, Dan W.},
 title = {MOOCs R Us},
 journal = {eLearn},
 issue_date = {September 2012},
 volume = {2012},
 number = {9},
 month = sep,
 year = {2012},
 issn = {1535-394X},
 articleno = {2},
 url = {http://doi.acm.org/10.1145/2371029.2377676},
 doi = {10.1145/2371029.2377676},
 acmid = {2377676},
 publisher = {ACM},
 address = {New York, NY, USA},
}

@article{Malamed:2012:BRG:2207270.2211316,
 author = {Malamed, Connie},
 title = {Book Review: 'The Gamification of Learning and Instruction: Game-Based Methods and Strategies For Training And Education' by Karl Kapp},
 journal = {eLearn},
 issue_date = {May 2012},
 volume = {2012},
 number = {5},
 month = may,
 year = {2012},
 issn = {1535-394X},
 articleno = {3},
 url = {http://doi.acm.org/10.1145/2207270.2211316},
 doi = {10.1145/2207270.2211316},
 acmid = {2211316},
 publisher = {ACM},
 address = {New York, NY, USA},
}

@inproceedings{Auer:2011:OSP:2181037.2181073,
 author = {Auer, Liisa and Juntunen, Jouni and Ojala, Pekka},
 title = {Open Source Project As a Pedagogical Tool in Higher Education},
 booktitle = {Proceedings of the 15th International Academic MindTrek Conference: Envisioning Future Media Environments},
 series = {MindTrek '11},
 year = {2011},
 isbn = {978-1-4503-0816-8},
 location = {Tampere, Finland},
 pages = {207--213},
 numpages = {7},
 url = {http://doi.acm.org/10.1145/2181037.2181073},
 doi = {10.1145/2181037.2181073},
 acmid = {2181073},
 publisher = {ACM},
 address = {New York, NY, USA},
 keywords = {higher education, learning, open source, pedagogy},
}

@inproceedings{Ronen-Fuhrmann:2008:DET:1599871.1599904,
 author = {Ronen-Fuhrmann, Tamar and Kali, Yael},
 title = {How to Design Educational Technologies?: The Development of an Instructional-model},
 booktitle = {Proceedings of the 8th International Conference on International Conference for the Learning Sciences - Volume 2},
 series = {ICLS'08},
 year = {2008},
 location = {Utrecht, The Netherlands},
 pages = {262--270},
 numpages = {9},
 url = {http://dl.acm.org/citation.cfm?id=1599871.1599904},
 acmid = {1599904},
 publisher = {International Society of the Learning Sciences},
}

@inproceedings{Peng:2017:CSW:3041021.3054158,
 author = {Peng, Jun and Sergis, Stylianos and Wang, Minhong and Sampson, Demetrios},
 title = {Combining Smart Web-based Learning Environments with Teaching and Learning Analytics to Support Reflection on Project-based Programming Education},
 booktitle = {Proceedings of the 26th International Conference on World Wide Web Companion},
 series = {WWW '17 Companion},
 year = {2017},
 isbn = {978-1-4503-4914-7},
 location = {Perth, Australia},
 pages = {379--385},
 numpages = {7},
 url = {https://doi.org/10.1145/3041021.3054158},
 doi = {10.1145/3041021.3054158},
 acmid = {3054158},
 publisher = {International World Wide Web Conferences Steering Committee},
 address = {Republic and Canton of Geneva, Switzerland},
 keywords = {computer programming, learning analytics, project-based learning, teaching and learning analytics, technology-enabled learning, web-based learning},
}

@inproceedings{Szabo:2014:ECD:2674683.2674691,
 author = {Szabo, Claudia and Falkner, Katrina and Falkner, Nickolas},
 title = {Experiences in Course Design Using Neo-piagetian Theory},
 booktitle = {Proceedings of the 14th Koli Calling International Conference on Computing Education Research},
 series = {Koli Calling '14},
 year = {2014},
 isbn = {978-1-4503-3065-7},
 location = {Koli, Finland},
 pages = {81--90},
 numpages = {10},
 url = {http://doi.acm.org/10.1145/2674683.2674691},
 doi = {10.1145/2674683.2674691},
 acmid = {2674691},
 publisher = {ACM},
 address = {New York, NY, USA},
 keywords = {computer science education, course design, neo-piaget},
}

@inproceedings{Aehnelt:2015:LBW:2809563.2809577,
 author = {Aehnelt, Mario and Wegner, Karoline},
 title = {Learn but Work!: Towards Self-directed Learning at Mobile Assembly Workplaces},
 booktitle = {Proceedings of the 15th International Conference on Knowledge Technologies and Data-driven Business},
 series = {i-KNOW '15},
 year = {2015},
 isbn = {978-1-4503-3721-2},
 location = {Graz, Austria},
 pages = {17:1--17:7},
 articleno = {17},
 numpages = {7},
 url = {http://doi.acm.org/10.1145/2809563.2809577},
 doi = {10.1145/2809563.2809577},
 acmid = {2809577},
 publisher = {ACM},
 address = {New York, NY, USA},
 keywords = {cognitive architecture, cognitive automation, learning interfaces},
}

@inproceedings{Kolikant:2008:NEF:1599812.1599824,
 author = {Kolikant, Yifat Ben-David},
 title = {From Newcomer Enculturation to Fertile Zones of Cultural Encounter: A Bidimensional Metaphor for Schooling},
 booktitle = {Proceedings of the 8th International Conference on International Conference for the Learning Sciences - Volume 1},
 series = {ICLS'08},
 year = {2008},
 location = {Utrecht, The Netherlands},
 pages = {101--108},
 numpages = {8},
 url = {http://dl.acm.org/citation.cfm?id=1599812.1599824},
 acmid = {1599824},
 publisher = {International Society of the Learning Sciences},
}

@inproceedings{Zhang:2017:ARS:3022198.3023265,
 author = {Zhang, Haoqi and Easterday, Matthew W. and Gerber, Elizabeth M. and Lewis, Daniel Rees and Maliakal, Leesha},
 title = {Agile Research Studios: Orchestrating Communities of Practice to Advance Research Training},
 booktitle = {Companion of the 2017 ACM Conference on Computer Supported Cooperative Work and Social Computing},
 series = {CSCW '17 Companion},
 year = {2017},
 isbn = {978-1-4503-4688-7},
 location = {Portland, Oregon, USA},
 pages = {45--48},
 numpages = {4},
 url = {http://doi.acm.org/10.1145/3022198.3023265},
 doi = {10.1145/3022198.3023265},
 acmid = {3023265},
 publisher = {ACM},
 address = {New York, NY, USA},
 keywords = {agile research, community of practice, regulation skills, self-directed learning, socially shared regulation of learning, socio-technical systems},
}

@inproceedings{Kehoe:2001:BDD:634067.634338,
 author = {Kehoe, Colleen M.},
 title = {Bringing Design Dialog to HCI Education},
 booktitle = {CHI '01 Extended Abstracts on Human Factors in Computing Systems},
 series = {CHI EA '01},
 year = {2001},
 isbn = {1-58113-340-5},
 location = {Seattle, Washington},
 pages = {473--474},
 numpages = {2},
 url = {http://doi.acm.org/10.1145/634067.634338},
 doi = {10.1145/634067.634338},
 acmid = {634338},
 publisher = {ACM},
 address = {New York, NY, USA},
 keywords = {HCI education, design, dialog, learning},
}

@inproceedings{Jackson:1996:DGL:1161135.1161241,
 author = {Jackson, Shari L.},
 title = {The Design of Guided Learner-adaptable Scaffolding in Interactive Learning Environments},
 booktitle = {Proceedings of the 1996 International Conference on Learning Sciences},
 series = {ICLS '96},
 year = {1996},
 isbn = {1-880094-23-1},
 location = {Evanston, Illinois},
 pages = {575--576},
 numpages = {2},
 url = {http://dl.acm.org/citation.cfm?id=1161135.1161241},
 acmid = {1161241},
 publisher = {International Society of the Learning Sciences},
}

@inproceedings{Charles:2006:MMC:1150034.1150046,
 author = {Charles, Elizabeth S. and Karkin, Sabina and Kramer, Christopher and Kolodner, Janet L.},
 title = {From Mechanical to Meaningful Classroom Questions},
 booktitle = {Proceedings of the 7th International Conference on Learning Sciences},
 series = {ICLS '06},
 year = {2006},
 isbn = {0-8058-6174-2},
 location = {Bloomington, Indiana},
 pages = {78--84},
 numpages = {7},
 url = {http://dl.acm.org/citation.cfm?id=1150034.1150046},
 acmid = {1150046},
 publisher = {International Society of the Learning Sciences},
}

@inproceedings{Christensen:2016:TDC:2899415.2899426,
 author = {Christensen, Henrik B{\ae}rbak},
 title = {Teaching DevOps and Cloud Computing Using a Cognitive Apprenticeship and Story-Telling Approach},
 booktitle = {Proceedings of the 2016 ACM Conference on Innovation and Technology in Computer Science Education},
 series = {ITiCSE '16},
 year = {2016},
 isbn = {978-1-4503-4231-5},
 location = {Arequipa, Peru},
 pages = {174--179},
 numpages = {6},
 url = {http://doi.acm.org/10.1145/2899415.2899426},
 doi = {10.1145/2899415.2899426},
 acmid = {2899426},
 publisher = {ACM},
 address = {New York, NY, USA},
 keywords = {cloud computing, course design, devops, programming education, virtualization},
}

@inproceedings{Jones:1999:TWC:1150240.1150275,
 author = {Jones, Christopher R.},
 title = {Taking Without Consent: Stolen Knowledge and the Place of Abstractions and Assessment in Situated Learning},
 booktitle = {Proceedings of the 1999 Conference on Computer Support for Collaborative Learning},
 series = {CSCL '99},
 year = {1999},
 location = {Palo Alto, California},
 articleno = {35},
 url = {http://dl.acm.org/citation.cfm?id=1150240.1150275},
 acmid = {1150275},
 publisher = {International Society of the Learning Sciences},
 keywords = {computer-mediated-communications, qualitative methods, situated learning},
}

@article{Ginat:2009:IPC:1595496.1562915,
 author = {Ginat, David},
 title = {Interleaved Pattern Composition and Scaffolded Learning},
 journal = {SIGCSE Bull.},
 issue_date = {September 2009},
 volume = {41},
 number = {3},
 month = jul,
 year = {2009},
 issn = {0097-8418},
 pages = {109--113},
 numpages = {5},
 url = {http://doi.acm.org/10.1145/1595496.1562915},
 doi = {10.1145/1595496.1562915},
 acmid = {1562915},
 publisher = {ACM},
 address = {New York, NY, USA},
 keywords = {design patterns, pattern composition, scaffolding},
}

@inproceedings{Ginat:2009:IPC:1562877.1562915,
 author = {Ginat, David},
 title = {Interleaved Pattern Composition and Scaffolded Learning},
 booktitle = {Proceedings of the 14th Annual ACM SIGCSE Conference on Innovation and Technology in Computer Science Education},
 series = {ITiCSE '09},
 year = {2009},
 isbn = {978-1-60558-381-5},
 location = {Paris, France},
 pages = {109--113},
 numpages = {5},
 url = {http://doi.acm.org/10.1145/1562877.1562915},
 doi = {10.1145/1562877.1562915},
 acmid = {1562915},
 publisher = {ACM},
 address = {New York, NY, USA},
 keywords = {design patterns, pattern composition, scaffolding},
}

@inproceedings{Brophy:1996:CSG:1161135.1161238,
 author = {Brophy, Sean P.},
 title = {Computer Support of Guided Generative Learning},
 booktitle = {Proceedings of the 1996 International Conference on Learning Sciences},
 series = {ICLS '96},
 year = {1996},
 isbn = {1-880094-23-1},
 location = {Evanston, Illinois},
 pages = {569--570},
 numpages = {2},
 url = {http://dl.acm.org/citation.cfm?id=1161135.1161238},
 acmid = {1161238},
 publisher = {International Society of the Learning Sciences},
}

@inproceedings{Falkner:2014:WBW:2674683.2674698,
 author = {Falkner, Nickolas J. G. and Falkner, Katrina E.},
 title = {"Whither, Badges?" or "Wither, Badges!": A Metastudy of Badges in Computer Science Education to Clarify Effects, Significance and Influence},
 booktitle = {Proceedings of the 14th Koli Calling International Conference on Computing Education Research},
 series = {Koli Calling '14},
 year = {2014},
 isbn = {978-1-4503-3065-7},
 location = {Koli, Finland},
 pages = {127--135},
 numpages = {9},
 url = {http://doi.acm.org/10.1145/2674683.2674698},
 doi = {10.1145/2674683.2674698},
 acmid = {2674698},
 publisher = {ACM},
 address = {New York, NY, USA},
 keywords = {badges, emprical study, gamification, motivation, virtual rewards},
}

@inproceedings{Thomas:2008:RSU:1599871.1599920,
 author = {Thomas, Jakita Owensby},
 title = {The Rest of the Story: Understanding Small-group Case Interpretation Performance and Capability in Middle-school Project-based Inquiry Classrooms},
 booktitle = {Proceedings of the 8th International Conference on International Conference for the Learning Sciences - Volume 2},
 series = {ICLS'08},
 year = {2008},
 location = {Utrecht, The Netherlands},
 pages = {390--397},
 numpages = {8},
 url = {http://dl.acm.org/citation.cfm?id=1599871.1599920},
 acmid = {1599920},
 publisher = {International Society of the Learning Sciences},
}

@inproceedings{Hmelo-Silver:2002:CWK:1658616.1658645,
 author = {Hmelo-Silver, Cindy E.},
 title = {Collaborative Ways of Knowing: Issues in Facilitation},
 booktitle = {Proceedings of the Conference on Computer Support for Collaborative Learning: Foundations for a CSCL Community},
 series = {CSCL '02},
 year = {2002},
 location = {Boulder, Colorado},
 pages = {199--208},
 numpages = {10},
 url = {http://dl.acm.org/citation.cfm?id=1658616.1658645},
 acmid = {1658645},
 publisher = {International Society of the Learning Sciences},
 keywords = {facilitation, problem-based learning, student-centered learning},
}

@inproceedings{Sanders:2017:FPN:3105726.3106192,
 author = {Sanders, Kate and Boustedt, Jonas and Eckerdal, Anna and McCartney, Robert and Zander, Carol},
 title = {Folk Pedagogy: Nobody Doesn'T Like Active Learning},
 booktitle = {Proceedings of the 2017 ACM Conference on International Computing Education Research},
 series = {ICER '17},
 year = {2017},
 isbn = {978-1-4503-4968-0},
 location = {Tacoma, Washington, USA},
 pages = {145--154},
 numpages = {10},
 url = {http://doi.acm.org/10.1145/3105726.3106192},
 doi = {10.1145/3105726.3106192},
 acmid = {3106192},
 publisher = {ACM},
 address = {New York, NY, USA},
 keywords = {active learning, activity, folk pedagogy, reflection, social interaction, techniques},
}

@inproceedings{Foster:1994:FUG:326619.326945,
 author = {Foster, David A.},
 title = {FRA: Using a Goal-based Scenario to Teach Financial Statement Analysis},
 booktitle = {Proceedings of the 1994 ACM Symposium on Applied Computing},
 series = {SAC '94},
 year = {1994},
 isbn = {0-89791-647-6},
 location = {Phoenix, Arizona, USA},
 pages = {568--572},
 numpages = {5},
 url = {http://doi.acm.org/10.1145/326619.326945},
 doi = {10.1145/326619.326945},
 acmid = {326945},
 publisher = {ACM},
 address = {New York, NY, USA},
 keywords = {financial accounting education, intelligent tutoring systems, learning by doing},
}

@article{Kolikant:2004:CPI:1026487.1008047,
 author = {Kolikant, Yifat Ben-David and Pollack, Sarah},
 title = {Community-oriented Pedagogy for In-service CS Teacher Training},
 journal = {SIGCSE Bull.},
 issue_date = {September 2004},
 volume = {36},
 number = {3},
 month = jun,
 year = {2004},
 issn = {0097-8418},
 pages = {191--195},
 numpages = {5},
 url = {http://doi.acm.org/10.1145/1026487.1008047},
 doi = {10.1145/1026487.1008047},
 acmid = {1008047},
 publisher = {ACM},
 address = {New York, NY, USA},
 keywords = {community of practice, community-oriented pedagogy, in-service teacher training, interaction},
}

@inproceedings{Kolikant:2004:CPI:1007996.1008047,
 author = {Kolikant, Yifat Ben-David and Pollack, Sarah},
 title = {Community-oriented Pedagogy for In-service CS Teacher Training},
 booktitle = {Proceedings of the 9th Annual SIGCSE Conference on Innovation and Technology in Computer Science Education},
 series = {ITiCSE '04},
 year = {2004},
 isbn = {1-58113-836-9},
 location = {Leeds, United Kingdom},
 pages = {191--195},
 numpages = {5},
 url = {http://doi.acm.org/10.1145/1007996.1008047},
 doi = {10.1145/1007996.1008047},
 acmid = {1008047},
 publisher = {ACM},
 address = {New York, NY, USA},
 keywords = {community of practice, community-oriented pedagogy, in-service teacher training, interaction},
}

@inproceedings{Vatrapu:2010:CII:1854509.1854553,
 author = {Vatrapu, Ravi},
 title = {Comparative Informatics: Investigating Cultural and Linguistic Influences in Computer Supported Collaborative Learning},
 booktitle = {Proceedings of the 9th International Conference of the Learning Sciences - Volume 2},
 series = {ICLS '10},
 year = {2010},
 location = {Chicago, Illinois},
 pages = {105--106},
 numpages = {2},
 url = {http://dl.acm.org/citation.cfm?id=1854509.1854553},
 acmid = {1854553},
 publisher = {International Society of the Learning Sciences},
}

@inproceedings{Turns:1996:AFF:1161135.1161178,
 author = {Turns, Jennifer},
 title = {An Activity Framework for Fostering Reflection in Project-based Engineering Design Classes},
 booktitle = {Proceedings of the 1996 International Conference on Learning Sciences},
 series = {ICLS '96},
 year = {1996},
 isbn = {1-880094-23-1},
 location = {Evanston, Illinois},
 pages = {316--323},
 numpages = {8},
 url = {http://dl.acm.org/citation.cfm?id=1161135.1161178},
 acmid = {1161178},
 publisher = {International Society of the Learning Sciences},
}

@inproceedings{Esper:2012:EHA:2361276.2361297,
 author = {Esper, Sarah and Simon, Beth and Cutts, Quintin},
 title = {Exploratory Homeworks: An Active Learning Tool for Textbook Reading},
 booktitle = {Proceedings of the Ninth Annual International Conference on International Computing Education Research},
 series = {ICER '12},
 year = {2012},
 isbn = {978-1-4503-1604-0},
 location = {Auckland, New Zealand},
 pages = {105--110},
 numpages = {6},
 url = {http://doi.acm.org/10.1145/2361276.2361297},
 doi = {10.1145/2361276.2361297},
 acmid = {2361297},
 publisher = {ACM},
 address = {New York, NY, USA},
 keywords = {active learning, cognitive apprenticeship, constructivism, cs0, kolb learning cycle},
}

@article{Ginat:2008:LWC:1352322.1352148,
 author = {Ginat, David},
 title = {Learning from Wrong and Creative Algorithm Design},
 journal = {SIGCSE Bull.},
 issue_date = {March 2008},
 volume = {40},
 number = {1},
 month = mar,
 year = {2008},
 issn = {0097-8418},
 pages = {26--30},
 numpages = {5},
 url = {http://doi.acm.org/10.1145/1352322.1352148},
 doi = {10.1145/1352322.1352148},
 acmid = {1352148},
 publisher = {ACM},
 address = {New York, NY, USA},
 keywords = {creative reasoning, learning from mistakes, problem solving},
}

@inproceedings{Ginat:2008:LWC:1352135.1352148,
 author = {Ginat, David},
 title = {Learning from Wrong and Creative Algorithm Design},
 booktitle = {Proceedings of the 39th SIGCSE Technical Symposium on Computer Science Education},
 series = {SIGCSE '08},
 year = {2008},
 isbn = {978-1-59593-799-5},
 location = {Portland, OR, USA},
 pages = {26--30},
 numpages = {5},
 url = {http://doi.acm.org/10.1145/1352135.1352148},
 doi = {10.1145/1352135.1352148},
 acmid = {1352148},
 publisher = {ACM},
 address = {New York, NY, USA},
 keywords = {creative reasoning, learning from mistakes, problem solving},
}

@inproceedings{Moraveji:2010:SMG:1854509.1854552,
 author = {Moraveji, Neema},
 title = {Supporting and Measuring Global Information Literacy Through Cross-cultural Studies of Web Search},
 booktitle = {Proceedings of the 9th International Conference of the Learning Sciences - Volume 2},
 series = {ICLS '10},
 year = {2010},
 location = {Chicago, Illinois},
 pages = {104--105},
 numpages = {2},
 url = {http://dl.acm.org/citation.cfm?id=1854509.1854552},
 acmid = {1854552},
 publisher = {International Society of the Learning Sciences},
}

@inproceedings{Hmelo-Silver:2005:PPM:1149293.1149318,
 author = {Hmelo-Silver, Cindy E. and Derry, Sharon J. and Woods, David and DelMarcelle, Matt and Chernobilsky, Ellina},
 title = {From Parallel Play to Meshed Interaction: The Evolution of the eSTEP System},
 booktitle = {Proceedings of th 2005 Conference on Computer Support for Collaborative Learning: Learning 2005: The Next 10 Years!},
 series = {CSCL '05},
 year = {2005},
 isbn = {0-8058-5782-6},
 location = {Taipei, Taiwan},
 pages = {195--204},
 numpages = {10},
 url = {http://dl.acm.org/citation.cfm?id=1149293.1149318},
 acmid = {1149318},
 publisher = {International Society of the Learning Sciences},
 keywords = {design principles, problem-based learning, scaffolding},
}

@inproceedings{Pahl:2004:WSA:1013367.1013518,
 author = {Pahl, Claus and Barrett, Ronan},
 title = {A Web Services Architecture for Learning Object Discovery and Assembly},
 booktitle = {Proceedings of the 13th International World Wide Web Conference on Alternate Track Papers \&Amp; Posters},
 series = {WWW Alt. '04},
 year = {2004},
 isbn = {1-58113-912-8},
 location = {New York, NY, USA},
 pages = {446--447},
 numpages = {2},
 url = {http://doi.acm.org/10.1145/1013367.1013518},
 doi = {10.1145/1013367.1013518},
 acmid = {1013518},
 publisher = {ACM},
 address = {New York, NY, USA},
 keywords = {architecture, assembly, discovery, interface descriptions, metadata, teaching and learning environments, web services},
}

@inproceedings{Yang:2017:UTT:3080631.3080635,
 author = {Yang, Chi-Lan and Liu, Ching and Wang, Hao-Chuan},
 title = {Understanding Task Transfer in Workplace: Interaction Among Human, Artifact, and Context},
 booktitle = {Proceedings of the Fifth International Symposium of Chinese CHI},
 series = {Chinese CHI 2017},
 year = {2017},
 isbn = {978-1-4503-5308-3},
 location = {Guangzhou, China},
 pages = {16--21},
 numpages = {6},
 url = {http://doi.acm.org/10.1145/3080631.3080635},
 doi = {10.1145/3080631.3080635},
 acmid = {3080635},
 publisher = {ACM},
 address = {New York, NY, USA},
 keywords = {Task transfer, distributed cognition, workplace},
}

@article{Rose:2005:CLM:1102187.1102193,
 author = {Rose, David H.},
 title = {Cognition and Learning: Meeting the Challenge of Individual Differences},
 journal = {SIGACCESS Access. Comput.},
 issue_date = {September 2005},
 number = {83},
 month = sep,
 year = {2005},
 issn = {1558-2337},
 pages = {30--36},
 numpages = {7},
 url = {http://doi.acm.org/10.1145/1102187.1102193},
 doi = {10.1145/1102187.1102193},
 acmid = {1102193},
 publisher = {ACM},
 address = {New York, NY, USA},
}

@inproceedings{Barnes:2019:ISE:3290607.3312890,
 author = {Barnes, Jaclyn and FakhrHosseini, S. Maryam and Vasey, Eric and Park, Chung Hyuk and Jeon, Myounghoon},
 title = {Informal STEAM Education Case Study: Child-Robot Musical Theater},
 booktitle = {Extended Abstracts of the 2019 CHI Conference on Human Factors in Computing Systems},
 series = {CHI EA '19},
 year = {2019},
 isbn = {978-1-4503-5971-9},
 location = {Glasgow, Scotland Uk},
 pages = {LBW1111:1--LBW1111:6},
 articleno = {LBW1111},
 numpages = {6},
 url = {http://doi.acm.org/10.1145/3290607.3312890},
 doi = {10.1145/3290607.3312890},
 acmid = {3312890},
 publisher = {ACM},
 address = {New York, NY, USA},
 keywords = {STEAM education, child-robot interaction, human-robot interaction, live theater, robots for all},
}

@inproceedings{Chodos:2010:HEV:1809085.1809097,
 author = {Chodos, David and Stroulia, Eleni and Boechler, Patricia and King, Sharla and Kuras, Pawel and Carbonaro, Michael and de Jong, Erik},
 title = {Healthcare Education with Virtual-world Simulations},
 booktitle = {Proceedings of the 2010 ICSE Workshop on Software Engineering in Health Care},
 series = {SEHC '10},
 year = {2010},
 isbn = {978-1-60558-973-2},
 location = {Cape Town, South Africa},
 pages = {89--99},
 numpages = {11},
 url = {http://doi.acm.org/10.1145/1809085.1809097},
 doi = {10.1145/1809085.1809097},
 acmid = {1809097},
 publisher = {ACM},
 address = {New York, NY, USA},
 keywords = {medical education, virtual worlds},
}

@inproceedings{Scott:2019:NCU:3294016.3294019,
 author = {Scott, Michael James and Parker, Alcwyn and McDonald, Brian and Lewis, Gareth and Powley, Edward J.},
 title = {Nurturing Collaboration in an Undergraduate Computing Course with Robot-themed Team Training and Team Building},
 booktitle = {Proceedings of the 3rd Conference on Computing Education Practice},
 series = {CEP '19},
 year = {2019},
 isbn = {978-1-4503-6631-1},
 location = {Durham, United Kingdom},
 pages = {5:1--5:4},
 articleno = {5},
 numpages = {4},
 url = {http://doi.acm.org/10.1145/3294016.3294019},
 doi = {10.1145/3294016.3294019},
 acmid = {3294019},
 publisher = {ACM},
 address = {New York, NY, USA},
 keywords = {Collaboration, Group Projects, Programming, Robots, Teamwork},
}

@article{Bower:2005:IVC:1047124.1047447,
 author = {Bower, Matt and Richards, Debbie},
 title = {The Impact of Virtual Classroom Laboratories in CSE},
 journal = {SIGCSE Bull.},
 issue_date = {2005},
 volume = {37},
 number = {1},
 month = feb,
 year = {2005},
 issn = {0097-8418},
 pages = {292--296},
 numpages = {5},
 url = {http://doi.acm.org/10.1145/1047124.1047447},
 doi = {10.1145/1047124.1047447},
 acmid = {1047447},
 publisher = {ACM},
 address = {New York, NY, USA},
 keywords = {online learning, pedagogy, survey, virtual classroom},
}

@inproceedings{Bower:2005:IVC:1047344.1047447,
 author = {Bower, Matt and Richards, Debbie},
 title = {The Impact of Virtual Classroom Laboratories in CSE},
 booktitle = {Proceedings of the 36th SIGCSE Technical Symposium on Computer Science Education},
 series = {SIGCSE '05},
 year = {2005},
 isbn = {1-58113-997-7},
 location = {St. Louis, Missouri, USA},
 pages = {292--296},
 numpages = {5},
 url = {http://doi.acm.org/10.1145/1047344.1047447},
 doi = {10.1145/1047344.1047447},
 acmid = {1047447},
 publisher = {ACM},
 address = {New York, NY, USA},
 keywords = {online learning, pedagogy, survey, virtual classroom},
}

@inproceedings{Daungtod:2019:SFC:3306500.3306542,
 author = {Daungtod, Srisuda and Chaijareon, Sumalee},
 title = {A Synthesis Framework of Constructivist via Gamification-based Learning Environments Model to Enhance Self-regulation for Undergraduate Students},
 booktitle = {Proceedings of the 10th International Conference on E-Education, E-Business, E-Management and E-Learning},
 series = {IC4E '19},
 year = {2019},
 isbn = {978-1-4503-6602-1},
 location = {Tokyo, Japan},
 pages = {146--150},
 numpages = {5},
 url = {http://doi.acm.org/10.1145/3306500.3306542},
 doi = {10.1145/3306500.3306542},
 acmid = {3306542},
 publisher = {ACM},
 address = {New York, NY, USA},
 keywords = {constructivist learning environments, gamification, intrinsic motivation, self-regulation},
}

@inproceedings{Tag:2007:BUS:1351542.1351960,
 author = {Tag, Peter and Krahl, David},
 title = {Beyond the University: Simulation Education on the Job},
 booktitle = {Proceedings of the 39th Conference on Winter Simulation: 40 Years! The Best is Yet to Come},
 series = {WSC '07},
 year = {2007},
 isbn = {1-4244-1306-0},
 location = {Washington D.C.},
 pages = {2357--2361},
 numpages = {5},
 url = {http://dl.acm.org/citation.cfm?id=1351542.1351960},
 acmid = {1351960},
 publisher = {IEEE Press},
 address = {Piscataway, NJ, USA},
}

@article{Meloni:1996:VEI:231132.231152,
 author = {Meloni, Daniela and Mura, Alessandro and Nucci, Francesco S. and Cangelosi, Angelo and Ligorio, Maria Beatrice},
 title = {Virtual ECHO: An Interface for a Simulated Environment},
 journal = {SIGCHI Bull.},
 issue_date = {July 1996},
 volume = {28},
 number = {3},
 month = jul,
 year = {1996},
 issn = {0736-6906},
 pages = {97--101},
 numpages = {5},
 url = {http://doi.acm.org/10.1145/231132.231152},
 doi = {10.1145/231132.231152},
 acmid = {231152},
 publisher = {ACM},
 address = {New York, NY, USA},
}

@inproceedings{Jonassen:1996:MJR:1161135.1161157,
 author = {Jonassen, David and Li, Tiancheng},
 title = {Modeling Justification and Reflection in Case-based Learning Environments},
 booktitle = {Proceedings of the 1996 International Conference on Learning Sciences},
 series = {ICLS '96},
 year = {1996},
 isbn = {1-880094-23-1},
 location = {Evanston, Illinois},
 pages = {159--163},
 numpages = {5},
 url = {http://dl.acm.org/citation.cfm?id=1161135.1161157},
 acmid = {1161157},
 publisher = {International Society of the Learning Sciences},
}

@inproceedings{Krause:2016:COW:2851581.2856488,
 author = {Krause, Markus and Hall, Margeret and Williams, Joseph Jay and Paritosh, Praveen and Prip, John and Caton, Simon},
 title = {Connecting Online Work and Online Education at Scale},
 booktitle = {Proceedings of the 2016 CHI Conference Extended Abstracts on Human Factors in Computing Systems},
 series = {CHI EA '16},
 year = {2016},
 isbn = {978-1-4503-4082-3},
 location = {San Jose, California, USA},
 pages = {3536--3541},
 numpages = {6},
 url = {http://doi.acm.org/10.1145/2851581.2856488},
 doi = {10.1145/2851581.2856488},
 acmid = {2856488},
 publisher = {ACM},
 address = {New York, NY, USA},
 keywords = {computer supported cooperative work, crowdsourcing, learning at scale, worklearn},
}

@inproceedings{Ben-DavidKolikant:2012:GCC:2481449.2481471,
 author = {Ben-David Kolikant, Yifat},
 title = {(Some) Grand Challenges of Computer Science Education in the Digital Age: A Socio-cultural Perspective},
 booktitle = {Proceedings of the 7th Workshop in Primary and Secondary Computing Education},
 series = {WiPSCE '12},
 year = {2012},
 isbn = {978-1-4503-1787-0},
 location = {Hamburg, Germany},
 pages = {86--89},
 numpages = {4},
 url = {http://doi.acm.org/10.1145/2481449.2481471},
 doi = {10.1145/2481449.2481471},
 acmid = {2481471},
 publisher = {ACM},
 address = {New York, NY, USA},
 keywords = {K-12, challenges in CSE, cultural encounter, digital age, sociocultural theories},
}

@inproceedings{Wortham:1999:NMA:1150240.1150322,
 author = {Wortham, Donald W.},
 title = {Nodal and Matrix Analyses of Communication Patterns in Small Groups},
 booktitle = {Proceedings of the 1999 Conference on Computer Support for Collaborative Learning},
 series = {CSCL '99},
 year = {1999},
 location = {Palo Alto, California},
 articleno = {82},
 url = {http://dl.acm.org/citation.cfm?id=1150240.1150322},
 acmid = {1150322},
 publisher = {International Society of the Learning Sciences},
 keywords = {computer mediated communication, evaluation},
}

@inproceedings{Chen:2018:AAT:3231644.3231697,
 author = {Chen, Lujie and Dubrawski, Artur},
 title = {Accelerated Apprenticeship: Teaching Data Science Problem Solving Skills at Scale},
 booktitle = {Proceedings of the Fifth Annual ACM Conference on Learning at Scale},
 series = {L@S '18},
 year = {2018},
 isbn = {978-1-4503-5886-6},
 location = {London, United Kingdom},
 pages = {39:1--39:4},
 articleno = {39},
 numpages = {4},
 url = {http://doi.acm.org/10.1145/3231644.3231697},
 doi = {10.1145/3231644.3231697},
 acmid = {3231697},
 publisher = {ACM},
 address = {New York, NY, USA},
 keywords = {data science education, problem solving},
}

@inproceedings{Vogel:2015:TDA:2797433.2797465,
 author = {Vogel, Bahtijar and Kilamo, Terhi and Kurti, Arianit},
 title = {Teaching Distributed Agile Development to Software Professionals: A Flexible Approach},
 booktitle = {Proceedings of the 2015 European Conference on Software Architecture Workshops},
 series = {ECSAW '15},
 year = {2015},
 isbn = {978-1-4503-3393-1},
 location = {Dubrovnik, Cavtat, Croatia},
 pages = {31:1--31:8},
 articleno = {31},
 numpages = {8},
 url = {http://doi.acm.org/10.1145/2797433.2797465},
 doi = {10.1145/2797433.2797465},
 acmid = {2797465},
 publisher = {ACM},
 address = {New York, NY, USA},
 keywords = {Situated learning, distributed agile, flexible approach, software professionals},
}

@inproceedings{Chodos:2011:DVS:1987993.1988007,
 author = {Chodos, David and Stroulia, Eleni and King, Sharla},
 title = {Developing a Virtual-world Simulation},
 booktitle = {Proceedings of the 3rd Workshop on Software Engineering in Health Care},
 series = {SEHC '11},
 year = {2011},
 isbn = {978-1-4503-0585-3},
 location = {Waikiki, Honolulu, HI, USA},
 pages = {71--78},
 numpages = {8},
 url = {http://doi.acm.org/10.1145/1987993.1988007},
 doi = {10.1145/1987993.1988007},
 acmid = {1988007},
 publisher = {ACM},
 address = {New York, NY, USA},
 keywords = {medical education, simulation-based training, virtual worlds},
}

@inproceedings{Boyer:2008:SDC:1414558.1414585,
 author = {Boyer, Naomi R. and Langevin, Sara and Gaspar, Alessio},
 title = {Self Direction \& Constructivism in Programming Education},
 booktitle = {Proceedings of the 9th ACM SIGITE Conference on Information Technology Education},
 series = {SIGITE '08},
 year = {2008},
 isbn = {978-1-60558-329-7},
 location = {Cincinnati, OH, USA},
 pages = {89--94},
 numpages = {6},
 url = {http://doi.acm.org/10.1145/1414558.1414585},
 doi = {10.1145/1414558.1414585},
 acmid = {1414585},
 publisher = {ACM},
 address = {New York, NY, USA},
 keywords = {cs-1, introductory programming, self-directed learning},
}

@inproceedings{Kolodner:2008:IWK:1599936.1600028,
 author = {Kolodner, Janet L. and Starr, Mary L. and Edelson, Daniel and Hug, Barbara and Kanter, David and Krajcik, Joseph and Lancaster, Juliana A. and Laster, Thomas A. and Leimberer, Jennifer and Reiser, Brian J. and Ryan, Michael T. and Schneider, Rebecca and Sutherland, LeeAnn M. and Zahm, Barbara},
 title = {Implementing What We Know About Learning in a Middle-school Curriculum for Widespread Dissemination: The Project-based Inquiry Science (PBIS) Story},
 booktitle = {Proceedings of the 8th International Conference on International Conference for the Learning Sciences - Volume 3},
 series = {ICLS'08},
 year = {2008},
 location = {Utrecht, The Netherlands},
 pages = {274--281},
 numpages = {8},
 url = {http://dl.acm.org/citation.cfm?id=1599936.1600028},
 acmid = {1600028},
 publisher = {International Society of the Learning Sciences},
}

@inproceedings{Sawyer:2006:MFL:1150034.1150237,
 author = {Sawyer, R. Keith and Collins, Allan and Confrey, Jere and Kolodner, Janet L. and Scardamalia, Marlene},
 title = {Moving Forward: The Learning Sciences and the Future of Education},
 booktitle = {Proceedings of the 7th International Conference on Learning Sciences},
 series = {ICLS '06},
 year = {2006},
 isbn = {0-8058-6174-2},
 location = {Bloomington, Indiana},
 pages = {1084--1087},
 numpages = {4},
 url = {http://dl.acm.org/citation.cfm?id=1150034.1150237},
 acmid = {1150237},
 publisher = {International Society of the Learning Sciences},
}

@inproceedings{Kam:2010:LLL:1854509.1854554,
 author = {Kam, Matthew},
 title = {Language and Literacy Learning in Developing Communities via Cellphones},
 booktitle = {Proceedings of the 9th International Conference of the Learning Sciences - Volume 2},
 series = {ICLS '10},
 year = {2010},
 location = {Chicago, Illinois},
 pages = {106--108},
 numpages = {3},
 url = {http://dl.acm.org/citation.cfm?id=1854509.1854554},
 acmid = {1854554},
 publisher = {International Society of the Learning Sciences},
}

@inproceedings{McDermott:2017:FYC:3059009.3059062,
 author = {McDermott, Roger and Zarb, Mark and Daniels, Mats and Isom\"{o}tt\"{o}nen, Ville},
 title = {First Year Computing Students' Perceptions of Authenticity in Assessment},
 booktitle = {Proceedings of the 2017 ACM Conference on Innovation and Technology in Computer Science Education},
 series = {ITiCSE '17},
 year = {2017},
 isbn = {978-1-4503-4704-4},
 location = {Bologna, Italy},
 pages = {10--15},
 numpages = {6},
 url = {http://doi.acm.org/10.1145/3059009.3059062},
 doi = {10.1145/3059009.3059062},
 acmid = {3059062},
 publisher = {ACM},
 address = {New York, NY, USA},
 keywords = {authentic assessment, authentic learning, first year computer science, situated learning},
}

@inproceedings{Johri:2018:FPS:3233391.3233541,
 author = {Johri, Aditya},
 title = {How FLOSS Participation Supports Lifelong Learning and Working: Apprenticeship Across Time and Spatialities},
 booktitle = {Proceedings of the 14th International Symposium on Open Collaboration},
 series = {OpenSym '18},
 year = {2018},
 isbn = {978-1-4503-5936-8},
 location = {Paris, France},
 pages = {17:1--17:8},
 articleno = {17},
 numpages = {8},
 url = {http://doi.acm.org/10.1145/3233391.3233541},
 doi = {10.1145/3233391.3233541},
 acmid = {3233541},
 publisher = {ACM},
 address = {New York, NY, USA},
 keywords = {FLOSS, learning across scales, situated cognition},
}

@inproceedings{Kumar:2009:VER:1599503.1599568,
 author = {Kumar, Rohit and Chaudhuri, Sourish and Howley, Iris and Ros{\'e}, Carolyn Penstein},
 title = {VMT-Basilica: An Environment for Rapid Prototyping of Collaborative Learning Environments with Dynamic Support},
 booktitle = {Proceedings of the 9th International Conference on Computer Supported Collaborative Learning - Volume 2},
 series = {CSCL'09},
 year = {2009},
 isbn = {978-1-4092-8598-4},
 location = {Rhodes, Greece},
 pages = {192--194},
 numpages = {3},
 url = {http://dl.acm.org/citation.cfm?id=1599503.1599568},
 acmid = {1599568},
 publisher = {International Society of the Learning Sciences},
}

@inproceedings{Vihavainen:2011:EAM:1999747.1999824,
 author = {Vihavainen, Arto and Paksula, Matti and Luukkainen, Matti and Kurhila, Jaakko},
 title = {Extreme Apprenticeship Method: Key Practices and Upward Scalability},
 booktitle = {Proceedings of the 16th Annual Joint Conference on Innovation and Technology in Computer Science Education},
 series = {ITiCSE '11},
 year = {2011},
 isbn = {978-1-4503-0697-3},
 location = {Darmstadt, Germany},
 pages = {273--277},
 numpages = {5},
 url = {http://doi.acm.org/10.1145/1999747.1999824},
 doi = {10.1145/1999747.1999824},
 acmid = {1999824},
 publisher = {ACM},
 address = {New York, NY, USA},
 keywords = {best practises, cognitive apprenticeship, continuous feedback, instructional design, programming education},
}

@inproceedings{Roth:1996:DPD:1161135.1161176,
 author = {Roth, Wolff-Michael and McGinn, Michelle K.},
 title = {Differential Participation During Science Conversations: The Interaction of Display Artifacts, Social Configuration, and Physical Arrangements},
 booktitle = {Proceedings of the 1996 International Conference on Learning Sciences},
 series = {ICLS '96},
 year = {1996},
 isbn = {1-880094-23-1},
 location = {Evanston, Illinois},
 pages = {300--307},
 numpages = {8},
 url = {http://dl.acm.org/citation.cfm?id=1161135.1161176},
 acmid = {1161176},
 publisher = {International Society of the Learning Sciences},
}

@inproceedings{Kedar:1996:ALE:1161135.1161159,
 author = {Kedar, Smadar and Guralnick, David and Holum, Ann and Bareiss, Ray and Beckwith, Richard and Kass, Alex},
 title = {Authoring Learning Environments Using an Embedded Pedagogical Model},
 booktitle = {Proceedings of the 1996 International Conference on Learning Sciences},
 series = {ICLS '96},
 year = {1996},
 isbn = {1-880094-23-1},
 location = {Evanston, Illinois},
 pages = {172--179},
 numpages = {8},
 url = {http://dl.acm.org/citation.cfm?id=1161135.1161159},
 acmid = {1161159},
 publisher = {International Society of the Learning Sciences},
}

@inproceedings{Thomas:2018:CAT:3159450.3159473,
 author = {Thomas, Jakita O.},
 title = {The Computational Algorithmic Thinking (CAT) Capability Flow: An Approach to Articulating CAT Capabilities over Time in African-American Middle-school Girls},
 booktitle = {Proceedings of the 49th ACM Technical Symposium on Computer Science Education},
 series = {SIGCSE '18},
 year = {2018},
 isbn = {978-1-4503-5103-4},
 location = {Baltimore, Maryland, USA},
 pages = {149--154},
 numpages = {6},
 url = {http://doi.acm.org/10.1145/3159450.3159473},
 doi = {10.1145/3159450.3159473},
 acmid = {3159473},
 publisher = {ACM},
 address = {New York, NY, USA},
 keywords = {African-American, cat capability flow, computational algorithmic thinking, girls, middle school},
}

@inproceedings{Paterson:2008:PPS:1595356.1595375,
 author = {Paterson, James H. and Haddow, John and Cheng, Ka Fai},
 title = {PatternCoder: A Programming Support Tool for Learning Binary Class Associations and Design Patterns},
 booktitle = {Proceedings of the 8th International Conference on Computing Education Research},
 series = {Koli '08},
 year = {2008},
 isbn = {978-1-60558-385-3},
 location = {Koli, Finland},
 pages = {96--100},
 numpages = {5},
 url = {http://doi.acm.org/10.1145/1595356.1595375},
 doi = {10.1145/1595356.1595375},
 acmid = {1595375},
 publisher = {ACM},
 address = {New York, NY, USA},
 keywords = {Java, UML, associations, patterns},
}

@inproceedings{Kolodner:1997:RCL:1599773.1599792,
 author = {Kolodner, Janet L. and Schwarz, Baruch and Barkai, Reuma DeGroot and Levy-Neumand, Edith and Tcherni, Anna and Turbovsky, Anat},
 title = {Roles of a Case Library As a Collaborative Tool for Fostering Argumentation},
 booktitle = {Proceedings of the 2Nd International Conference on Computer Support for Collaborative Learning},
 series = {CSCL '97},
 year = {1997},
 location = {Toronto, Ontario, Canada},
 pages = {157--163},
 numpages = {7},
 url = {http://dl.acm.org/citation.cfm?id=1599773.1599792},
 acmid = {1599792},
 publisher = {International Society of the Learning Sciences},
 keywords = {argumentation, case library, case-based reasoning, middle school, tools to support collaborative learning},
}

@inproceedings{Burg:2016:SIE:2899415.2899461,
 author = {Burg, Jennifer and Pauca, V. Paul and Turkett, William and Santago, Pete},
 title = {A STEM Incubator to Engage Students in Hands-on, Relevant Learning: A Report from the Field},
 booktitle = {Proceedings of the 2016 ACM Conference on Innovation and Technology in Computer Science Education},
 series = {ITiCSE '16},
 year = {2016},
 isbn = {978-1-4503-4231-5},
 location = {Arequipa, Peru},
 pages = {142--147},
 numpages = {6},
 url = {http://doi.acm.org/10.1145/2899415.2899461},
 doi = {10.1145/2899415.2899461},
 acmid = {2899461},
 publisher = {ACM},
 address = {New York, NY, USA},
 keywords = {collaboration, hands-on learning, situated learning},
}

@inproceedings{Qiu:2004:MCP:964442.964513,
 author = {Qiu, Lin and Riesbeck, Christopher K.},
 title = {Making Critiquing Practical: Incremental Development of Educational Critiquing Systems},
 booktitle = {Proceedings of the 9th International Conference on Intelligent User Interfaces},
 series = {IUI '04},
 year = {2004},
 isbn = {1-58113-815-6},
 location = {Funchal, Madeira, Portugal},
 pages = {304--306},
 numpages = {3},
 url = {http://doi.acm.org/10.1145/964442.964513},
 doi = {10.1145/964442.964513},
 acmid = {964513},
 publisher = {ACM},
 address = {New York, NY, USA},
 keywords = {critiquing, education, educational software, evolution, incremental authoring, intelligent assistants},
}

@article{Bower:2008:ICS:1597849.1384323,
 author = {Bower, Matt},
 title = {The "Instructed-teacher": A Computer Science Online Learning Pedagogical Pattern},
 journal = {SIGCSE Bull.},
 issue_date = {September 2008},
 volume = {40},
 number = {3},
 month = jun,
 year = {2008},
 issn = {0097-8418},
 pages = {189--193},
 numpages = {5},
 url = {http://doi.acm.org/10.1145/1597849.1384323},
 doi = {10.1145/1597849.1384323},
 acmid = {1384323},
 publisher = {ACM},
 address = {New York, NY, USA},
 keywords = {online learning, pedagogical patterns, virtual classroom, web-conferencing},
}

@inproceedings{Bower:2008:ICS:1384271.1384323,
 author = {Bower, Matt},
 title = {The "Instructed-teacher": A Computer Science Online Learning Pedagogical Pattern},
 booktitle = {Proceedings of the 13th Annual Conference on Innovation and Technology in Computer Science Education},
 series = {ITiCSE '08},
 year = {2008},
 isbn = {978-1-60558-078-4},
 location = {Madrid, Spain},
 pages = {189--193},
 numpages = {5},
 url = {http://doi.acm.org/10.1145/1384271.1384323},
 doi = {10.1145/1384271.1384323},
 acmid = {1384323},
 publisher = {ACM},
 address = {New York, NY, USA},
 keywords = {online learning, pedagogical patterns, virtual classroom, web-conferencing},
}

@inproceedings{Nagarajan:2006:SLC:1150034.1150106,
 author = {Nagarajan, Anandi and Hmelo-Silver, Cindy},
 title = {Scaffolding Learning from Contrasting Video Cases},
 booktitle = {Proceedings of the 7th International Conference on Learning Sciences},
 series = {ICLS '06},
 year = {2006},
 isbn = {0-8058-6174-2},
 location = {Bloomington, Indiana},
 pages = {495--501},
 numpages = {7},
 url = {http://dl.acm.org/citation.cfm?id=1150034.1150106},
 acmid = {1150106},
 publisher = {International Society of the Learning Sciences},
}

@inproceedings{Hmelo:1996:BGB:1161135.1161153,
 author = {Hmelo, Cindy E. and Guzdial, Mark},
 title = {Of Black and Glass Boxes: Scaffolding for Doing and Learning},
 booktitle = {Proceedings of the 1996 International Conference on Learning Sciences},
 series = {ICLS '96},
 year = {1996},
 isbn = {1-880094-23-1},
 location = {Evanston, Illinois},
 pages = {128--134},
 numpages = {7},
 url = {http://dl.acm.org/citation.cfm?id=1161135.1161153},
 acmid = {1161153},
 publisher = {International Society of the Learning Sciences},
}

@inproceedings{Wientjes:2007:OVR:1599600.1599743,
 author = {Wientjes, Greg and Karim, Jawed},
 title = {Online Video Repository and Supportive Community for Beginning Teachers},
 booktitle = {Proceedings of the 8th Iternational Conference on Computer Supported Collaborative Learning},
 series = {CSCL'07},
 year = {2007},
 isbn = {978-0-6151-5436-7},
 location = {New Brunswick, New Jersey, USA},
 pages = {788--790},
 numpages = {3},
 url = {http://dl.acm.org/citation.cfm?id=1599600.1599743},
 acmid = {1599743},
 publisher = {International Society of the Learning Sciences},
}

@article{Girill:2005:DDH:2168819.2168820,
 author = {Girill, T. R.},
 title = {How Document Design Helps English Learners Master Science},
 journal = {Commun. Des. Q. Rev},
 issue_date = {December 2005},
 volume = {6},
 number = {4},
 month = dec,
 year = {2005},
 issn = {2166-1200},
 pages = {8--12},
 numpages = {5},
 url = {http://doi.acm.org/10.1145/2168819.2168820},
 doi = {10.1145/2168819.2168820},
 acmid = {2168820},
 publisher = {ACM},
 address = {New York, NY, USA},
}

@inproceedings{Kali:2007:DET:1599600.1599661,
 author = {Kali, Yael and Ronen-Fuhrmann, Tamar},
 title = {How Can the Design of Educational Technologies Affect Graduate Students' Epistemologies About Learning?},
 booktitle = {Proceedings of the 8th Iternational Conference on Computer Supported Collaborative Learning},
 series = {CSCL'07},
 year = {2007},
 isbn = {978-0-6151-5436-7},
 location = {New Brunswick, New Jersey, USA},
 pages = {323--325},
 numpages = {3},
 url = {http://dl.acm.org/citation.cfm?id=1599600.1599661},
 acmid = {1599661},
 publisher = {International Society of the Learning Sciences},
}

@inproceedings{Hayashi:2016:ALE:2818052.2869092,
 author = {Hayashi, Yugo},
 title = {Analyzing Lexical Expressions in an Human-Agent Online Explanation Task: Influence of Affect and Characteristics},
 booktitle = {Proceedings of the 19th ACM Conference on Computer Supported Cooperative Work and Social Computing Companion},
 series = {CSCW '16 Companion},
 year = {2016},
 isbn = {978-1-4503-3950-6},
 location = {San Francisco, California, USA},
 pages = {285--288},
 numpages = {4},
 url = {http://doi.acm.org/10.1145/2818052.2869092},
 doi = {10.1145/2818052.2869092},
 acmid = {2869092},
 publisher = {ACM},
 address = {New York, NY, USA},
 keywords = {Affect, Explanation activities, Online tutoring, Pedagogical Conversational Agent},
}

@inproceedings{Stephenson:2007:UEC:1362550.1362577,
 author = {Stephenson, JE and Morris, WB and Tempest, HG and Griffin, DK and Mileham, A and Payne, AM},
 title = {The Use of an e-Learning Constructivist Solution in Workplace Learning},
 booktitle = {Proceedings of the 14th European Conference on Cognitive Ergonomics: Invent! Explore!},
 series = {ECCE '07},
 year = {2007},
 isbn = {978-1-84799-849-1},
 location = {London, United Kingdom},
 pages = {133--138},
 numpages = {6},
 url = {http://doi.acm.org/10.1145/1362550.1362577},
 doi = {10.1145/1362550.1362577},
 acmid = {1362577},
 publisher = {ACM},
 address = {New York, NY, USA},
 keywords = {constructivism, e-learning, interactivity, simulations, workplace learning},
}

@inproceedings{Macedo:2019:DML:3311927.3325337,
 author = {Macedo, Livia and McCabe, Andrew},
 title = {Diverso: Make Learning Relevant for All Students},
 booktitle = {Proceedings of the 18th ACM International Conference on Interaction Design and Children},
 series = {IDC '19},
 year = {2019},
 isbn = {978-1-4503-6690-8},
 location = {Boise, ID, USA},
 pages = {586--591},
 numpages = {6},
 url = {http://doi.acm.org/10.1145/3311927.3325337},
 doi = {10.1145/3311927.3325337},
 acmid = {3325337},
 publisher = {ACM},
 address = {New York, NY, USA},
 keywords = {HCI, chatbot, critical thinking, culturally relevant teaching, diverse classrooms},
}

@article{Bower:2006:VCP:1124706.1121390,
 author = {Bower, Matt},
 title = {Virtual Classroom Pedagogy},
 journal = {SIGCSE Bull.},
 issue_date = {March 2006},
 volume = {38},
 number = {1},
 month = mar,
 year = {2006},
 issn = {0097-8418},
 pages = {148--152},
 numpages = {5},
 url = {http://doi.acm.org/10.1145/1124706.1121390},
 doi = {10.1145/1124706.1121390},
 acmid = {1121390},
 publisher = {ACM},
 address = {New York, NY, USA},
 keywords = {online learning, pedagogy, virtual classroom},
}

@inproceedings{Bower:2006:VCP:1121341.1121390,
 author = {Bower, Matt},
 title = {Virtual Classroom Pedagogy},
 booktitle = {Proceedings of the 37th SIGCSE Technical Symposium on Computer Science Education},
 series = {SIGCSE '06},
 year = {2006},
 isbn = {1-59593-259-3},
 location = {Houston, Texas, USA},
 pages = {148--152},
 numpages = {5},
 url = {http://doi.acm.org/10.1145/1121341.1121390},
 doi = {10.1145/1121341.1121390},
 acmid = {1121390},
 publisher = {ACM},
 address = {New York, NY, USA},
 keywords = {online learning, pedagogy, virtual classroom},
}

@inproceedings{Rummel:2006:LCC:1150034.1150126,
 author = {Rummel, Nikol and Spada, Hans and Hauser, Sabine},
 title = {Learning to Collaborate in a Computer-mediated Setting: Observing a Model Beats Learning from Being Scripted},
 booktitle = {Proceedings of the 7th International Conference on Learning Sciences},
 series = {ICLS '06},
 year = {2006},
 isbn = {0-8058-6174-2},
 location = {Bloomington, Indiana},
 pages = {634--640},
 numpages = {7},
 url = {http://dl.acm.org/citation.cfm?id=1150034.1150126},
 acmid = {1150126},
 publisher = {International Society of the Learning Sciences},
}

@inproceedings{Hung:2006:SPK:1150034.1150074,
 author = {Hung, Wei-Chen and Lockard, James},
 title = {Students' Perception of Knowledge Activation on a Guided Collaborative Problem Solving Organizer},
 booktitle = {Proceedings of the 7th International Conference on Learning Sciences},
 series = {ICLS '06},
 year = {2006},
 isbn = {0-8058-6174-2},
 location = {Bloomington, Indiana},
 pages = {270--276},
 numpages = {7},
 url = {http://dl.acm.org/citation.cfm?id=1150034.1150074},
 acmid = {1150074},
 publisher = {International Society of the Learning Sciences},
}

@inproceedings{Polman:1996:BCP:1161135.1161205,
 author = {Polman, Joseph},
 title = {Bootstrapping a Community of Practice: Learning Science by Doing Projects in a High School Classroom},
 booktitle = {Proceedings of the 1996 International Conference on Learning Sciences},
 series = {ICLS '96},
 year = {1996},
 isbn = {1-880094-23-1},
 location = {Evanston, Illinois},
 pages = {474--479},
 numpages = {6},
 url = {http://dl.acm.org/citation.cfm?id=1161135.1161205},
 acmid = {1161205},
 publisher = {International Society of the Learning Sciences},
}

@inproceedings{Gressick:2008:LSO:1599812.1599848,
 author = {Gressick, Julia and Derry, Sharon},
 title = {Leadership in Small Online Collaborative Learning Groups: A Distributed Perspective},
 booktitle = {Proceedings of the 8th International Conference on International Conference for the Learning Sciences - Volume 1},
 series = {ICLS'08},
 year = {2008},
 location = {Utrecht, The Netherlands},
 pages = {305--312},
 numpages = {8},
 url = {http://dl.acm.org/citation.cfm?id=1599812.1599848},
 acmid = {1599848},
 publisher = {International Society of the Learning Sciences},
}

@inproceedings{DeWitt:2006:CIF:1231047.1231054,
 author = {DeWitt, Janine and Cicalese, Cynthia},
 title = {Contextual Integration: A Framework for Presenting Social, Legal, and Ethical Content Across the Computer Security and Information Assurance Curriculum},
 booktitle = {Proceedings of the 3rd Annual Conference on Information Security Curriculum Development},
 series = {InfoSecCD '06},
 year = {2006},
 isbn = {1-59593-437-5},
 location = {Kennesaw, Georgia},
 pages = {30--40},
 numpages = {11},
 url = {http://doi.acm.org/10.1145/1231047.1231054},
 doi = {10.1145/1231047.1231054},
 acmid = {1231054},
 publisher = {ACM},
 address = {New York, NY, USA},
 keywords = {active learning, authentic learning, case studies, cognitive apprenticeship, computer security, curriculum, education, ethical reasoning, ethics, information assurance, integrative learning, situated learning, social context},
}

@inproceedings{Pape:2003:EW:958160.958163,
 author = {Pape, Bernd and Reinecke, Leonard and Rohde, Markus and Strauss, Monique},
 title = {E-community-building in wiInf-central},
 booktitle = {Proceedings of the 2003 International ACM SIGGROUP Conference on Supporting Group Work},
 series = {GROUP '03},
 year = {2003},
 isbn = {1-58113-693-5},
 location = {Sanibel Island, Florida, USA},
 pages = {11--20},
 numpages = {10},
 url = {http://doi.acm.org/10.1145/958160.958163},
 doi = {10.1145/958160.958163},
 acmid = {958163},
 publisher = {ACM},
 address = {New York, NY, USA},
 keywords = {commsy, communities of practice (CoP), e-community-building, hybrid community of students, qualitative interviews, self-organized community of students, social identity theory (SIT)},
}

@inproceedings{Singley:2000:AJS:358916.358985,
 author = {Singley, Mark K. and Singh, Moninder and Fairweather, Peter and Farrell, Robert and Swerling, Steven},
 title = {Algebra Jam: Supporting Teamwork and Managing Roles in a Collaborative Learning Environment},
 booktitle = {Proceedings of the 2000 ACM Conference on Computer Supported Cooperative Work},
 series = {CSCW '00},
 year = {2000},
 isbn = {1-58113-222-0},
 location = {Philadelphia, Pennsylvania, USA},
 pages = {145--154},
 numpages = {10},
 url = {http://doi.acm.org/10.1145/358916.358985},
 doi = {10.1145/358916.358985},
 acmid = {358985},
 publisher = {ACM},
 address = {New York, NY, USA},
 keywords = {collabicons, object-oriented chat, role reification, team blackboard, team modeling, team tutoring systems},
}

@inproceedings{Grover:2016:FIC:2839509.2844564,
 author = {Grover, Shuchi and Pea, Roy and Cooper, Stephen},
 title = {Factors Influencing Computer Science Learning in Middle School},
 booktitle = {Proceedings of the 47th ACM Technical Symposium on Computing Science Education},
 series = {SIGCSE '16},
 year = {2016},
 isbn = {978-1-4503-3685-7},
 location = {Memphis, Tennessee, USA},
 pages = {552--557},
 numpages = {6},
 url = {http://doi.acm.org/10.1145/2839509.2844564},
 doi = {10.1145/2839509.2844564},
 acmid = {2844564},
 publisher = {ACM},
 address = {New York, NY, USA},
 keywords = {computational thinking., deeper learning, k-12 computer science education, learning factors, middle school computing curriculum},
}

@inproceedings{Srikant:2017:IDS:3017680.3017717,
 author = {Srikant, Shashank and Aggarwal, Varun},
 title = {Introducing Data Science to School Kids},
 booktitle = {Proceedings of the 2017 ACM SIGCSE Technical Symposium on Computer Science Education},
 series = {SIGCSE '17},
 year = {2017},
 isbn = {978-1-4503-4698-6},
 location = {Seattle, Washington, USA},
 pages = {561--566},
 numpages = {6},
 url = {http://doi.acm.org/10.1145/3017680.3017717},
 doi = {10.1145/3017680.3017717},
 acmid = {3017717},
 publisher = {ACM},
 address = {New York, NY, USA},
 keywords = {K-12 education, computational thinking, data science, supervised learning, visualization},
}

@inproceedings{Jarodzka:2008:EET:1599812.1599859,
 author = {Jarodzka, Halszka and Scheiter, Katharina and Gerjets, Peter and Gemballa, Sven},
 title = {In the Eyes of Experts: Teaching Dynamic Features in Biology by Modeling Experts' Eye Movement Strategies to Novices},
 booktitle = {Proceedings of the 8th International Conference on International Conference for the Learning Sciences - Volume 1},
 series = {ICLS'08},
 year = {2008},
 location = {Utrecht, The Netherlands},
 pages = {390--397},
 numpages = {8},
 url = {http://dl.acm.org/citation.cfm?id=1599812.1599859},
 acmid = {1599859},
 publisher = {International Society of the Learning Sciences},
}

@inproceedings{Szabo:2017:SWG:3059009.3059030,
 author = {Szabo, Claudia and Falkner, Nickolas},
 title = {Silence, Words, or Grades: The Effects of Lecturer Feedback in Multi-Revision Assignments},
 booktitle = {Proceedings of the 2017 ACM Conference on Innovation and Technology in Computer Science Education},
 series = {ITiCSE '17},
 year = {2017},
 isbn = {978-1-4503-4704-4},
 location = {Bologna, Italy},
 pages = {293--298},
 numpages = {6},
 url = {http://doi.acm.org/10.1145/3059009.3059030},
 doi = {10.1145/3059009.3059030},
 acmid = {3059030},
 publisher = {ACM},
 address = {New York, NY, USA},
 keywords = {feedback, revision assignment},
}

@inproceedings{Cornelius:2008:SPD:1599812.1599832,
 author = {Cornelius, Lindsay L.},
 title = {Student Participation in Disciplinary Discourses: When the Teacher Takes a Step Back, Who Takes a Step Forward?},
 booktitle = {Proceedings of the 8th International Conference on International Conference for the Learning Sciences - Volume 1},
 series = {ICLS'08},
 year = {2008},
 location = {Utrecht, The Netherlands},
 pages = {175--182},
 numpages = {8},
 url = {http://dl.acm.org/citation.cfm?id=1599812.1599832},
 acmid = {1599832},
 publisher = {International Society of the Learning Sciences},
}

@inproceedings{Casado-Lumbreras:2014:OCT:2669711.2669944,
 author = {Casado-Lumbreras, Cristina and Colomo-Palacios, Ricardo},
 title = {Online Coaching in Thesis Supervision: A Qualitative Study},
 booktitle = {Proceedings of the Second International Conference on Technological Ecosystems for Enhancing Multiculturality},
 series = {TEEM '14},
 year = {2014},
 isbn = {978-1-4503-2896-8},
 location = {Salamanca, Spain},
 pages = {489--495},
 numpages = {7},
 url = {http://doi.acm.org/10.1145/2669711.2669944},
 doi = {10.1145/2669711.2669944},
 acmid = {2669944},
 publisher = {ACM},
 address = {New York, NY, USA},
 keywords = {bachelor/master thesis, coaching, on-line learning, qualitative study, supervision},
}

@inproceedings{Gourlet:2016:RDS:2930674.2930702,
 author = {Gourlet, Pauline and Eveillard, Louis and Dervieux, Ferdinand},
 title = {The Research Diary, Supporting Pupils' Reflective Thinking During Design Activities},
 booktitle = {Proceedings of the The 15th International Conference on Interaction Design and Children},
 series = {IDC '16},
 year = {2016},
 isbn = {978-1-4503-4313-8},
 location = {Manchester, United Kingdom},
 pages = {206--217},
 numpages = {12},
 url = {http://doi.acm.org/10.1145/2930674.2930702},
 doi = {10.1145/2930674.2930702},
 acmid = {2930702},
 publisher = {ACM},
 address = {New York, NY, USA},
 keywords = {Reflective thinking, design, digital traces, learning by doing},
}

@inproceedings{Helps:2008:ECN:1414558.1414565,
 author = {Helps, C. Richard G. and Ekstrom, J J.},
 title = {Evaluation of a Computer Networking Class in Information Technology},
 booktitle = {Proceedings of the 9th ACM SIGITE Conference on Information Technology Education},
 series = {SIGITE '08},
 year = {2008},
 isbn = {978-1-60558-329-7},
 location = {Cincinnati, OH, USA},
 pages = {259--268},
 numpages = {10},
 url = {http://doi.acm.org/10.1145/1414558.1414565},
 doi = {10.1145/1414558.1414565},
 acmid = {1414565},
 publisher = {ACM},
 address = {New York, NY, USA},
 keywords = {course design, course evaluation, networking},
}

@inproceedings{Lally:2002:CCL:1658616.1658640,
 author = {Lally, Vic and de Laat, Maarten},
 title = {Cracking the Code: Learning to Collaborate and Collaborating to Learn in a Networked Environment},
 booktitle = {Proceedings of the Conference on Computer Support for Collaborative Learning: Foundations for a CSCL Community},
 series = {CSCL '02},
 year = {2002},
 location = {Boulder, Colorado},
 pages = {160--168},
 numpages = {9},
 url = {http://dl.acm.org/citation.cfm?id=1658616.1658640},
 acmid = {1658640},
 publisher = {International Society of the Learning Sciences},
 keywords = {collaborative teaching and learning, content analysis, on-line tutoring, social constructivism},
}

@inproceedings{Ellis:2014:LWP:2656450.2656468,
 author = {Ellis, Heidi J.C. and Jackson, Stoney and Burdge, Darci and Postner, Lori and Hislop, Gregory W. and Diggs, Joanie},
 title = {Learning Within a Professional Environment: Shared Ownership of an HFOSS Project},
 booktitle = {Proceedings of the 15th Annual Conference on Information Technology Education},
 series = {SIGITE '14},
 year = {2014},
 isbn = {978-1-4503-2686-5},
 location = {Atlanta, Georgia, USA},
 pages = {95--100},
 numpages = {6},
 url = {http://doi.acm.org/10.1145/2656450.2656468},
 doi = {10.1145/2656450.2656468},
 acmid = {2656468},
 publisher = {ACM},
 address = {New York, NY, USA},
 keywords = {humanitarian free and open source software, student projects},
}

@inproceedings{Aprea:2008:TCT:1599812.1599817,
 author = {Aprea, Carmela},
 title = {Task-oriented Coaching for Teaching Instructional Planning: A Design-based Research Approach},
 booktitle = {Proceedings of the 8th International Conference on International Conference for the Learning Sciences - Volume 1},
 series = {ICLS'08},
 year = {2008},
 location = {Utrecht, The Netherlands},
 pages = {43--51},
 numpages = {9},
 url = {http://dl.acm.org/citation.cfm?id=1599812.1599817},
 acmid = {1599817},
 publisher = {International Society of the Learning Sciences},
}

@inproceedings{Kafai:2008:LKC:1599812.1599864,
 author = {Kafai, Yasmin B. and Peppler, Kylie A.},
 title = {Learning from Krumping: Collective Agency in Dance Performance Cultures},
 booktitle = {Proceedings of the 8th International Conference on International Conference for the Learning Sciences - Volume 1},
 series = {ICLS'08},
 year = {2008},
 location = {Utrecht, The Netherlands},
 pages = {430--437},
 numpages = {8},
 url = {http://dl.acm.org/citation.cfm?id=1599812.1599864},
 acmid = {1599864},
 publisher = {International Society of the Learning Sciences},
}

@inproceedings{Farmer:2005:CFE:1073943.1073956,
 author = {Farmer, Roderick A. and Hughes, Baden},
 title = {CASE: A Framework for Evaluating Learner-computer Interaction in Computer-Assisted Language Learning},
 booktitle = {Proceedings of the 6th ACM SIGCHI New Zealand Chapter's International Conference on Computer-human Interaction: Making CHI Natural},
 series = {CHINZ '05},
 year = {2005},
 isbn = {1-59593-036-1},
 location = {Auckland, New Zealand},
 pages = {67--74},
 numpages = {8},
 url = {http://doi.acm.org/10.1145/1073943.1073956},
 doi = {10.1145/1073943.1073956},
 acmid = {1073956},
 publisher = {ACM},
 address = {New York, NY, USA},
 keywords = {computer-assisted language learning, learner-computer interaction, situated task analysis},
}

@inproceedings{Feldhausen:2018:ISS:3159450.3159593,
 author = {Feldhausen, Russell and Weese, Joshua Levi and Bean, Nathan H.},
 title = {Increasing Student Self-Efficacy in Computational Thinking via STEM Outreach Programs},
 booktitle = {Proceedings of the 49th ACM Technical Symposium on Computer Science Education},
 series = {SIGCSE '18},
 year = {2018},
 isbn = {978-1-4503-5103-4},
 location = {Baltimore, Maryland, USA},
 pages = {302--307},
 numpages = {6},
 url = {http://doi.acm.org/10.1145/3159450.3159593},
 doi = {10.1145/3159450.3159593},
 acmid = {3159593},
 publisher = {ACM},
 address = {New York, NY, USA},
 keywords = {K-12, STEM, middle school, outreach, pedagogy, self-efficacy},
}

@inproceedings{Nuckles:2008:SVL:1599871.1599887,
 author = {N\"{u}ckles, Matthias and H\"{u}bner, Sandra and Renkl, Alexander},
 title = {Short-term Versus Long-term Effects of Cognitive and Metacognitive Prompts in Writing-to-learn},
 booktitle = {Proceedings of the 8th International Conference on International Conference for the Learning Sciences - Volume 2},
 series = {ICLS'08},
 year = {2008},
 location = {Utrecht, The Netherlands},
 pages = {124--131},
 numpages = {8},
 url = {http://dl.acm.org/citation.cfm?id=1599871.1599887},
 acmid = {1599887},
 publisher = {International Society of the Learning Sciences},
}

@inproceedings{Mitchell:2000:CUD:502390.502395,
 author = {Mitchell, William L. and Economou, Daphne and Pettifer, Steve R. and West, Adrian J.},
 title = {Choosing and Using a Driving Problem for CVE Technology Development},
 booktitle = {Proceedings of the ACM Symposium on Virtual Reality Software and Technology},
 series = {VRST '00},
 year = {2000},
 isbn = {1-58113-316-2},
 location = {Seoul, Korea},
 pages = {16--24},
 numpages = {9},
 url = {http://doi.acm.org/10.1145/502390.502395},
 doi = {10.1145/502390.502395},
 acmid = {502395},
 publisher = {ACM},
 address = {New York, NY, USA},
 keywords = {Design methodology, education, evaluation, human factors},
}

@inproceedings{Nash:2010:MMI:1854360.1854395,
 author = {Nash, Padraig and Shaffer, David Williamson},
 title = {Mentor Modeling: The Internalization of Modeled Professional Thinking in an Epistemic Game},
 booktitle = {Proceedings of the 9th International Conference of the Learning Sciences - Volume 1},
 series = {ICLS '10},
 year = {2010},
 location = {Chicago, Illinois},
 pages = {269--276},
 numpages = {8},
 url = {http://dl.acm.org/citation.cfm?id=1854360.1854395},
 acmid = {1854395},
 publisher = {International Society of the Learning Sciences},
}

@Article{Girill:1997:254601,
 editor = {Girill, T. R.},
 journal = {SIGDOC Asterisk J. Comput. Doc.},
 year = {1997},
 issn = {0731-1001},
 volume = {21},
 number = {2},
 issue_date = {May 1997},
 publisher = {ACM},
 address = {New York, NY, USA},
}

@inproceedings{Reiser:2002:WSS:1658616.1658652,
 author = {Reiser, Brian J.},
 title = {Why Scaffolding Should Sometimes Make Tasks More Difficult for Learners},
 booktitle = {Proceedings of the Conference on Computer Support for Collaborative Learning: Foundations for a CSCL Community},
 series = {CSCL '02},
 year = {2002},
 location = {Boulder, Colorado},
 pages = {255--264},
 numpages = {10},
 url = {http://dl.acm.org/citation.cfm?id=1658616.1658652},
 acmid = {1658652},
 publisher = {International Society of the Learning Sciences},
 keywords = {interactive learning environments, scaffolding, science education},
}

@inproceedings{Cavallo:1996:NIY:1161135.1161137,
 author = {Cavallo, David},
 title = {New Initiatives in Youth Development: Technology Works Enterprises},
 booktitle = {Proceedings of the 1996 International Conference on Learning Sciences},
 series = {ICLS '96},
 year = {1996},
 isbn = {1-880094-23-1},
 location = {Evanston, Illinois},
 pages = {9--13},
 numpages = {5},
 url = {http://dl.acm.org/citation.cfm?id=1161135.1161137},
 acmid = {1161137},
 publisher = {International Society of the Learning Sciences},
 keywords = {learning environments, technology and education, vocational education, youth training},
}

@inproceedings{Suthers:1997:IAI:1599773.1599807,
 author = {Suthers, Daniel D. and Toth, Eva Erdosne and Weiner, Arlene},
 title = {An Integrated Approach to Implementing Collaborative Inquiry in the Classroom},
 booktitle = {Proceedings of the 2Nd International Conference on Computer Support for Collaborative Learning},
 series = {CSCL '97},
 year = {1997},
 location = {Toronto, Ontario, Canada},
 pages = {275--282},
 numpages = {8},
 url = {http://dl.acm.org/citation.cfm?id=1599773.1599807},
 acmid = {1599807},
 publisher = {International Society of the Learning Sciences},
}

@inproceedings{Laffey:1996:UVS:1161135.1161163,
 author = {Laffey, James M. and Gibney, Terresa},
 title = {Understanding the Value of Students Doing Projects},
 booktitle = {Proceedings of the 1996 International Conference on Learning Sciences},
 series = {ICLS '96},
 year = {1996},
 isbn = {1-880094-23-1},
 location = {Evanston, Illinois},
 pages = {204--210},
 numpages = {7},
 url = {http://dl.acm.org/citation.cfm?id=1161135.1161163},
 acmid = {1161163},
 publisher = {International Society of the Learning Sciences},
}

@article{Learmonth:2001:FDI:507758.377459,
 author = {Learmonth, Rod},
 title = {Flexible Delivery of Information Systems As a Core MBA Subject},
 journal = {SIGCSE Bull.},
 issue_date = {Sept. 2001},
 volume = {33},
 number = {3},
 month = jun,
 year = {2001},
 issn = {0097-8418},
 pages = {29--32},
 numpages = {4},
 url = {http://doi.acm.org/10.1145/507758.377459},
 doi = {10.1145/507758.377459},
 acmid = {377459},
 publisher = {ACM},
 address = {New York, NY, USA},
}

@inproceedings{Learmonth:2001:FDI:377435.377459,
 author = {Learmonth, Rod},
 title = {Flexible Delivery of Information Systems As a Core MBA Subject},
 booktitle = {Proceedings of the 6th Annual Conference on Innovation and Technology in Computer Science Education},
 series = {ITiCSE '01},
 year = {2001},
 isbn = {1-58113-330-8},
 location = {Canterbury, United Kingdom},
 pages = {29--32},
 numpages = {4},
 url = {http://doi.acm.org/10.1145/377435.377459},
 doi = {10.1145/377435.377459},
 acmid = {377459},
 publisher = {ACM},
 address = {New York, NY, USA},
}

@article{Esper:2014:CDQ:2591468.2591490,
 author = {Esper, Sarah and Wood, Samantha R. and Foster, Stephen R. and Lerner, Sorin and Griswold, William G.},
 title = {Codespells: How to Design Quests to Teach Java Concepts},
 journal = {J. Comput. Sci. Coll.},
 issue_date = {April 2014},
 volume = {29},
 number = {4},
 month = apr,
 year = {2014},
 issn = {1937-4771},
 pages = {114--122},
 numpages = {9},
 url = {http://dl.acm.org/citation.cfm?id=2591468.2591490},
 acmid = {2591490},
 publisher = {Consortium for Computing Sciences in Colleges},
 address = {USA},
}

@inproceedings{Wilson:1993:BCS:169070.169383,
 author = {Wilson, Judith D. and Hoskin, Nathan and Nosek, John T.},
 title = {The Benefits of Collaboration for Student Programmers},
 booktitle = {Proceedings of the Twenty-fourth SIGCSE Technical Symposium on Computer Science Education},
 series = {SIGCSE '93},
 year = {1993},
 isbn = {0-89791-565-8},
 location = {Indianapolis, Indiana, USA},
 pages = {160--164},
 numpages = {5},
 url = {http://doi.acm.org/10.1145/169070.169383},
 doi = {10.1145/169070.169383},
 acmid = {169383},
 publisher = {ACM},
 address = {New York, NY, USA},
}

@article{Wilson:1993:BCS:169073.169383,
 author = {Wilson, Judith D. and Hoskin, Nathan and Nosek, John T.},
 title = {The Benefits of Collaboration for Student Programmers},
 journal = {SIGCSE Bull.},
 issue_date = {March 1993},
 volume = {25},
 number = {1},
 month = mar,
 year = {1993},
 issn = {0097-8418},
 pages = {160--164},
 numpages = {5},
 url = {http://doi.acm.org/10.1145/169073.169383},
 doi = {10.1145/169073.169383},
 acmid = {169383},
 publisher = {ACM},
 address = {New York, NY, USA},
}

@article{Johnson:1997:SAP:272874.272877,
 author = {Johnson, W. Lewis and Rickel, Jeff},
 title = {Steve: An Animated Pedagogical Agent for Procedural Training in Virtual Environments},
 journal = {SIGART Bull.},
 issue_date = {1997},
 volume = {8},
 number = {1-4},
 month = dec,
 year = {1997},
 issn = {0163-5719},
 pages = {16--21},
 numpages = {6},
 url = {http://doi.acm.org/10.1145/272874.272877},
 doi = {10.1145/272874.272877},
 acmid = {272877},
 publisher = {ACM},
 address = {New York, NY, USA},
}

@article{Mehlenbacher:2000:ION:330409.330413,
 author = {Mehlenbacher, Brad},
 title = {Intentionality and Other "Nonsignificant" in Issues Learning: Commentary on Margaret Martinez's "Intentional Learning in an Intentional World"},
 journal = {ACM J. Comput. Doc.},
 issue_date = {Feb. 1, 2000},
 volume = {24},
 number = {1},
 month = feb,
 year = {2000},
 issn = {1527-6805},
 pages = {25--30},
 numpages = {6},
 url = {http://doi.acm.org/10.1145/330409.330413},
 doi = {10.1145/330409.330413},
 acmid = {330413},
 publisher = {ACM},
 address = {New York, NY, USA},
}

@article{Becker:2005:CRU:1088791.1088819,
 author = {Becker, Katrin},
 title = {Cutting-edge Research by Undergraduates on a Shoestring?},
 journal = {J. Comput. Sci. Coll.},
 issue_date = {October 2005},
 volume = {21},
 number = {1},
 month = oct,
 year = {2005},
 issn = {1937-4771},
 pages = {160--168},
 numpages = {9},
 url = {http://dl.acm.org/citation.cfm?id=1088791.1088819},
 acmid = {1088819},
 publisher = {Consortium for Computing Sciences in Colleges},
 address = {USA},
}

@article{Faas:2018:WMC:3290265.3274319,
 author = {Faas, Travis and Dombrowski, Lynn and Young, Alyson and Miller, Andrew D.},
 title = {Watch Me Code: Programming Mentorship Communities on Twitch.Tv},
 journal = {Proc. ACM Hum.-Comput. Interact.},
 issue_date = {November 2018},
 volume = {2},
 number = {CSCW},
 month = nov,
 year = {2018},
 issn = {2573-0142},
 pages = {50:1--50:18},
 articleno = {50},
 numpages = {18},
 url = {http://doi.acm.org/10.1145/3274319},
 doi = {10.1145/3274319},
 acmid = {3274319},
 publisher = {ACM},
 address = {New York, NY, USA},
 keywords = {communities of practice, cscl, live coding, live streaming, mentoring, twitch},
}

@article{Gaspar:2008:RSA:1409823.1409864,
 author = {Gaspar, Alessio and Langevin, Sarah and Boyer, Naomi},
 title = {Redundancy and Syntax-late Approaches in Introductory Programming Courses},
 journal = {J. Comput. Sci. Coll.},
 issue_date = {December 2008},
 volume = {24},
 number = {2},
 month = dec,
 year = {2008},
 issn = {1937-4771},
 pages = {204--212},
 numpages = {9},
 url = {http://dl.acm.org/citation.cfm?id=1409823.1409864},
 acmid = {1409864},
 publisher = {Consortium for Computing Sciences in Colleges},
 address = {USA},
}

@article{Gaspar:2012:ERI:2382887.2382908,
 author = {Gaspar, Alessio and Langevin, Sarah},
 title = {An Experience Report on Improving Constructive Alignment in an Introduction to Programming},
 journal = {J. Comput. Sci. Coll.},
 issue_date = {December 2012},
 volume = {28},
 number = {2},
 month = dec,
 year = {2012},
 issn = {1937-4771},
 pages = {132--140},
 numpages = {9},
 url = {http://dl.acm.org/citation.cfm?id=2382887.2382908},
 acmid = {2382908},
 publisher = {Consortium for Computing Sciences in Colleges},
 address = {USA},
}

@article{Clancy:1992:CSC:135250.134554,
 author = {Clancy, M. J. and Linn, M. C.},
 title = {Case Studies in the Classroom},
 journal = {SIGCSE Bull.},
 issue_date = {March 1992},
 volume = {24},
 number = {1},
 month = mar,
 year = {1992},
 issn = {0097-8418},
 pages = {220--224},
 numpages = {5},
 url = {http://doi.acm.org/10.1145/135250.134554},
 doi = {10.1145/135250.134554},
 acmid = {134554},
 publisher = {ACM},
 address = {New York, NY, USA},
}

@inproceedings{Clancy:1992:CSC:134510.134554,
 author = {Clancy, M. J. and Linn, M. C.},
 title = {Case Studies in the Classroom},
 booktitle = {Proceedings of the Twenty-third SIGCSE Technical Symposium on Computer Science Education},
 series = {SIGCSE '92},
 year = {1992},
 isbn = {0-89791-468-6},
 location = {Kansas City, Missouri, USA},
 pages = {220--224},
 numpages = {5},
 url = {http://doi.acm.org/10.1145/134510.134554},
 doi = {10.1145/134510.134554},
 acmid = {134554},
 publisher = {ACM},
 address = {New York, NY, USA},
}

@inproceedings{Wettasinghe:2008:EES:1983222.1983290,
 author = {Wettasinghe, Marissa and Hasan, Mazlan},
 title = {Exploring the Efficacy of IT with Slow Learners: Case Studies in Primary Schools},
 booktitle = {Proceedings of the 2Nd International Convention on Rehabilitation Engineering \& Assistive Technology},
 series = {iCREATe '08},
 year = {2008},
 location = {Bangkok, Thailand},
 pages = {254--257},
 numpages = {4},
 url = {http://dl.acm.org/citation.cfm?id=1983222.1983290},
 acmid = {1983290},
 publisher = {Singapore Therapeutic, Assistive \& Rehabilitative Technologies (START) Centre},
 address = {Kaki Bukit TechPark II,, Singapore},
 keywords = {information technology, primary schools, slow learners},
}

@inproceedings{Starrett:2015:CBD:2676723.2677303,
 author = {Starrett, Courtney and Doman, Marguerite and Garrison, Chlotia and Sleigh, Merry},
 title = {Computational Bead Design: A Pilot Summer Camp in Computer Aided Design and 3D Printing for Middle School Girls},
 booktitle = {Proceedings of the 46th ACM Technical Symposium on Computer Science Education},
 series = {SIGCSE '15},
 year = {2015},
 isbn = {978-1-4503-2966-8},
 location = {Kansas City, Missouri, USA},
 pages = {587--590},
 numpages = {4},
 url = {http://doi.acm.org/10.1145/2676723.2677303},
 doi = {10.1145/2676723.2677303},
 acmid = {2677303},
 publisher = {ACM},
 address = {New York, NY, USA},
 keywords = {broadening participation, multi-disciplinary stem-to-steam program, outreach and education, promoting computer science, girls and computers},
}

@inproceedings{Wen:2018:REN:3178158.3178175,
 author = {Wen, Xinxiu and Yang, Zeping and Wang, Zhanquan},
 title = {Research on Enhancing Non-major Students' Abilities Based on Constructivism},
 booktitle = {Proceedings of the 6th International Conference on Information and Education Technology},
 series = {ICIET '18},
 year = {2018},
 isbn = {978-1-4503-5359-5},
 location = {Osaka, Japan},
 pages = {139--143},
 numpages = {5},
 url = {http://doi.acm.org/10.1145/3178158.3178175},
 doi = {10.1145/3178158.3178175},
 acmid = {3178175},
 publisher = {ACM},
 address = {New York, NY, USA},
 keywords = {computational thinking, constructivism, professional problems solving, project based collaborative learning},
}

@inproceedings{Harrington:2006:SLR:1179295.1179344,
 author = {Harrington, Maria C. R.},
 title = {Situational Learning in Real and Virtual Space: Lessons Learned and Future Directions},
 booktitle = {ACM SIGGRAPH 2006 Educators Program},
 series = {SIGGRAPH '06},
 year = {2006},
 isbn = {1-59593-364-6},
 location = {Boston, Massachusetts},
 articleno = {48},
 url = {http://doi.acm.org/10.1145/1179295.1179344},
 doi = {10.1145/1179295.1179344},
 acmid = {1179344},
 publisher = {ACM},
 address = {New York, NY, USA},
 keywords = {HCI, science education and creativity, simulated virtual ecologies and virtual reality},
}

@inproceedings{Ahmed:2016:MCM:2909609.2909611,
 author = {Ahmed, Nova and Kamal, Arman and Nuruddin, Adnan and Jishan, Syed Tanveer},
 title = {My Code in My Native Tone: Cha Script},
 booktitle = {Proceedings of the Eighth International Conference on Information and Communication Technologies and Development},
 series = {ICTD '16},
 year = {2016},
 isbn = {978-1-4503-4306-0},
 location = {Ann Arbor, MI, USA},
 pages = {28:1--28:4},
 articleno = {28},
 numpages = {4},
 url = {http://doi.acm.org/10.1145/2909609.2909611},
 doi = {10.1145/2909609.2909611},
 acmid = {2909611},
 publisher = {ACM},
 address = {New York, NY, USA},
 keywords = {Bengali Programming language, Native programming language, easy to learn programming},
}

@inproceedings{Grunerbl:2015:MEN:2800835.2807941,
 author = {Gr\"{u}nerbl, Agnes and Pirkl, Gerald and Weal, Mark and Gobbi, Mary and Lukowicz, Paul},
 title = {Monitoring and Enhancing Nurse Emergency Training with Wearable Devices},
 booktitle = {Adjunct Proceedings of the 2015 ACM International Joint Conference on Pervasive and Ubiquitous Computing and Proceedings of the 2015 ACM International Symposium on Wearable Computers},
 series = {UbiComp/ISWC'15 Adjunct},
 year = {2015},
 isbn = {978-1-4503-3575-1},
 location = {Osaka, Japan},
 pages = {1261--1267},
 numpages = {7},
 url = {http://doi.acm.org/10.1145/2800835.2807941},
 doi = {10.1145/2800835.2807941},
 acmid = {2807941},
 publisher = {ACM},
 address = {New York, NY, USA},
 keywords = {monitoring, nurse training, smart devices},
}

@inproceedings{Haslgrubler:2018:TEK:3197768.3201571,
 author = {Haslgr\"{u}bler, Michael and Ferscha, Alois and Heftberger, Josef},
 title = {Transferring Expert Knowledge Through Video Instructions},
 booktitle = {Proceedings of the 11th PErvasive Technologies Related to Assistive Environments Conference},
 series = {PETRA '18},
 year = {2018},
 isbn = {978-1-4503-6390-7},
 location = {Corfu, Greece},
 pages = {358--362},
 numpages = {5},
 url = {http://doi.acm.org/10.1145/3197768.3201571},
 doi = {10.1145/3197768.3201571},
 acmid = {3201571},
 publisher = {ACM},
 address = {New York, NY, USA},
 keywords = {Eye tracking, learning, wearable and pervasive computing},
}

@inproceedings{Oestermeier:2015:LML:2771839.2771897,
 author = {Oestermeier, Uwe and Mock, Philipp and Edelmann, J\"{o}rg and Gerjets, Peter},
 title = {LEGO Music: Learning Composition with Bricks},
 booktitle = {Proceedings of the 14th International Conference on Interaction Design and Children},
 series = {IDC '15},
 year = {2015},
 isbn = {978-1-4503-3590-4},
 location = {Boston, Massachusetts},
 pages = {283--286},
 numpages = {4},
 url = {http://doi.acm.org/10.1145/2771839.2771897},
 doi = {10.1145/2771839.2771897},
 acmid = {2771897},
 publisher = {ACM},
 address = {New York, NY, USA},
 keywords = {collaborative music, multi-touch, tabletop interfaces, tangible user interfaces, user-centered design},
}

@article{Gasson:2018:PAS:3301392.3290837,
 author = {Gasson, Susan and Purcelle, Michelle},
 title = {A Participation Architecture to Support User Peripheral Participation in a Hybrid FOSS Community},
 journal = {Trans. Soc. Comput.},
 issue_date = {December 2018},
 volume = {1},
 number = {4},
 month = dec,
 year = {2018},
 issn = {2469-7818},
 pages = {14:1--14:46},
 articleno = {14},
 numpages = {46},
 url = {http://doi.acm.org/10.1145/3290837},
 doi = {10.1145/3290837},
 acmid = {3290837},
 publisher = {ACM},
 address = {New York, NY, USA},
 keywords = {Legitimate peripheral participation, affordances, hybrid-FOSS community, innovation, participation architecture, user participation},
}

@article{Caspersen:2009:SFP:1513593.1513597,
 author = {Caspersen, Michael E. and Kolling, Michael},
 title = {STREAM: A First Programming Process},
 journal = {Trans. Comput. Educ.},
 issue_date = {March 2009},
 volume = {9},
 number = {1},
 month = mar,
 year = {2009},
 issn = {1946-6226},
 pages = {4:1--4:29},
 articleno = {4},
 numpages = {29},
 url = {http://doi.acm.org/10.1145/1513593.1513597},
 doi = {10.1145/1513593.1513597},
 acmid = {1513597},
 publisher = {ACM},
 address = {New York, NY, USA},
 keywords = {Stepwise improvement, agile methods, programming education, programming methodology, programming process, refactoring, stepwise refinement, test-driven development},
}

@inproceedings{Malmi:2010:CRC:1839594.1839597,
 author = {Malmi, Lauri and Sheard, Judy and Simon and Bednarik, Roman and Helminen, Juha and Korhonen, Ari and Myller, Niko and Sorva, Juha and Taherkhani, Ahmad},
 title = {Characterizing Research in Computing Education: A Preliminary Analysis of the Literature},
 booktitle = {Proceedings of the Sixth International Workshop on Computing Education Research},
 series = {ICER '10},
 year = {2010},
 isbn = {978-1-4503-0257-9},
 location = {Aarhus, Denmark},
 pages = {3--12},
 numpages = {10},
 url = {http://doi.acm.org/10.1145/1839594.1839597},
 doi = {10.1145/1839594.1839597},
 acmid = {1839597},
 publisher = {ACM},
 address = {New York, NY, USA},
 keywords = {classifying publications, computing education, research methods},
}

@inproceedings{Suzuki:2016:ARE:2858036.2858121,
 author = {Suzuki, Ryo and Salehi, Niloufar and Lam, Michelle S. and Marroquin, Juan C. and Bernstein, Michael S.},
 title = {Atelier: Repurposing Expert Crowdsourcing Tasks As Micro-internships},
 booktitle = {Proceedings of the 2016 CHI Conference on Human Factors in Computing Systems},
 series = {CHI '16},
 year = {2016},
 isbn = {978-1-4503-3362-7},
 location = {San Jose, California, USA},
 pages = {2645--2656},
 numpages = {12},
 url = {http://doi.acm.org/10.1145/2858036.2858121},
 doi = {10.1145/2858036.2858121},
 acmid = {2858121},
 publisher = {ACM},
 address = {New York, NY, USA},
 keywords = {crowd work, crowdsourcing, micro-internships},
}

@inproceedings{Vihavainen:2013:MSE:2512276.2512305,
 author = {Vihavainen, Arto and Luukkainen, Matti and Kurhila, Jaakko},
 title = {MOOC As Semester-long Entrance Exam},
 booktitle = {Proceedings of the 14th Annual ACM SIGITE Conference on Information Technology Education},
 series = {SIGITE '13},
 year = {2013},
 isbn = {978-1-4503-2239-3},
 location = {Orlando, Florida, USA},
 pages = {177--182},
 numpages = {6},
 url = {http://doi.acm.org/10.1145/2512276.2512305},
 doi = {10.1145/2512276.2512305},
 acmid = {2512305},
 publisher = {ACM},
 address = {New York, NY, USA},
 keywords = {admission, entrance exam, first-year experience, student achievement},
}

@inproceedings{M.:2014:PUE:2591708.2591718,
 author = {M., Jagadish and Iyer, Sridhar},
 title = {Problem-solving Using the Extremality Principle},
 booktitle = {Proceedings of the 2014 Conference on Innovation \&\#38; Technology in Computer Science Education},
 series = {ITiCSE '14},
 year = {2014},
 isbn = {978-1-4503-2833-3},
 location = {Uppsala, Sweden},
 pages = {87--92},
 numpages = {6},
 url = {http://doi.acm.org/10.1145/2591708.2591718},
 doi = {10.1145/2591708.2591718},
 acmid = {2591718},
 publisher = {ACM},
 address = {New York, NY, USA},
 keywords = {extremality, problem-solving},
}

@inproceedings{Isomottonen:2013:ICE:2462476.2462495,
 author = {Isom\"{o}tt\"{o}nen, Ville and Tirronen, Ville and Cochez, Michael},
 title = {Issues with a Course That Emphasizes Self-direction},
 booktitle = {Proceedings of the 18th ACM Conference on Innovation and Technology in Computer Science Education},
 series = {ITiCSE '13},
 year = {2013},
 isbn = {978-1-4503-2078-8},
 location = {Canterbury, England, UK},
 pages = {111--116},
 numpages = {6},
 url = {http://doi.acm.org/10.1145/2462476.2462495},
 doi = {10.1145/2462476.2462495},
 acmid = {2462495},
 publisher = {ACM},
 address = {New York, NY, USA},
 keywords = {active learning, self-direction},
}

@inproceedings{Kirshner:2006:SFY:1150034.1150085,
 author = {Kirshner, Ben},
 title = {The Social Formation of Youth Leadership},
 booktitle = {Proceedings of the 7th International Conference on Learning Sciences},
 series = {ICLS '06},
 year = {2006},
 isbn = {0-8058-6174-2},
 location = {Bloomington, Indiana},
 pages = {349--355},
 numpages = {7},
 url = {http://dl.acm.org/citation.cfm?id=1150034.1150085},
 acmid = {1150085},
 publisher = {International Society of the Learning Sciences},
}

@inproceedings{Davis:2007:9TP:1227310.1227455,
 author = {Davis, Timothy and Geist, Robert and Matzko, Sarah and Westall, James},
 title = {{\$\tau\$}{\$\epsilon\$}{\$\chi\$}\&\#957;\&\#951;: Trial Phase for the New Curriculum},
 booktitle = {Proceedings of the 38th SIGCSE Technical Symposium on Computer Science Education},
 series = {SIGCSE '07},
 year = {2007},
 isbn = {1-59593-361-1},
 location = {Covington, Kentucky, USA},
 pages = {415--419},
 numpages = {5},
 url = {http://doi.acm.org/10.1145/1227310.1227455},
 doi = {10.1145/1227310.1227455},
 acmid = {1227455},
 publisher = {ACM},
 address = {New York, NY, USA},
 keywords = {{\$\tau\$}{\$\epsilon\$}{\$\chi\$}\&\#957;\&\#951;, computer graphics, curriculum design, problem-based instruction, ray-tracing},
}

@article{Davis:2007:9TP:1227504.1227455,
 author = {Davis, Timothy and Geist, Robert and Matzko, Sarah and Westall, James},
 title = {{\$\tau\$}{\$\epsilon\$}{\$\chi\$}\&\#957;\&\#951;: Trial Phase for the New Curriculum},
 journal = {SIGCSE Bull.},
 issue_date = {March 2007},
 volume = {39},
 number = {1},
 month = mar,
 year = {2007},
 issn = {0097-8418},
 pages = {415--419},
 numpages = {5},
 url = {http://doi.acm.org/10.1145/1227504.1227455},
 doi = {10.1145/1227504.1227455},
 acmid = {1227455},
 publisher = {ACM},
 address = {New York, NY, USA},
 keywords = {{\$\tau\$}{\$\epsilon\$}{\$\chi\$}\&\#957;\&\#951;, computer graphics, curriculum design, problem-based instruction, ray-tracing},
}

@article{Johnson:1992:RD:130836.1063185,
 editor = {Johnson, Lewis},
 title = {Recent Dissertations},
 journal = {SIGART Bull.},
 issue_date = {Jan. 1992},
 volume = {3},
 number = {1},
 month = jan,
 year = {1992},
 issn = {0163-5719},
 pages = {55--59},
 numpages = {5},
 url = {http://doi.acm.org/10.1145/130836.1063185},
 doi = {10.1145/130836.1063185},
 acmid = {1063185},
 publisher = {ACM},
 address = {New York, NY, USA},
}

@inproceedings{Hulsey:2014:CCU:2538862.2538881,
 author = {Hulsey, Caitlin and Pence, Toni B. and Hodges, Larry F.},
 title = {Camp CyberGirls: Using a Virtual World to Introduce Computing Concepts to Middle School Girls},
 booktitle = {Proceedings of the 45th ACM Technical Symposium on Computer Science Education},
 series = {SIGCSE '14},
 year = {2014},
 isbn = {978-1-4503-2605-6},
 location = {Atlanta, Georgia, USA},
 pages = {331--336},
 numpages = {6},
 url = {http://doi.acm.org/10.1145/2538862.2538881},
 doi = {10.1145/2538862.2538881},
 acmid = {2538881},
 publisher = {ACM},
 address = {New York, NY, USA},
 keywords = {educational programming environments, middle school girls, outreach, virtual worlds},
}

@inproceedings{Grover:2013:UDP:2445196.2445404,
 author = {Grover, Shuchi and Pea, Roy},
 title = {Using a Discourse-intensive Pedagogy and Android's App Inventor for Introducing Computational Concepts to Middle School Students},
 booktitle = {Proceeding of the 44th ACM Technical Symposium on Computer Science Education},
 series = {SIGCSE '13},
 year = {2013},
 isbn = {978-1-4503-1868-6},
 location = {Denver, Colorado, USA},
 pages = {723--728},
 numpages = {6},
 url = {http://doi.acm.org/10.1145/2445196.2445404},
 doi = {10.1145/2445196.2445404},
 acmid = {2445404},
 publisher = {ACM},
 address = {New York, NY, USA},
 keywords = {CS ed research, K-12 instruction, android, app inventor, computational thinking, experience report, introductory programming, middle school},
}

@inproceedings{Rigby:2008:MCU:1414558.1414563,
 author = {Rigby, Steven and Dark, Melissa J. and Ekstrom, J. and Rogers, Marcus},
 title = {Measuring Conceptual Understanding: A Case Study},
 booktitle = {Proceedings of the 9th ACM SIGITE Conference on Information Technology Education},
 series = {SIGITE '08},
 year = {2008},
 isbn = {978-1-60558-329-7},
 location = {Cincinnati, OH, USA},
 pages = {11--16},
 numpages = {6},
 url = {http://doi.acm.org/10.1145/1414558.1414563},
 doi = {10.1145/1414558.1414563},
 acmid = {1414563},
 publisher = {ACM},
 address = {New York, NY, USA},
 keywords = {ias education},
}

@inproceedings{Pinkard:2004:EEL:1149126.1149176,
 author = {Pinkard, Nichole},
 title = {Exploring the Effects of Learners' Cultural and Social Histories on the Practices of Learning Scientists},
 booktitle = {Proceedings of the 6th International Conference on Learning Sciences},
 series = {ICLS '04},
 year = {2004},
 location = {Santa Monica, California},
 pages = {412--419},
 numpages = {8},
 url = {http://dl.acm.org/citation.cfm?id=1149126.1149176},
 acmid = {1149176},
 publisher = {International Society of the Learning Sciences},
}

@inproceedings{Birchfield:2006:SMP:1179295.1179329,
 author = {Birchfield, David and Ciufo, Thomas and Minyard, Gary},
 title = {SMALLab: A Mediated Platform for Education},
 booktitle = {ACM SIGGRAPH 2006 Educators Program},
 series = {SIGGRAPH '06},
 year = {2006},
 isbn = {1-59593-364-6},
 location = {Boston, Massachusetts},
 articleno = {33},
 url = {http://doi.acm.org/10.1145/1179295.1179329},
 doi = {10.1145/1179295.1179329},
 acmid = {1179329},
 publisher = {ACM},
 address = {New York, NY, USA},
 keywords = {K-12 education, constructivism, experiential media, interactivity, learning, situated multimedia, student centered learning environments},
}

@article{Tenenberg:2018:MCL:3210350.3132699,
 author = {Tenenberg, Josh and Roth, Wolff-Michael and Chinn, Donald and Jornet, Alfredo and Socha, David and Walter, Skip},
 title = {More Than the Code: Learning Rules of Rejection in Writing Programs},
 journal = {Commun. ACM},
 issue_date = {May 2018},
 volume = {61},
 number = {5},
 month = apr,
 year = {2018},
 issn = {0001-0782},
 pages = {66--71},
 numpages = {6},
 url = {http://doi.acm.org/10.1145/3132699},
 doi = {10.1145/3132699},
 acmid = {3132699},
 publisher = {ACM},
 address = {New York, NY, USA},
}

@inproceedings{Greising:2018:IDP:3209087.3209091,
 author = {Greising, Lucas and Bartel, Alexander and Hagel, Georg},
 title = {Introducing a Deployment Pipeline for Continuous Delivery in a Software Architecture Course},
 booktitle = {Proceedings of the 3rd European Conference of Software Engineering Education},
 series = {ECSEE'18},
 year = {2018},
 isbn = {978-1-4503-6383-9},
 location = {Seeon/ Bavaria, Germany},
 pages = {102--107},
 numpages = {6},
 url = {http://doi.acm.org/10.1145/3209087.3209091},
 doi = {10.1145/3209087.3209091},
 acmid = {3209091},
 publisher = {ACM},
 address = {New York, NY, USA},
 keywords = {Continuous Delivery, Continuous Integration, Pipeline, Scaffolded Learning, Software Architecture},
}

@inproceedings{Bell:1997:UAR:1599773.1599775,
 author = {Bell, Philip},
 title = {Using Argument Representations to Make Thinking Visible for Individuals and Groups},
 booktitle = {Proceedings of the 2Nd International Conference on Computer Support for Collaborative Learning},
 series = {CSCL '97},
 year = {1997},
 location = {Toronto, Ontario, Canada},
 pages = {10--19},
 numpages = {10},
 url = {http://dl.acm.org/citation.cfm?id=1599773.1599775},
 acmid = {1599775},
 publisher = {International Society of the Learning Sciences},
 keywords = {argument-building, classroom debate, conceptual change instruction, internet, knowledge representation tools, science education},
}

@inproceedings{Gray:2017:DPR:3078072.3079736,
 author = {Gray, James H. and Reardon, Emily and Kotler, Jennifer A.},
 title = {Designing for Parasocial Relationships and Learning: Linear Video, Interactive Media, and Artificial Intelligence},
 booktitle = {Proceedings of the 2017 Conference on Interaction Design and Children},
 series = {IDC '17},
 year = {2017},
 isbn = {978-1-4503-4921-5},
 location = {Stanford, California, USA},
 pages = {227--237},
 numpages = {11},
 url = {http://doi.acm.org/10.1145/3078072.3079736},
 doi = {10.1145/3078072.3079736},
 acmid = {3079736},
 publisher = {ACM},
 address = {New York, NY, USA},
 keywords = {character design, child development, interactive media, learning, parasocial relationships, video},
}

@inproceedings{Luukkainen:2012:SCA:2157136.2157266,
 author = {Luukkainen, Matti and Vihavainen, Arto and Vikberg, Thomas},
 title = {A Software Craftsman's Approach to Data Structures},
 booktitle = {Proceedings of the 43rd ACM Technical Symposium on Computer Science Education},
 series = {SIGCSE '12},
 year = {2012},
 isbn = {978-1-4503-1098-7},
 location = {Raleigh, North Carolina, USA},
 pages = {439--444},
 numpages = {6},
 url = {http://doi.acm.org/10.1145/2157136.2157266},
 doi = {10.1145/2157136.2157266},
 acmid = {2157266},
 publisher = {ACM},
 address = {New York, NY, USA},
 keywords = {data structures, instructional design, software engineering best practices, worked example},
}

@inproceedings{Kurhila:2011:MST:2047594.2047596,
 author = {Kurhila, Jaakko and Vihavainen, Arto},
 title = {Management, Structures and Tools to Scale Up Personal Advising in Large Programming Courses},
 booktitle = {Proceedings of the 2011 Conference on Information Technology Education},
 series = {SIGITE '11},
 year = {2011},
 isbn = {978-1-4503-1017-8},
 location = {West Point, New York, USA},
 pages = {3--8},
 numpages = {6},
 url = {http://doi.acm.org/10.1145/2047594.2047596},
 doi = {10.1145/2047594.2047596},
 acmid = {2047596},
 publisher = {ACM},
 address = {New York, NY, USA},
 keywords = {continuous feedback, course cost, individual education, instructional design, programming education, resource allocation},
}

@inproceedings{Heinonen:2013:LAS:2512276.2512306,
 author = {Heinonen, Kenny and Hirvikoski, Kasper and Luukkainen, Matti and Vihavainen, Arto},
 title = {Learning Agile Software Engineering Practices Using Coding Dojo},
 booktitle = {Proceedings of the 14th Annual ACM SIGITE Conference on Information Technology Education},
 series = {SIGITE '13},
 year = {2013},
 isbn = {978-1-4503-2239-3},
 location = {Orlando, Florida, USA},
 pages = {97--102},
 numpages = {6},
 url = {http://doi.acm.org/10.1145/2512276.2512306},
 doi = {10.1145/2512276.2512306},
 acmid = {2512306},
 publisher = {ACM},
 address = {New York, NY, USA},
 keywords = {agile methodologies, coding dojo, software engineering},
}

@inproceedings{Economou:2001:UCV:584993.585052,
 author = {Economou, Daphne and Mitchell, William and Pettifer, Steve and Cook, Jon and Marsh, James},
 title = {User Centred Virtual Actor Technology},
 booktitle = {Proceedings of the 2001 Conference on Virtual Reality, Archeology, and Cultural Heritage},
 series = {VAST '01},
 year = {2001},
 isbn = {1-58113-447-9},
 location = {Glyfada, Greece},
 pages = {323--332},
 numpages = {10},
 url = {http://doi.acm.org/10.1145/584993.585052},
 doi = {10.1145/584993.585052},
 acmid = {585052},
 publisher = {ACM},
 address = {New York, NY, USA},
 keywords = {collaborative virtual environments, design guidelines, evaluation, interaction analysis, pedagogy, technology requirements},
}

@article{Bareiss:2008:SLA:1352322.1352217,
 author = {Bareiss, Ray and Griss, Martin},
 title = {A Story-centered, Learn-by-doing Approach to Software Engineering Education},
 journal = {SIGCSE Bull.},
 issue_date = {March 2008},
 volume = {40},
 number = {1},
 month = mar,
 year = {2008},
 issn = {0097-8418},
 pages = {221--225},
 numpages = {5},
 url = {http://doi.acm.org/10.1145/1352322.1352217},
 doi = {10.1145/1352322.1352217},
 acmid = {1352217},
 publisher = {ACM},
 address = {New York, NY, USA},
 keywords = {active learning, learning by doing, software engineering education, story-centered curricula},
}

@inproceedings{Bareiss:2008:SLA:1352135.1352217,
 author = {Bareiss, Ray and Griss, Martin},
 title = {A Story-centered, Learn-by-doing Approach to Software Engineering Education},
 booktitle = {Proceedings of the 39th SIGCSE Technical Symposium on Computer Science Education},
 series = {SIGCSE '08},
 year = {2008},
 isbn = {978-1-59593-799-5},
 location = {Portland, OR, USA},
 pages = {221--225},
 numpages = {5},
 url = {http://doi.acm.org/10.1145/1352135.1352217},
 doi = {10.1145/1352135.1352217},
 acmid = {1352217},
 publisher = {ACM},
 address = {New York, NY, USA},
 keywords = {active learning, learning by doing, software engineering education, story-centered curricula},
}

@inproceedings{Nurmela:1999:ECL:1150240.1150294,
 author = {Nurmela, Kari and Lehtinen, Erno and Palonen, Tuire},
 title = {Evaluating CSCL Log Files by Social Network Analysis},
 booktitle = {Proceedings of the 1999 Conference on Computer Support for Collaborative Learning},
 series = {CSCL '99},
 year = {1999},
 location = {Palo Alto, California},
 articleno = {54},
 url = {http://dl.acm.org/citation.cfm?id=1150240.1150294},
 acmid = {1150294},
 publisher = {International Society of the Learning Sciences},
}

@inproceedings{Haslgrubler:2019:TSR:3316782.3316784,
 author = {Haslgr\"{u}bler, Michael and Gollan, Benedikt and Thomay, Christian and Ferscha, Alois and Heftberger, Josef},
 title = {Towards Skill Recognition Using Eye-hand Coordination in Industrial Production},
 booktitle = {Proceedings of the 12th ACM International Conference on PErvasive Technologies Related to Assistive Environments},
 series = {PETRA '19},
 year = {2019},
 isbn = {978-1-4503-6232-0},
 location = {Rhodes, Greece},
 pages = {11--20},
 numpages = {10},
 url = {http://doi.acm.org/10.1145/3316782.3316784},
 doi = {10.1145/3316782.3316784},
 acmid = {3316784},
 publisher = {ACM},
 address = {New York, NY, USA},
 keywords = {eye tracking, learning, skill recognition, wearable and pervasive computing},
}

@inproceedings{Jacobson:1996:EHL:1161135.1161156,
 author = {Jacobson, Michael J. and Sugimoto, Akiko and Archodidou, Anthi},
 title = {Evolution, Hypermedia Learning Environments, and Conceptual Change: A Preliminary Report},
 booktitle = {Proceedings of the 1996 International Conference on Learning Sciences},
 series = {ICLS '96},
 year = {1996},
 isbn = {1-880094-23-1},
 location = {Evanston, Illinois},
 pages = {151--158},
 numpages = {8},
 url = {http://dl.acm.org/citation.cfm?id=1161135.1161156},
 acmid = {1161156},
 publisher = {International Society of the Learning Sciences},
}

@inproceedings{Zahn:2005:ADV:1149293.1149390,
 author = {Zahn, Carmen and Hesse, Friedrich and Finke, Matthias and Pea, Roy and Mills, Michael and Rosen, Joseph},
 title = {Advanced Digital Video Technologies to Support Collaborative Learning in School Education and Beyond},
 booktitle = {Proceedings of th 2005 Conference on Computer Support for Collaborative Learning: Learning 2005: The Next 10 Years!},
 series = {CSCL '05},
 year = {2005},
 isbn = {0-8058-5782-6},
 location = {Taipei, Taiwan},
 pages = {737--742},
 numpages = {6},
 url = {http://dl.acm.org/citation.cfm?id=1149293.1149390},
 acmid = {1149390},
 publisher = {International Society of the Learning Sciences},
 keywords = {advanced video technologies in school education, cognitive tools, collaborative knowledge construction, teacher education},
}

@inproceedings{Garland:1999:FCT:1150240.1150260,
 author = {Garland, Iris and Teles, Lucio and Wang, Xinchun},
 title = {Fostering Creativity Through Cross-disciplinary Collaboration in an Online Dance Course},
 booktitle = {Proceedings of the 1999 Conference on Computer Support for Collaborative Learning},
 series = {CSCL '99},
 year = {1999},
 location = {Palo Alto, California},
 articleno = {20},
 url = {http://dl.acm.org/citation.cfm?id=1150240.1150260},
 acmid = {1150260},
 publisher = {International Society of the Learning Sciences},
 keywords = {best practices, computer-mediated communication, qualitative methods},
}

@inproceedings{Wolf:2018:CSF:3265757.3265780,
 author = {Wolf, Alexander and Wilhelm-Weidner, Arno and Nestmann, Uwe},
 title = {A Case Study of Flipped Classroom for Automata Theory in Secondary Education},
 booktitle = {Proceedings of the 13th Workshop in Primary and Secondary Computing Education},
 series = {WiPSCE '18},
 year = {2018},
 isbn = {978-1-4503-6588-8},
 location = {Potsdam, Germany},
 pages = {23:1--23:6},
 articleno = {23},
 numpages = {6},
 url = {http://doi.acm.org/10.1145/3265757.3265780},
 doi = {10.1145/3265757.3265780},
 acmid = {3265780},
 publisher = {ACM},
 address = {New York, NY, USA},
 keywords = {FLAT, finite automata, flipped classroom},
}

@inproceedings{Quintana:1999:SCS:302979.303136,
 author = {Quintana, Chris and Eng, Jim and Carra, Andrew and Wu, Hsin-Kai and Soloway, Elliot},
 title = {Symphony: A Case Study in Extending Learner-centered Design Through Process Space Analysis},
 booktitle = {Proceedings of the SIGCHI Conference on Human Factors in Computing Systems},
 series = {CHI '99},
 year = {1999},
 isbn = {0-201-48559-1},
 location = {Pittsburgh, Pennsylvania, USA},
 pages = {473--480},
 numpages = {8},
 url = {http://doi.acm.org/10.1145/302979.303136},
 doi = {10.1145/302979.303136},
 acmid = {303136},
 publisher = {ACM},
 address = {New York, NY, USA},
 keywords = {learner-centered design, process spaces, processes scaffolding, scaffolded integrated tool environments},
}

@inproceedings{Rigby:2009:ECR:1631728.1631801,
 author = {Rigby, Steven and Dark, Melissa J. and Ekstrom, Joseph J. and Rogers, Marcus},
 title = {The Efficacy of Cross-discipline Representations for Ill-defined Concepts},
 booktitle = {Proceedings of the 10th ACM Conference on SIG-information Technology Education},
 series = {SIGITE '09},
 year = {2009},
 isbn = {978-1-60558-765-3},
 location = {Fairfax, Virginia, USA},
 pages = {229--234},
 numpages = {6},
 url = {http://doi.acm.org/10.1145/1631728.1631801},
 doi = {10.1145/1631728.1631801},
 acmid = {1631801},
 publisher = {ACM},
 address = {New York, NY, USA},
 keywords = {ias education},
}

@inproceedings{Dede:2004:DRS:1149126.1149144,
 author = {Dede, Chris and Nelson, Brian and Ketelhut, Diane Jass and Clarke, Jody and Bowman, Cassie},
 title = {Design-based Research Strategies for Studying Situated Learning in a Multi-user Virtual Environment},
 booktitle = {Proceedings of the 6th International Conference on Learning Sciences},
 series = {ICLS '04},
 year = {2004},
 location = {Santa Monica, California},
 pages = {158--165},
 numpages = {8},
 url = {http://dl.acm.org/citation.cfm?id=1149126.1149144},
 acmid = {1149144},
 publisher = {International Society of the Learning Sciences},
}

@inproceedings{Rohde:2005:ECP:1149293.1149361,
 author = {Rohde, Markus and Klamma, Ralf and Wulf, Volker},
 title = {Establishing Communities of Practice Among Students and Start-up Companies},
 booktitle = {Proceedings of th 2005 Conference on Computer Support for Collaborative Learning: Learning 2005: The Next 10 Years!},
 series = {CSCL '05},
 year = {2005},
 isbn = {0-8058-5782-6},
 location = {Taipei, Taiwan},
 pages = {514--519},
 numpages = {6},
 url = {http://dl.acm.org/citation.cfm?id=1149293.1149361},
 acmid = {1149361},
 publisher = {International Society of the Learning Sciences},
 keywords = {communities of practice, regional start-up networks, social capital},
}

@inproceedings{Rubin:2013:ELT:2445196.2445388,
 author = {Rubin, Marc J.},
 title = {The Effectiveness of Live-coding to Teach Introductory Programming},
 booktitle = {Proceeding of the 44th ACM Technical Symposium on Computer Science Education},
 series = {SIGCSE '13},
 year = {2013},
 isbn = {978-1-4503-1868-6},
 location = {Denver, Colorado, USA},
 pages = {651--656},
 numpages = {6},
 url = {http://doi.acm.org/10.1145/2445196.2445388},
 doi = {10.1145/2445196.2445388},
 acmid = {2445388},
 publisher = {ACM},
 address = {New York, NY, USA},
 keywords = {introductory, live-coding, pedagogy, programming},
}

@article{Ellis:2015:TPE:2850426.2684812,
 author = {Ellis, Heidi J. C. and Hislop, Gregory W. and Jackson, Stoney and Postner, Lori},
 title = {Team Project Experiences in Humanitarian Free and Open Source Software (HFOSS)},
 journal = {Trans. Comput. Educ.},
 issue_date = {December 2015},
 volume = {15},
 number = {4},
 month = dec,
 year = {2015},
 issn = {1946-6226},
 pages = {18:1--18:23},
 articleno = {18},
 numpages = {23},
 url = {http://doi.acm.org/10.1145/2684812},
 doi = {10.1145/2684812},
 acmid = {2684812},
 publisher = {ACM},
 address = {New York, NY, USA},
 keywords = {Humanitarian free and open source software (HFOSS)},
}

@inproceedings{Conrad:1999:IEL:1150240.1150252,
 author = {Conrad,III, William H. and Zaritsky, Raul and Munroe, Michael},
 title = {Infusing Engaged Learning Strategies and Modeling Software into Sixth Grade Classrooms: The Achieving High Academic Standards Project (AHAS)},
 booktitle = {Proceedings of the 1999 Conference on Computer Support for Collaborative Learning},
 series = {CSCL '99},
 year = {1999},
 location = {Palo Alto, California},
 articleno = {12},
 url = {http://dl.acm.org/citation.cfm?id=1150240.1150252},
 acmid = {1150252},
 publisher = {International Society of the Learning Sciences},
 keywords = {collaboration (university/school/industry), improving classroom teaching, modeling tools and activities in education},
}

@inproceedings{Clegg:2006:PLI:1150034.1150048,
 author = {Clegg, Tamara and Gardner, Christina and Williams, Oriana and Kolodner, Janet},
 title = {Promoting Learning in Informal Learning Environments},
 booktitle = {Proceedings of the 7th International Conference on Learning Sciences},
 series = {ICLS '06},
 year = {2006},
 isbn = {0-8058-6174-2},
 location = {Bloomington, Indiana},
 pages = {92--98},
 numpages = {7},
 url = {http://dl.acm.org/citation.cfm?id=1150034.1150048},
 acmid = {1150048},
 publisher = {International Society of the Learning Sciences},
}

@inproceedings{Ott:2019:PTA:3286960.3286971,
 author = {Ott, Claudia and Meek, Nick},
 title = {Pair Teaching in Action},
 booktitle = {Proceedings of the Twenty-First Australasian Computing Education Conference},
 series = {ACE '19},
 year = {2019},
 isbn = {978-1-4503-6622-9},
 location = {Sydney, NSW, Australia},
 pages = {87--95},
 numpages = {9},
 url = {http://doi.acm.org/10.1145/3286960.3286971},
 doi = {10.1145/3286960.3286971},
 acmid = {3286971},
 publisher = {ACM},
 address = {New York, NY, USA},
 keywords = {Active Learning, Co Teaching, Pair Lecturing, Pair Teaching, Team Teaching},
}

@inproceedings{Carey:1998:DEM:274644.274661,
 author = {Carey, Tom and Mitchell, Slade and Peerenboom, Dan and Lytwyn, Mary},
 title = {Design Evolution in a Multimedia Tutorial on User-centered Design},
 booktitle = {Proceedings of the SIGCHI Conference on Human Factors in Computing Systems},
 series = {CHI '98},
 year = {1998},
 isbn = {0-201-30987-4},
 location = {Los Angeles, California, USA},
 pages = {109--116},
 numpages = {8},
 url = {http://dx.doi.org/10.1145/274644.274661},
 doi = {10.1145/274644.274661},
 acmid = {274661},
 publisher = {ACM Press/Addison-Wesley Publishing Co.},
 address = {New York, NY, USA},
 keywords = {HCI education, interaction design, multimedia, training, user-centered design},
}

@article{Hundhausen:2017:ILA:3135996.3105759,
 author = {Hundhausen, C. D. and Olivares, D. M. and Carter, A. S.},
 title = {IDE-Based Learning Analytics for Computing Education: A Process Model, Critical Review, and Research Agenda},
 journal = {Trans. Comput. Educ.},
 issue_date = {August 2017},
 volume = {17},
 number = {3},
 month = aug,
 year = {2017},
 issn = {1946-6226},
 pages = {11:1--11:26},
 articleno = {11},
 numpages = {26},
 url = {http://doi.acm.org/10.1145/3105759},
 doi = {10.1145/3105759},
 acmid = {3105759},
 publisher = {ACM},
 address = {New York, NY, USA},
 keywords = {Learning analytics, learning interventions, learning process data},
}

@article{Hundhausen:2017:ILA:3135995.3105759,
 author = {Hundhausen, C. D. and Olivares, D. M. and Carter, A. S.},
 title = {IDE-Based Learning Analytics for Computing Education: A Process Model, Critical Review, and Research Agenda},
 journal = {ACM Trans. Comput. Educ.},
 issue_date = {August 2017},
 volume = {17},
 number = {3},
 month = aug,
 year = {2017},
 issn = {1946-6226},
 pages = {11:1--11:26},
 articleno = {11},
 numpages = {26},
 url = {http://doi.acm.org/10.1145/3105759},
 doi = {10.1145/3105759},
 acmid = {3105759},
 publisher = {ACM},
 address = {New York, NY, USA},
 keywords = {Learning analytics, learning interventions, learning process data},
}

@inproceedings{Luchini:2003:PPC:642611.642668,
 author = {Luchini, Kathleen and Quintana, Chris and Soloway, Elliot},
 title = {Pocket PiCoMap: A Case Study in Designing and Assessing a Handheld Concept Mapping Tool for Learners},
 booktitle = {Proceedings of the SIGCHI Conference on Human Factors in Computing Systems},
 series = {CHI '03},
 year = {2003},
 isbn = {1-58113-630-7},
 location = {Ft. Lauderdale, Florida, USA},
 pages = {321--328},
 numpages = {8},
 url = {http://doi.acm.org/10.1145/642611.642668},
 doi = {10.1145/642611.642668},
 acmid = {642668},
 publisher = {ACM},
 address = {New York, NY, USA},
}

@inproceedings{Osin:1996:PRE:1161135.1161171,
 author = {Osin, Luis and Lesgold, Alan},
 title = {A Proposal for the Reengineering of the Educational System},
 booktitle = {Proceedings of the 1996 International Conference on Learning Sciences},
 series = {ICLS '96},
 year = {1996},
 isbn = {1-880094-23-1},
 location = {Evanston, Illinois},
 pages = {264--271},
 numpages = {8},
 url = {http://dl.acm.org/citation.cfm?id=1161135.1161171},
 acmid = {1161171},
 publisher = {International Society of the Learning Sciences},
}

@inproceedings{Torres:2018:GPC:3196709.3196795,
 author = {Torres, Cesar and Sterman, Sarah and Nicholas, Molly and Lin, Richard and Pai, Eric and Paulos, Eric},
 title = {Guardians of Practice: A Contextual Inquiry of Failure-Mitigation Strategies Within Creative Practices},
 booktitle = {Proceedings of the 2018 Designing Interactive Systems Conference},
 series = {DIS '18},
 year = {2018},
 isbn = {978-1-4503-5198-0},
 location = {Hong Kong, China},
 pages = {1259--1267},
 numpages = {9},
 url = {http://doi.acm.org/10.1145/3196709.3196795},
 doi = {10.1145/3196709.3196795},
 acmid = {3196795},
 publisher = {ACM},
 address = {New York, NY, USA},
 keywords = {creativity, error mitigation, failure design, makerspaces},
}

@inproceedings{Koedinger:2015:LSS:2724660.2724681,
 author = {Koedinger, Kenneth R. and Kim, Jihee and Jia, Julianna Zhuxin and McLaughlin, Elizabeth A. and Bier, Norman L.},
 title = {Learning is Not a Spectator Sport: Doing is Better Than Watching for Learning from a MOOC},
 booktitle = {Proceedings of the Second (2015) ACM Conference on Learning @ Scale},
 series = {L@S '15},
 year = {2015},
 isbn = {978-1-4503-3411-2},
 location = {Vancouver, BC, Canada},
 pages = {111--120},
 numpages = {10},
 url = {http://doi.acm.org/10.1145/2724660.2724681},
 doi = {10.1145/2724660.2724681},
 acmid = {2724681},
 publisher = {ACM},
 address = {New York, NY, USA},
 keywords = {course effectiveness, learning by doing, learning prediction, moocs, oer, open education},
}

@article{Sands:2019:ACL:3312531.3210577,
 author = {Sands, Philip},
 title = {Addressing Cognitive Load in the Computer Science Classroom},
 journal = {ACM Inroads},
 issue_date = {March 2019},
 volume = {10},
 number = {1},
 month = feb,
 year = {2019},
 issn = {2153-2184},
 pages = {44--51},
 numpages = {8},
 url = {http://doi.acm.org/10.1145/3210577},
 doi = {10.1145/3210577},
 acmid = {3210577},
 publisher = {ACM},
 address = {New York, NY, USA},
}

@inproceedings{Atolagbe:1997:ISD:268437.268789,
 author = {Atolagbe, Tajudeen A. and Hlupic, Vlatka and Taylor, Simon J. E. and Paul, Ray J.},
 title = {Interactive Strategies for Developing Intuitive Knowledge As Basis for Simulation Modeling Education},
 booktitle = {Proceedings of the 29th Conference on Winter Simulation},
 series = {WSC '97},
 year = {1997},
 isbn = {0-7803-4278-X},
 location = {Atlanta, Georgia, USA},
 pages = {1394--1402},
 numpages = {9},
 url = {http://dx.doi.org/10.1145/268437.268789},
 doi = {10.1145/268437.268789},
 acmid = {268789},
 publisher = {IEEE Computer Society},
 address = {Washington, DC, USA},
}

@inproceedings{Derry:2002:SSC:1658616.1658646,
 author = {Derry, Sharon J. and Siegel, Marcelle and Stampen, John},
 title = {The STEP System for Collaborative Case-based Teacher Education: Design, Evaluation \& Future Directions},
 booktitle = {Proceedings of the Conference on Computer Support for Collaborative Learning: Foundations for a CSCL Community},
 series = {CSCL '02},
 year = {2002},
 location = {Boulder, Colorado},
 pages = {209--216},
 numpages = {8},
 url = {http://dl.acm.org/citation.cfm?id=1658616.1658646},
 acmid = {1658646},
 publisher = {International Society of the Learning Sciences},
 keywords = {case-based learning, instructional web sites, problem-based learning, teacher education, video cases},
}

@inproceedings{Williams:2010:DSM:1854969.1854989,
 author = {Williams, Anthony and Ostwald, Michael and Askland, Hedda Haugen},
 title = {The Design Studio, Models of Creativity and the Education of Future Designers},
 booktitle = {Proceedings of the 1st DESIRE Network Conference on Creativity and Innovation in Design},
 series = {DESIRE '10},
 year = {2010},
 location = {Aarhus, Denmark},
 pages = {131--137},
 numpages = {7},
 url = {http://dl.acm.org/citation.cfm?id=1854969.1854989},
 acmid = {1854989},
 publisher = {Desire Network},
 address = {Lancaster, UK, UK},
 keywords = {assessment, creativity, design, design education, romanticism, the design studio},
}

@inproceedings{Abebe:2019:WPU:3287324.3287473,
 author = {Abebe, Michael and Glasbergen, Brad and Daudjee, Khuzaima},
 title = {WatDFS: A Project for Understanding Distributed Systems in the Undergraduate Curriculum},
 booktitle = {Proceedings of the 50th ACM Technical Symposium on Computer Science Education},
 series = {SIGCSE '19},
 year = {2019},
 isbn = {978-1-4503-5890-3},
 location = {Minneapolis, MN, USA},
 pages = {920--926},
 numpages = {7},
 url = {http://doi.acm.org/10.1145/3287324.3287473},
 doi = {10.1145/3287324.3287473},
 acmid = {3287473},
 publisher = {ACM},
 address = {New York, NY, USA},
 keywords = {distributed file systems, distributed systems, undergraduate curriculum, watdfs},
}

@inproceedings{Soloway:1996:LTP:238386.238476,
 author = {Soloway, Elliot and Jackson, Shari L. and Klein, Jonathan and Quintana, Chris and Reed, James and Spitulnik, Jeff and Stratford, Steven J. and Studer, Scott and Eng, Jim and Scala, Nancy},
 title = {Learning Theory in Practice: Case Studies of Learner-centered Design},
 booktitle = {Proceedings of the SIGCHI Conference on Human Factors in Computing Systems},
 series = {CHI '96},
 year = {1996},
 isbn = {0-89791-777-4},
 location = {Vancouver, British Columbia, Canada},
 pages = {189--196},
 numpages = {8},
 url = {http://doi.acm.org/10.1145/238386.238476},
 doi = {10.1145/238386.238476},
 acmid = {238476},
 publisher = {ACM},
 address = {New York, NY, USA},
 keywords = {case study, constructivism, educational applications, learner-centered design, scaffolding, science applications, socioculturalism},
}

@inproceedings{Kolas:2017:LTC:3162087.3162090,
 author = {Kol{\aa}s, Line and Munkvold, Robin Isfold},
 title = {Learning Through Construction: A Roller Coaster Ride of Academic Emotions?},
 booktitle = {Proceedings of the 6th Computer Science Education Research Conference},
 series = {CSERC '17},
 year = {2017},
 isbn = {978-1-4503-6338-9},
 location = {Helsinki, Finland},
 pages = {10--19},
 numpages = {10},
 url = {http://doi.acm.org/10.1145/3162087.3162090},
 doi = {10.1145/3162087.3162090},
 acmid = {3162090},
 publisher = {ACM},
 address = {New York, NY, USA},
 keywords = {Project work, academic emotions, learning through construction},
}

@inproceedings{Gaspar:2013:PRU:2512276.2512301,
 author = {Gaspar, Alessio and Langevin, Sarah and Boyer, Naomi and Tindell, Ralph},
 title = {A Preliminary Review of Undergraduate Programming Students' Perspectives on Writing Tests, Working with Others, \&\#38; Using Peer Testing},
 booktitle = {Proceedings of the 14th Annual ACM SIGITE Conference on Information Technology Education},
 series = {SIGITE '13},
 year = {2013},
 isbn = {978-1-4503-2239-3},
 location = {Orlando, Florida, USA},
 pages = {109--114},
 numpages = {6},
 url = {http://doi.acm.org/10.1145/2512276.2512301},
 doi = {10.1145/2512276.2512301},
 acmid = {2512301},
 publisher = {ACM},
 address = {New York, NY, USA},
 keywords = {novice programmers, peer testing, programming pedagogy},
}

@inproceedings{Moher:2006:EPS:1124772.1124875,
 author = {Moher, Tom},
 title = {Embedded Phenomena: Supporting Science Learning with Classroom-sized Distributed Simulations},
 booktitle = {Proceedings of the SIGCHI Conference on Human Factors in Computing Systems},
 series = {CHI '06},
 year = {2006},
 isbn = {1-59593-372-7},
 location = {Montr\&\#233;al, Qu\&\#233;bec, Canada},
 pages = {691--700},
 numpages = {10},
 url = {http://doi.acm.org/10.1145/1124772.1124875},
 doi = {10.1145/1124772.1124875},
 acmid = {1124875},
 publisher = {ACM},
 address = {New York, NY, USA},
 keywords = {classroom learning, embedded phenomena, science inquiry},
}

@inproceedings{Apedoe:2010:ERV:1854360.1854436,
 author = {Apedoe, Xornam S. and Mattis, Kristina V. and Rowden-Quince, Bianca and Schunn, Christian D.},
 title = {Examining the Role of Verbal Interaction in Team Success on a Design Challenge},
 booktitle = {Proceedings of the 9th International Conference of the Learning Sciences - Volume 1},
 series = {ICLS '10},
 year = {2010},
 location = {Chicago, Illinois},
 pages = {596--603},
 numpages = {8},
 url = {http://dl.acm.org/citation.cfm?id=1854360.1854436},
 acmid = {1854436},
 publisher = {International Society of the Learning Sciences},
}

@inproceedings{Moher:2010:STE:1854360.1854466,
 author = {Moher, Tom and Wiley, Jennifer and Jaeger, Allison and Silva, Brenda L\'{o}pez and Novellis, Francesco and Kilb, Deborah},
 title = {Spatial and Temporal Embedding for Science Inquiry: An Empirical Study of Student Learning},
 booktitle = {Proceedings of the 9th International Conference of the Learning Sciences - Volume 1},
 series = {ICLS '10},
 year = {2010},
 location = {Chicago, Illinois},
 pages = {826--833},
 numpages = {8},
 url = {http://dl.acm.org/citation.cfm?id=1854360.1854466},
 acmid = {1854466},
 publisher = {International Society of the Learning Sciences},
}

@inproceedings{Rummel:2008:NCC:1599936.1600036,
 author = {Rummel, Nikol and Weinberger, Armin and Wecker, Christof and Fischer, Frank and Meier, Anne and Voyiatzaki, Eleni and Kahrimanis, George and Spada, Hans and Avouris, Nikolaos and Walker, Erin and Koedinger, Kenneth R. and Ros{\'e}, Carolyn Penstein and Kumar, Rohit and Gweon, Gahgene and Wang, Yi-Chia and Joshi, Mahesh},
 title = {New Challenges in CSCL: Towards Adaptive Script Support},
 booktitle = {Proceedings of the 8th International Conference on International Conference for the Learning Sciences - Volume 3},
 series = {ICLS'08},
 year = {2008},
 location = {Utrecht, The Netherlands},
 pages = {338--345},
 numpages = {8},
 url = {http://dl.acm.org/citation.cfm?id=1599936.1600036},
 acmid = {1600036},
 publisher = {International Society of the Learning Sciences},
}

@inproceedings{Buffum:2014:CPG:2538862.2538949,
 author = {Buffum, Philip Sheridan and Martinez-Arocho, Allison G. and Frankosky, Megan Hardy and Rodriguez, Fernando J. and Wiebe, Eric N. and Boyer, Kristy Elizabeth},
 title = {CS Principles Goes to Middle School: Learning How to Teach "Big Data"},
 booktitle = {Proceedings of the 45th ACM Technical Symposium on Computer Science Education},
 series = {SIGCSE '14},
 year = {2014},
 isbn = {978-1-4503-2605-6},
 location = {Atlanta, Georgia, USA},
 pages = {151--156},
 numpages = {6},
 url = {http://doi.acm.org/10.1145/2538862.2538949},
 doi = {10.1145/2538862.2538949},
 acmid = {2538949},
 publisher = {ACM},
 address = {New York, NY, USA},
 keywords = {big data, computer science education, middle school},
}

@article{Soloway:1994:LDC:174809.174813,
 author = {Soloway, Elliot and Guzdial, Mark and Hay, Kenneth E.},
 title = {Learner-centered Design: The Challenge for HCI in the 21st Century},
 journal = {interactions},
 issue_date = {April 1994},
 volume = {1},
 number = {2},
 month = apr,
 year = {1994},
 issn = {1072-5520},
 pages = {36--48},
 numpages = {13},
 url = {http://doi.acm.org/10.1145/174809.174813},
 doi = {10.1145/174809.174813},
 acmid = {174813},
 publisher = {ACM},
 address = {New York, NY, USA},
}

@inproceedings{Mehlenbacher:2008:CDT:1456536.1456564,
 author = {Mehlenbacher, Brad},
 title = {Communication Design and Theories of Learning},
 booktitle = {Proceedings of the 26th Annual ACM International Conference on Design of Communication},
 series = {SIGDOC '08},
 year = {2008},
 isbn = {978-1-60558-083-8},
 location = {Lisbon, Portugal},
 pages = {139--146},
 numpages = {8},
 url = {http://doi.acm.org/10.1145/1456536.1456564},
 doi = {10.1145/1456536.1456564},
 acmid = {1456564},
 publisher = {ACM},
 address = {New York, NY, USA},
 keywords = {cognitive, communication, design, learning, learning theory, social, theory},
}

@inproceedings{Tzou:2010:MML:1854360.1854504,
 author = {Tzou, Carrie and Bell, Philip},
 title = {Micros and Me: Leveraging Home and Community Practices in Formal Science Instruction},
 booktitle = {Proceedings of the 9th International Conference of the Learning Sciences - Volume 1},
 series = {ICLS '10},
 year = {2010},
 location = {Chicago, Illinois},
 pages = {1127--1134},
 numpages = {8},
 url = {http://dl.acm.org/citation.cfm?id=1854360.1854504},
 acmid = {1854504},
 publisher = {International Society of the Learning Sciences},
}

@inproceedings{Quintana:2002:CSD:503376.503392,
 author = {Quintana, Chris and Krajcik, Joseph and Soloway, Elliot},
 title = {A Case Study to Distill Structural Scaffolding Guidelines for Scaffolded Software Environments},
 booktitle = {Proceedings of the SIGCHI Conference on Human Factors in Computing Systems},
 series = {CHI '02},
 year = {2002},
 isbn = {1-58113-453-3},
 location = {Minneapolis, Minnesota, USA},
 pages = {81--88},
 numpages = {8},
 url = {http://doi.acm.org/10.1145/503376.503392},
 doi = {10.1145/503376.503392},
 acmid = {503392},
 publisher = {ACM},
 address = {New York, NY, USA},
 keywords = {design guidelines, educational applications, scaffolding},
}

@inproceedings{Vihavainen:2013:MIE:2462476.2462508,
 author = {Vihavainen, Arto and Vikberg, Thomas and Luukkainen, Matti and Kurhila, Jaakko},
 title = {Massive Increase in Eager TAs: Experiences from Extreme Apprenticeship-based CS1},
 booktitle = {Proceedings of the 18th ACM Conference on Innovation and Technology in Computer Science Education},
 series = {ITiCSE '13},
 year = {2013},
 isbn = {978-1-4503-2078-8},
 location = {Canterbury, England, UK},
 pages = {123--128},
 numpages = {6},
 url = {http://doi.acm.org/10.1145/2462476.2462508},
 doi = {10.1145/2462476.2462508},
 acmid = {2462508},
 publisher = {ACM},
 address = {New York, NY, USA},
 keywords = {cognitive apprenticeship, extreme apprenticeship, scaffolding, teaching assistants},
}

@inproceedings{Kaar:2018:SRD:3232078.3232098,
 author = {Kaar, Claudia and Frysak, Josef and Stary, Christian},
 title = {Scaffolding RAMI4.0-Exploration As Design Support},
 booktitle = {Proceedings of the 36th European Conference on Cognitive Ergonomics},
 series = {ECCE'18},
 year = {2018},
 isbn = {978-1-4503-6449-2},
 location = {Utrecht, Netherlands},
 pages = {6:1--6:8},
 articleno = {6},
 numpages = {8},
 url = {http://doi.acm.org/10.1145/3232078.3232098},
 doi = {10.1145/3232078.3232098},
 acmid = {3232098},
 publisher = {ACM},
 address = {New York, NY, USA},
 keywords = {Digital Architecting, Exploration, Industry 4.0, MyJoghurt, RAMI4.0, Scaffolding},
}

@inproceedings{Nygren:2019:NAM:3304221.3319768,
 author = {Nygren, Henrik and Leinonen, Juho and Hellas, Arto},
 title = {Non-restricted Access to Model Solutions: A Good Idea?},
 booktitle = {Proceedings of the 2019 ACM Conference on Innovation and Technology in Computer Science Education},
 series = {ITiCSE '19},
 year = {2019},
 isbn = {978-1-4503-6301-3},
 location = {Aberdeen, Scotland Uk},
 pages = {44--50},
 numpages = {7},
 url = {http://doi.acm.org/10.1145/3304221.3319768},
 doi = {10.1145/3304221.3319768},
 acmid = {3319768},
 publisher = {ACM},
 address = {New York, NY, USA},
 keywords = {introductory programming, model solutions, sample solutions, self-regulation},
}

@inproceedings{Johri:2008:CPL:1599812.1599860,
 author = {Johri, Aditya and Lohani, Vinod K.},
 title = {Creating a Participatory Learning Environment in Large Lecture Classes Using Pen-based Computing},
 booktitle = {Proceedings of the 8th International Conference on International Conference for the Learning Sciences - Volume 1},
 series = {ICLS'08},
 year = {2008},
 location = {Utrecht, The Netherlands},
 pages = {398--405},
 numpages = {8},
 url = {http://dl.acm.org/citation.cfm?id=1599812.1599860},
 acmid = {1599860},
 publisher = {International Society of the Learning Sciences},
}

@inproceedings{Orth:2008:SML:1599871.1599890,
 author = {Orth, Cordula and Bastiaens, Theo J.},
 title = {Situated Multimedia Learning for Older Adults: Exploring the Benefits of Age-specific Instructional Design},
 booktitle = {Proceedings of the 8th International Conference on International Conference for the Learning Sciences - Volume 2},
 series = {ICLS'08},
 year = {2008},
 location = {Utrecht, The Netherlands},
 pages = {148--155},
 numpages = {8},
 url = {http://dl.acm.org/citation.cfm?id=1599871.1599890},
 acmid = {1599890},
 publisher = {International Society of the Learning Sciences},
}

@inproceedings{McCrigler:2017:LDW:3121113.3121229,
 author = {McCrigler, B.},
 title = {Learn by Doing...It Wrong: Lessons from Seven Years of Industry-led Service Learning},
 booktitle = {Proceedings of the 35th ACM International Conference on the Design of Communication},
 series = {SIGDOC '17},
 year = {2017},
 isbn = {978-1-4503-5160-7},
 location = {Halifax, Nova Scotia, Canada},
 pages = {32:1--32:7},
 articleno = {32},
 numpages = {7},
 url = {http://doi.acm.org/10.1145/3121113.3121229},
 doi = {10.1145/3121113.3121229},
 acmid = {3121229},
 publisher = {ACM},
 address = {New York, NY, USA},
}

@inproceedings{Wecker:2007:FSC:1599600.1599739,
 author = {Wecker, Christof and Fischer, Frank},
 title = {Fading Scripts in Computer-supported Collaborative Learning: The Role of Distributed Monitoring},
 booktitle = {Proceedings of the 8th Iternational Conference on Computer Supported Collaborative Learning},
 series = {CSCL'07},
 year = {2007},
 isbn = {978-0-6151-5436-7},
 location = {New Brunswick, New Jersey, USA},
 pages = {764--772},
 numpages = {9},
 url = {http://dl.acm.org/citation.cfm?id=1599600.1599739},
 acmid = {1599739},
 publisher = {International Society of the Learning Sciences},
}

@inproceedings{Hornung:2011:PCT:2094131.2094163,
 author = {Hornung, Malte and Schulte, Carsten},
 title = {ProspectiveTeachers@Research: CS Teacher Education Revised},
 booktitle = {Proceedings of the 11th Koli Calling International Conference on Computing Education Research},
 series = {Koli Calling '11},
 year = {2011},
 isbn = {978-1-4503-1052-9},
 location = {Koli, Finland},
 pages = {138--143},
 numpages = {6},
 url = {http://doi.acm.org/10.1145/2094131.2094163},
 doi = {10.1145/2094131.2094163},
 acmid = {2094163},
 publisher = {ACM},
 address = {New York, NY, USA},
 keywords = {CS, CS Ed research, educational research, pedagogy, school lab, teacher education},
}

@inproceedings{Hong:2008:IPK:1599812.1599856,
 author = {Hong, Huang-Yao and Lin, Xiaodong},
 title = {Introducing People Knowledge into Science Learning},
 booktitle = {Proceedings of the 8th International Conference on International Conference for the Learning Sciences - Volume 1},
 series = {ICLS'08},
 year = {2008},
 location = {Utrecht, The Netherlands},
 pages = {366--373},
 numpages = {8},
 url = {http://dl.acm.org/citation.cfm?id=1599812.1599856},
 acmid = {1599856},
 publisher = {International Society of the Learning Sciences},
}

@inproceedings{Falkner:2015:ESD:2819009.2819046,
 author = {Falkner, Katrina and Szabo, Claudia and Vivian, Rebecca and Falkner, Nickolas},
 title = {Evolution of Software Development Strategies},
 booktitle = {Proceedings of the 37th International Conference on Software Engineering - Volume 2},
 series = {ICSE '15},
 year = {2015},
 location = {Florence, Italy},
 pages = {243--252},
 numpages = {10},
 url = {http://dl.acm.org/citation.cfm?id=2819009.2819046},
 acmid = {2819046},
 publisher = {IEEE Press},
 address = {Piscataway, NJ, USA},
}

@inproceedings{Jones:2011:ITI:1953163.1953313,
 author = {Jones, Mary Elizabeth "M.E." and Kisthardt, Melanie and Cooper, Marie A.},
 title = {Interdisciplinary Teaching: Introductory Programming via Creative Writing},
 booktitle = {Proceedings of the 42Nd ACM Technical Symposium on Computer Science Education},
 series = {SIGCSE '11},
 year = {2011},
 isbn = {978-1-4503-0500-6},
 location = {Dallas, TX, USA},
 pages = {523--528},
 numpages = {6},
 url = {http://doi.acm.org/10.1145/1953163.1953313},
 doi = {10.1145/1953163.1953313},
 acmid = {1953313},
 publisher = {ACM},
 address = {New York, NY, USA},
 keywords = {alice programming, collaboration, creative writing, interdisciplinary teaching, introductory programming, national science foundation, pair programming, pedagogy},
}

@inproceedings{Newman:1988:SGS:62266.62290,
 author = {Newman, Denis},
 title = {Sixth Graders and Shared Data: Designing a LAN Environment to Support Collaborative Work},
 booktitle = {Proceedings of the 1988 ACM Conference on Computer-supported Cooperative Work},
 series = {CSCW '88},
 year = {1988},
 isbn = {0-89791-282-9},
 location = {Portland, Oregon, USA},
 pages = {291--305},
 numpages = {15},
 url = {http://doi.acm.org/10.1145/62266.62290},
 doi = {10.1145/62266.62290},
 acmid = {62290},
 publisher = {ACM},
 address = {New York, NY, USA},
}

@inproceedings{Newstetter:2008:LLI:1599936.1600030,
 author = {Newstetter, Wendy and Johri, Aditya and Wulf, Volker},
 title = {Laboratory Learning: Industry and University Research As Site for Situated and Distributed Cognition},
 booktitle = {Proceedings of the 8th International Conference on International Conference for the Learning Sciences - Volume 3},
 series = {ICLS'08},
 year = {2008},
 location = {Utrecht, The Netherlands},
 pages = {290--297},
 numpages = {8},
 url = {http://dl.acm.org/citation.cfm?id=1599936.1600030},
 acmid = {1600030},
 publisher = {International Society of the Learning Sciences},
}

@inproceedings{Connolly:2019:FBW:3287324.3287433,
 author = {Connolly, Randy},
 title = {Facing Backwards While Stumbling Forwards: The Future of Teaching Web Development},
 booktitle = {Proceedings of the 50th ACM Technical Symposium on Computer Science Education},
 series = {SIGCSE '19},
 year = {2019},
 isbn = {978-1-4503-5890-3},
 location = {Minneapolis, MN, USA},
 pages = {518--523},
 numpages = {6},
 url = {http://doi.acm.org/10.1145/3287324.3287433},
 doi = {10.1145/3287324.3287433},
 acmid = {3287433},
 publisher = {ACM},
 address = {New York, NY, USA},
 keywords = {cloud computing, cs education, web development},
}

@inproceedings{Malcolm:2008:ESC:1463689.1463761,
 author = {Malcolm, Peter and Moher, Tom and Bhatt, Darshan and Uphoff, Brian and L\'{o}pez-Silva, Brenda},
 title = {Embodying Scientific Concepts in the Physical Space of the Classroom},
 booktitle = {Proceedings of the 7th International Conference on Interaction Design and Children},
 series = {IDC '08},
 year = {2008},
 isbn = {978-1-59593-994-4},
 location = {Chicago, Illinois},
 pages = {234--241},
 numpages = {8},
 url = {http://doi.acm.org/10.1145/1463689.1463761},
 doi = {10.1145/1463689.1463761},
 acmid = {1463761},
 publisher = {ACM},
 address = {New York, NY, USA},
}

@inproceedings{Borge:2010:UCA:1854360.1854474,
 author = {Borge, Marcela and Carroll, John M.},
 title = {Using Collaborative Activity As a Means to Explore Student Performance and Understanding},
 booktitle = {Proceedings of the 9th International Conference of the Learning Sciences - Volume 1},
 series = {ICLS '10},
 year = {2010},
 location = {Chicago, Illinois},
 pages = {889--896},
 numpages = {8},
 url = {http://dl.acm.org/citation.cfm?id=1854360.1854474},
 acmid = {1854474},
 publisher = {International Society of the Learning Sciences},
}

@inproceedings{Chernobilsky:2005:PLO:1149293.1149301,
 author = {Chernobilsky, Ellina and Nagarajan, Anandi and Hmelo-Silver, Cindy E.},
 title = {Problem-based Learning Online: Multiple Perspectives on Collaborative Knowledge Construction},
 booktitle = {Proceedings of th 2005 Conference on Computer Support for Collaborative Learning: Learning 2005: The Next 10 Years!},
 series = {CSCL '05},
 year = {2005},
 isbn = {0-8058-5782-6},
 location = {Taipei, Taiwan},
 pages = {53--62},
 numpages = {10},
 url = {http://dl.acm.org/citation.cfm?id=1149293.1149301},
 acmid = {1149301},
 publisher = {International Society of the Learning Sciences},
 keywords = {collaboration, online learning, problem-based learning},
}

@inproceedings{Thiry:2019:FN:3287324.3287388,
 author = {Thiry, Heather and Hug, Sarah},
 title = {How Faculty Negotiate},
 booktitle = {Proceedings of the 50th ACM Technical Symposium on Computer Science Education},
 series = {SIGCSE '19},
 year = {2019},
 isbn = {978-1-4503-5890-3},
 location = {Minneapolis, MN, USA},
 pages = {1183--1189},
 numpages = {7},
 url = {http://doi.acm.org/10.1145/3287324.3287388},
 doi = {10.1145/3287324.3287388},
 acmid = {3287388},
 publisher = {ACM},
 address = {New York, NY, USA},
 keywords = {equity, faculty perspectives, qualitative research, teaching and learning},
}

@inproceedings{Fowler:2014:MLV:2677758.2677771,
 author = {Fowler, Allan and Cusack, Brian and Canossa, Alessandro},
 title = {Measuring Learning in Video Games: A Case Study},
 booktitle = {Proceedings of the 2014 Conference on Interactive Entertainment},
 series = {IE2014},
 year = {2014},
 isbn = {978-1-4503-2790-9},
 location = {Newcastle, NSW, Australia},
 pages = {3:1--3:7},
 articleno = {3},
 numpages = {7},
 url = {http://doi.acm.org/10.1145/2677758.2677771},
 doi = {10.1145/2677758.2677771},
 acmid = {2677771},
 publisher = {ACM},
 address = {New York, NY, USA},
 keywords = {Cognition, Endogenous blinking, Eye gaze data, Game-based learning, User engagement},
}

@article{Vat:2001:WAS:775339.775391,
 author = {Vat, Kam Hou},
 title = {Web-based Asynchronous Support for Collaborative Learning},
 journal = {J. Comput. Sci. Coll.},
 issue_date = {December 2001},
 volume = {17},
 number = {2},
 month = dec,
 year = {2001},
 issn = {1937-4771},
 pages = {326--344},
 numpages = {19},
 url = {http://dl.acm.org/citation.cfm?id=775339.775391},
 acmid = {775391},
 publisher = {Consortium for Computing Sciences in Colleges},
 address = {USA},
}

@inproceedings{Ehlenz:2018:LWD:3279720.3279724,
 author = {Ehlenz, Matthias and Leonhardt, Thiemo and Cherek, Christian and Wilkowska, Wiktoria and Schroeder, Ulrik},
 title = {The Lone Wolf Dies, the Pack Survives?: Analyzing a Computer Science Learning Application on a Multitouch-Tabletop},
 booktitle = {Proceedings of the 18th Koli Calling International Conference on Computing Education Research},
 series = {Koli Calling '18},
 year = {2018},
 isbn = {978-1-4503-6535-2},
 location = {Koli, Finland},
 pages = {4:1--4:8},
 articleno = {4},
 numpages = {8},
 url = {http://doi.acm.org/10.1145/3279720.3279724},
 doi = {10.1145/3279720.3279724},
 acmid = {3279724},
 publisher = {ACM},
 address = {New York, NY, USA},
 keywords = {big five inventory, collaborative learning, learning game, multi touch, pattern recognition, regular expressions, serious games, tabletops},
}

@inproceedings{Geist:2015:PLA:2831425.2833197,
 author = {Geist, Robert and Levine, Joshua A. and Westall, James},
 title = {A Problem-based Learning Approach to GPU Computing},
 booktitle = {Proceedings of the Workshop on Education for High-Performance Computing},
 series = {EduHPC '15},
 year = {2015},
 isbn = {978-1-4503-3961-2},
 location = {Austin, Texas},
 pages = {5:1--5:8},
 articleno = {5},
 numpages = {8},
 url = {http://doi.acm.org/10.1145/2831425.2833197},
 doi = {10.1145/2831425.2833197},
 acmid = {2833197},
 publisher = {ACM},
 address = {New York, NY, USA},
 keywords = {GPU, lattice-Boltzmann, problem-based learning},
}

@inproceedings{delVadoVirseda:2019:CAC:3300115.3309507,
 author = {del Vado V\'{\i}rseda, Rafael},
 title = {Computability and Algorithmic Complexity Questions in Secondary Education},
 booktitle = {Proceedings of the ACM Conference on Global Computing Education},
 series = {CompEd '19},
 year = {2019},
 isbn = {978-1-4503-6259-7},
 location = {Chengdu,Sichuan, China},
 pages = {51--57},
 numpages = {7},
 url = {http://doi.acm.org/10.1145/3300115.3309507},
 doi = {10.1145/3300115.3309507},
 acmid = {3309507},
 publisher = {ACM},
 address = {New York, NY, USA},
 keywords = {algorithmic complexity, computability theory, computing curricula, curriculum issues, undergraduate studies},
}

@article{Pears:2007:SLT:1345375.1345441,
 author = {Pears, Arnold and Seidman, Stephen and Malmi, Lauri and Mannila, Linda and Adams, Elizabeth and Bennedsen, Jens and Devlin, Marie and Paterson, James},
 title = {A Survey of Literature on the Teaching of Introductory Programming},
 journal = {SIGCSE Bull.},
 issue_date = {December 2007},
 volume = {39},
 number = {4},
 month = dec,
 year = {2007},
 issn = {0097-8418},
 pages = {204--223},
 numpages = {20},
 url = {http://doi.acm.org/10.1145/1345375.1345441},
 doi = {10.1145/1345375.1345441},
 acmid = {1345441},
 publisher = {ACM},
 address = {New York, NY, USA},
 keywords = {bibliography, computing education research, introductory programming, literature survey, teaching},
}

@inproceedings{Pears:2007:SLT:1345443.1345441,
 author = {Pears, Arnold and Seidman, Stephen and Malmi, Lauri and Mannila, Linda and Adams, Elizabeth and Bennedsen, Jens and Devlin, Marie and Paterson, James},
 title = {A Survey of Literature on the Teaching of Introductory Programming},
 booktitle = {Working Group Reports on ITiCSE on Innovation and Technology in Computer Science Education},
 series = {ITiCSE-WGR '07},
 year = {2007},
 location = {Dundee, Scotland},
 pages = {204--223},
 numpages = {20},
 url = {http://doi.acm.org/10.1145/1345443.1345441},
 doi = {10.1145/1345443.1345441},
 acmid = {1345441},
 publisher = {ACM},
 address = {New York, NY, USA},
 keywords = {bibliography, computing education research, introductory programming, literature survey, teaching},
}

@article{Hu:2013:UPH:2499947.2499950,
 author = {Hu, Helen H. and Shepherd, Tricia D.},
 title = {Using POGIL to Help Students Learn to Program},
 journal = {Trans. Comput. Educ.},
 issue_date = {August 2013},
 volume = {13},
 number = {3},
 month = aug,
 year = {2013},
 issn = {1946-6226},
 pages = {13:1--13:23},
 articleno = {13},
 numpages = {23},
 url = {http://doi.acm.org/10.1145/2499947.2499950},
 doi = {10.1145/2499947.2499950},
 acmid = {2499950},
 publisher = {ACM},
 address = {New York, NY, USA},
 keywords = {POGIL, active learning, inquiry-based learning, process skills, process-oriented guided inquiry learning},
}

@article{Long:2017:EGI:3086563.3057889,
 author = {Long, Yanjin and Aleven, Vincent},
 title = {Educational Game and Intelligent Tutoring System: A Classroom Study and Comparative Design Analysis},
 journal = {ACM Trans. Comput.-Hum. Interact.},
 issue_date = {July 2017},
 volume = {24},
 number = {3},
 month = apr,
 year = {2017},
 issn = {1073-0516},
 pages = {20:1--20:27},
 articleno = {20},
 numpages = {27},
 url = {http://doi.acm.org/10.1145/3057889},
 doi = {10.1145/3057889},
 acmid = {3057889},
 publisher = {ACM},
 address = {New York, NY, USA},
 keywords = {<i>dragonbox 12+</i>, <i>lynnette</i>, Educational games, classroom experiment, enjoyment, intelligent tutoring systems, out-of-system transfer of learning},
}

@inproceedings{Shaffer:2005:WCC:1149293.1149371,
 author = {Shaffer, David Williamson and Clinton, Katherine A.},
 title = {Why All CSL is CL: Distributed Mind and the Future of Computer Supported Collaborative Learning},
 booktitle = {Proceedings of th 2005 Conference on Computer Support for Collaborative Learning: Learning 2005: The Next 10 Years!},
 series = {CSCL '05},
 year = {2005},
 isbn = {0-8058-5782-6},
 location = {Taipei, Taiwan},
 pages = {592--601},
 numpages = {10},
 url = {http://dl.acm.org/citation.cfm?id=1149293.1149371},
 acmid = {1149371},
 publisher = {International Society of the Learning Sciences},
 keywords = {activity systems, distributed mind, sociocultural theories, virtual culture},
}

@inproceedings{Pellas:2013:VCI:2490257.2490278,
 author = {Pellas, Nikolaos and Peroutseas, Efstratios and Kazanidis, Ioannis},
 title = {Virtual Communities of Inquiry (VCoI) for Learning Basic Algorithmic Structures with Open Simulator and Scratch4OS: A Case Study from the Secondary Education in Greece},
 booktitle = {Proceedings of the 6th Balkan Conference in Informatics},
 series = {BCI '13},
 year = {2013},
 isbn = {978-1-4503-1851-8},
 location = {Thessaloniki, Greece},
 pages = {187--194},
 numpages = {8},
 url = {http://doi.acm.org/10.1145/2490257.2490278},
 doi = {10.1145/2490257.2490278},
 acmid = {2490278},
 publisher = {ACM},
 address = {New York, NY, USA},
 keywords = {factors, open source virtual worlds, secondary education, virtual communities of inquiry},
}

@article{Linn:1992:CCS:131295.131301,
 author = {Linn, Marcia C. and Clancy, Michael J.},
 title = {The Case for Case Studies of Programming Problems},
 journal = {Commun. ACM},
 issue_date = {March 1992},
 volume = {35},
 number = {3},
 month = mar,
 year = {1992},
 issn = {0001-0782},
 pages = {121--132},
 numpages = {12},
 url = {http://doi.acm.org/10.1145/131295.131301},
 doi = {10.1145/131295.131301},
 acmid = {131301},
 publisher = {ACM},
 address = {New York, NY, USA},
 keywords = {Pascal, apprenticeship learning, case studies, computer science education, curriculum materials, design skills, introductory programming, knowledge organization, literate programming},
}

@inproceedings{Gardner:2007:TMC:1599600.1599642,
 author = {Gardner, Christina M. and Kolodner, Janet L.},
 title = {Turning on Minds with Computers in the Kitchen: Supporting Group Reflection in the Midst of Engaging in Hands-on Activities},
 booktitle = {Proceedings of the 8th Iternational Conference on Computer Supported Collaborative Learning},
 series = {CSCL'07},
 year = {2007},
 isbn = {978-0-6151-5436-7},
 location = {New Brunswick, New Jersey, USA},
 pages = {212--221},
 numpages = {10},
 url = {http://dl.acm.org/citation.cfm?id=1599600.1599642},
 acmid = {1599642},
 publisher = {International Society of the Learning Sciences},
}

@inproceedings{Lukkarinen:2016:CTC:2999541.2999551,
 author = {Lukkarinen, Aleksi and Sorva, Juha},
 title = {Classifying the Tools of Contextualized Programming Education and Forms of Media Computation},
 booktitle = {Proceedings of the 16th Koli Calling International Conference on Computing Education Research},
 series = {Koli Calling '16},
 year = {2016},
 isbn = {978-1-4503-4770-9},
 location = {Koli, Finland},
 pages = {51--60},
 numpages = {10},
 url = {http://doi.acm.org/10.1145/2999541.2999551},
 doi = {10.1145/2999541.2999551},
 acmid = {2999551},
 publisher = {ACM},
 address = {New York, NY, USA},
 keywords = {classification, contextualized education, media computation, programming education, review, tools},
}

@inproceedings{Firpo:2009:IOI:1542130.1542142,
 author = {Firpo, Daniel and Kasemvilas, Sumonta and Ractham, Peter and Zhang, Xuesong},
 title = {Implementation of an Online Intellectual Community in a Graduate Educational Setting},
 booktitle = {Proceedings of the Special Interest Group on Management Information System's 47th Annual Conference on Computer Personnel Research},
 series = {SIGMIS CPR '09},
 year = {2009},
 isbn = {978-1-60558-427-0},
 location = {Limerick, Ireland},
 pages = {63--72},
 numpages = {10},
 url = {http://doi.acm.org/10.1145/1542130.1542142},
 doi = {10.1145/1542130.1542142},
 acmid = {1542142},
 publisher = {ACM},
 address = {New York, NY, USA},
 keywords = {community of practice, web 2.0},
}

@inproceedings{Klamma:2009:KMP:1631111.1631125,
 author = {Klamma, Ralf and Spaniol, Marc and Jarke, Matthias},
 title = {Knowledge Multimedia Processes in Technology Enhanced Learning},
 booktitle = {Proceedings of the First ACM International Workshop on Multimedia Technologies for Distance Learning},
 series = {MTDL '09},
 year = {2009},
 isbn = {978-1-60558-757-8},
 location = {Beijing, China},
 pages = {77--86},
 numpages = {10},
 url = {http://doi.acm.org/10.1145/1631111.1631125},
 doi = {10.1145/1631111.1631125},
 acmid = {1631125},
 publisher = {ACM},
 address = {New York, NY, USA},
 keywords = {knowledge management, media theory, multimedia process model, technology enhanced learning},
}

@inproceedings{Lee:2011:PPT:2016911.2016934,
 author = {Lee, Michael J. and Ko, Andrew J.},
 title = {Personifying Programming Tool Feedback Improves Novice Programmers' Learning},
 booktitle = {Proceedings of the Seventh International Workshop on Computing Education Research},
 series = {ICER '11},
 year = {2011},
 isbn = {978-1-4503-0829-8},
 location = {Providence, Rhode Island, USA},
 pages = {109--116},
 numpages = {8},
 url = {http://doi.acm.org/10.1145/2016911.2016934},
 doi = {10.1145/2016911.2016934},
 acmid = {2016934},
 publisher = {ACM},
 address = {New York, NY, USA},
 keywords = {debugging, education, motivation, personification, programming},
}

@inproceedings{Strazdins:2008:ACP:1379249.1379263,
 author = {Strazdins, Peter},
 title = {Applying the Community of Practice Approach to Individual IT Projects},
 booktitle = {Proceedings of the Tenth Conference on Australasian Computing Education - Volume 78},
 series = {ACE '08},
 year = {2008},
 isbn = {978-1-920682-59-0},
 location = {Wollongong, NSW, Australia},
 pages = {137--146},
 numpages = {10},
 url = {http://dl.acm.org/citation.cfm?id=1379249.1379263},
 acmid = {1379263},
 publisher = {Australian Computer Society, Inc.},
 address = {Darlinghurst, Australia, Australia},
}

@inproceedings{Krusche:2017:CLC:3103028.3103043,
 author = {Krusche, Stephan and Bruegge, Bernd and Camilleri, Irina and Krinkin, Kirill and Seitz, Andreas and W\"{o}bker, Cecil},
 title = {Chaordic Learning: A Case Study},
 booktitle = {Proceedings of the 39th International Conference on Software Engineering: Software Engineering and Education Track},
 series = {ICSE-SEET '17},
 year = {2017},
 isbn = {978-1-5386-2671-9},
 location = {Buenos Aires, Argentina},
 pages = {87--96},
 numpages = {10},
 url = {https://doi.org/10.1109/ICSE-SEET.2017.21},
 doi = {10.1109/ICSE-SEET.2017.21},
 acmid = {3103043},
 publisher = {IEEE Press},
 address = {Piscataway, NJ, USA},
 keywords = {agile methods, chaos, creativity, experiential learning, order, self-guided learning, self-organization},
}

@inproceedings{Krusche:2017:ILI:3013499.3013513,
 author = {Krusche, Stephan and Seitz, Andreas and B\"{o}rstler, J\"{u}rgen and Bruegge, Bernd},
 title = {Interactive Learning: Increasing Student Participation Through Shorter Exercise Cycles},
 booktitle = {Proceedings of the Nineteenth Australasian Computing Education Conference},
 series = {ACE '17},
 year = {2017},
 isbn = {978-1-4503-4823-2},
 location = {Geelong, VIC, Australia},
 pages = {17--26},
 numpages = {10},
 url = {http://doi.acm.org/10.1145/3013499.3013513},
 doi = {10.1145/3013499.3013513},
 acmid = {3013513},
 publisher = {ACM},
 address = {New York, NY, USA},
 keywords = {Active Learning, Computing Education, Experiential Learning, Feedback, Reflection, Software Engineering},
}

@inproceedings{Dow:2013:PSU:2470654.2470686,
 author = {Dow, Steven and Gerber, Elizabeth and Wong, Audris},
 title = {A Pilot Study of Using Crowds in the Classroom},
 booktitle = {Proceedings of the SIGCHI Conference on Human Factors in Computing Systems},
 series = {CHI '13},
 year = {2013},
 isbn = {978-1-4503-1899-0},
 location = {Paris, France},
 pages = {227--236},
 numpages = {10},
 url = {http://doi.acm.org/10.1145/2470654.2470686},
 doi = {10.1145/2470654.2470686},
 acmid = {2470686},
 publisher = {ACM},
 address = {New York, NY, USA},
 keywords = {crowdsourcing, education, feedback, innovation},
}

@inproceedings{Moraveji:2011:CFD:1978942.1979203,
 author = {Moraveji, Neema and Morris, Meredith and Morris, Daniel and Czerwinski, Mary and Henry Riche, Nathalie},
 title = {ClassSearch: Facilitating the Development of Web Search Skills Through Social Learning},
 booktitle = {Proceedings of the SIGCHI Conference on Human Factors in Computing Systems},
 series = {CHI '11},
 year = {2011},
 isbn = {978-1-4503-0228-9},
 location = {Vancouver, BC, Canada},
 pages = {1797--1806},
 numpages = {10},
 url = {http://doi.acm.org/10.1145/1978942.1979203},
 doi = {10.1145/1978942.1979203},
 acmid = {1979203},
 publisher = {ACM},
 address = {New York, NY, USA},
 keywords = {education, search expertise, web search},
}

@inproceedings{Gero:2019:MAC:3290605.3300526,
 author = {Gero, Katy Ilonka and Chilton, Lydia B.},
 title = {Metaphoria: An Algorithmic Companion for Metaphor Creation},
 booktitle = {Proceedings of the 2019 CHI Conference on Human Factors in Computing Systems},
 series = {CHI '19},
 year = {2019},
 isbn = {978-1-4503-5970-2},
 location = {Glasgow, Scotland Uk},
 pages = {296:1--296:12},
 articleno = {296},
 numpages = {12},
 url = {http://doi.acm.org/10.1145/3290605.3300526},
 doi = {10.1145/3290605.3300526},
 acmid = {3300526},
 publisher = {ACM},
 address = {New York, NY, USA},
 keywords = {co-creativity, generative art, human-computer collaboration, natural language processing, writing support},
}

@inproceedings{Morch:2004:WLL:1011870.1011888,
 author = {M{\o}rch, Anders I. and Engen, B{\aa}rd Ketil and \AAsand, Hege-Ren{\'e} Hansen},
 title = {The Workplace As a Learning Laboratory: The Winding Road to E-learning in a Norwegian Service Company},
 booktitle = {Proceedings of the Eighth Conference on Participatory Design: Artful Integration: Interweaving Media, Materials and Practices - Volume 1},
 series = {PDC 04},
 year = {2004},
 isbn = {1-58113-851-2},
 location = {Toronto, Ontario, Canada},
 pages = {142--151},
 numpages = {10},
 url = {http://doi.acm.org/10.1145/1011870.1011888},
 doi = {10.1145/1011870.1011888},
 acmid = {1011888},
 publisher = {ACM},
 address = {New York, NY, USA},
 keywords = {e-learning, learning-on-demand, organization of work, role-playing, workplace learning},
}

@inproceedings{Knobelsdorf:2016:ASP:2960310.2960331,
 author = {Knobelsdorf, Maria and Frede, Christiane},
 title = {Analyzing Student Practices in Theory of Computation in Light of Distributed Cognition Theory},
 booktitle = {Proceedings of the 2016 ACM Conference on International Computing Education Research},
 series = {ICER '16},
 year = {2016},
 isbn = {978-1-4503-4449-4},
 location = {Melbourne, VIC, Australia},
 pages = {73--81},
 numpages = {9},
 url = {http://doi.acm.org/10.1145/2960310.2960331},
 doi = {10.1145/2960310.2960331},
 acmid = {2960331},
 publisher = {ACM},
 address = {New York, NY, USA},
 keywords = {cs ed, distributed cognition theory, ethnographical approach, np-completeness proofs, observational study, qualitative research, students, theory of computation},
}

@inproceedings{Coetzee:2014:YMF:2531602.2531657,
 author = {Coetzee, Derrick and Fox, Armando and Hearst, Marti A. and Hartmann, Bj\"{o}rn},
 title = {Should Your MOOC Forum Use a Reputation System?},
 booktitle = {Proceedings of the 17th ACM Conference on Computer Supported Cooperative Work \&\#38; Social Computing},
 series = {CSCW '14},
 year = {2014},
 isbn = {978-1-4503-2540-0},
 location = {Baltimore, Maryland, USA},
 pages = {1176--1187},
 numpages = {12},
 url = {http://doi.acm.org/10.1145/2531602.2531657},
 doi = {10.1145/2531602.2531657},
 acmid = {2531657},
 publisher = {ACM},
 address = {New York, NY, USA},
 keywords = {forum, massive open online course, mooc, reputation system},
}

@inproceedings{Gasson:1998:FDS:353053.353073,
 author = {Gasson, Susan},
 title = {Framing Design: A Social Process View of Information System Development},
 booktitle = {Proceedings of the International Conference on Information Systems},
 series = {ICIS '98},
 year = {1998},
 location = {Helsinki, Finland},
 pages = {224--236},
 numpages = {13},
 url = {http://dl.acm.org/citation.cfm?id=353053.353073},
 acmid = {353073},
 publisher = {Association for Information Systems},
 address = {Atlanta, GA, USA},
 keywords = {IS development approaches, socio-technical design, systems design},
}

@inproceedings{Tomaschko:2017:IMS:3151848.3151866,
 author = {Tomaschko, Melanie and Hohenwarter, Markus},
 title = {Integrating Mobile and Sensory Technologies in Mathematics Education},
 booktitle = {Proceedings of the 15th International Conference on Advances in Mobile Computing \& Multimedia},
 series = {MoMM2017},
 year = {2017},
 isbn = {978-1-4503-5300-7},
 location = {Salzburg, Austria},
 pages = {39--48},
 numpages = {10},
 url = {http://doi.acm.org/10.1145/3151848.3151866},
 doi = {10.1145/3151848.3151866},
 acmid = {3151866},
 publisher = {ACM},
 address = {New York, NY, USA},
 keywords = {Sensor technologies, context-aware learning, mathematics education, mobile learning},
}

@inproceedings{Twine:2011:EWC:2072221.2072249,
 author = {Twine, Andrew and Brown, Irwin},
 title = {Evaluating Web Conferencing Tool Effectiveness},
 booktitle = {Proceedings of the South African Institute of Computer Scientists and Information Technologists Conference on Knowledge, Innovation and Leadership in a Diverse, Multidisciplinary Environment},
 series = {SAICSIT '11},
 year = {2011},
 isbn = {978-1-4503-0878-6},
 location = {Cape Town, South Africa},
 pages = {239--248},
 numpages = {10},
 url = {http://doi.acm.org/10.1145/2072221.2072249},
 doi = {10.1145/2072221.2072249},
 acmid = {2072249},
 publisher = {ACM},
 address = {New York, NY, USA},
 keywords = {DeLone and McLean, IS success, web conferencing},
}

@inproceedings{Rupakheti:2015:TSA:2819009.2819079,
 author = {Rupakheti, Chandan R. and Chenoweth, Stephen},
 title = {Teaching Software Architecture to Undergraduate Students: An Experience Report},
 booktitle = {Proceedings of the 37th International Conference on Software Engineering - Volume 2},
 series = {ICSE '15},
 year = {2015},
 location = {Florence, Italy},
 pages = {445--454},
 numpages = {10},
 url = {http://dl.acm.org/citation.cfm?id=2819009.2819079},
 acmid = {2819079},
 publisher = {IEEE Press},
 address = {Piscataway, NJ, USA},
 keywords = {course evolution, project-based learning, software architecture},
}

@inproceedings{Hart:2009:BIP:1562741.1562749,
 author = {Hart, Mike},
 title = {Business Intelligence Projects in Second Year Information Systems Courses},
 booktitle = {Proceedings of the 2009 Annual Conference of the Southern African Computer Lecturers' Association},
 series = {SACLA '09},
 year = {2009},
 isbn = {978-1-60558-683-0},
 location = {Eastern Cape, South Africa},
 pages = {68--75},
 numpages = {8},
 url = {http://doi.acm.org/10.1145/1562741.1562749},
 doi = {10.1145/1562741.1562749},
 acmid = {1562749},
 publisher = {ACM},
 address = {New York, NY, USA},
}

@inproceedings{Stary:2013:SWP:2501907.2501936,
 author = {Stary, Christian},
 title = {Semantic Work Process Analysis: A Reflexive Stakeholder Articulation Approach},
 booktitle = {Proceedings of the 31st European Conference on Cognitive Ergonomics},
 series = {ECCE '13},
 year = {2013},
 isbn = {978-1-4503-2251-5},
 location = {Toulouse, France},
 pages = {5:1--5:9},
 articleno = {5},
 numpages = {9},
 url = {http://doi.acm.org/10.1145/2501907.2501936},
 doi = {10.1145/2501907.2501936},
 acmid = {2501936},
 publisher = {ACM},
 address = {New York, NY, USA},
 keywords = {articulation, concept mapping, notation, representation, semantic process modelling, value networks, work knowledge},
}

@inproceedings{Oppl:2017:BPE:3040565.3040568,
 author = {Oppl, Stefan},
 title = {Business Process Elaboration Through Virtual Enactment},
 booktitle = {Proceedings of the 9th Conference on Subject-oriented Business Process Management},
 series = {S-BPM ONE '17},
 year = {2017},
 isbn = {978-1-4503-4862-1},
 location = {Darmstadt, Germany},
 pages = {7:1--7:11},
 articleno = {7},
 numpages = {11},
 url = {http://doi.acm.org/10.1145/3040565.3040568},
 doi = {10.1145/3040565.3040568},
 acmid = {3040568},
 publisher = {ACM},
 address = {New York, NY, USA},
 keywords = {Business process prototyping, Business process validation, Process enactment, Scaffolding},
}

@inproceedings{Pata:2005:CSS:1149293.1149356,
 author = {Pata, Kai and Sarapuu, Tago and Archee, Raymond},
 title = {Collaborative Scaffolding in Synchronous Environment: Congruity and Antagonism of Tutor/Student Facilitation Acts},
 booktitle = {Proceedings of th 2005 Conference on Computer Support for Collaborative Learning: Learning 2005: The Next 10 Years!},
 series = {CSCL '05},
 year = {2005},
 isbn = {0-8058-5782-6},
 location = {Taipei, Taiwan},
 pages = {484--493},
 numpages = {10},
 url = {http://dl.acm.org/citation.cfm?id=1149293.1149356},
 acmid = {1149356},
 publisher = {International Society of the Learning Sciences},
 keywords = {collaborative scaffolding, supporting dilemma solving, synchronous learning},
}

@inproceedings{Tobey:2015:VMI:2751957.2751963,
 author = {Tobey, David H.},
 title = {A Vignette-based Method for Improving Cybersecurity Talent Management Through Cyber Defense Competition Design},
 booktitle = {Proceedings of the 2015 ACM SIGMIS Conference on Computers and People Research},
 series = {SIGMIS-CPR '15},
 year = {2015},
 isbn = {978-1-4503-3557-7},
 location = {Newport Beach, California, USA},
 pages = {31--39},
 numpages = {9},
 url = {http://doi.acm.org/10.1145/2751957.2751963},
 doi = {10.1145/2751957.2751963},
 acmid = {2751963},
 publisher = {ACM},
 address = {New York, NY, USA},
 keywords = {aptitude, competency model, critical incident, cyber defense competition, game balance, job performance model, ksa, talent management, vignette},
}

@article{Paterson:2009:PPS:1594399.1594401,
 author = {Paterson, J. H. and Cheng, K. F. and Haddow, J.},
 title = {PatternCoder: A Programming Support Tool for Learning Binary Class Associations and Design Patterns},
 journal = {Trans. Comput. Educ.},
 issue_date = {September 2009},
 volume = {9},
 number = {3},
 month = sep,
 year = {2009},
 issn = {1946-6226},
 pages = {16:1--16:22},
 articleno = {16},
 numpages = {22},
 url = {http://doi.acm.org/10.1145/1594399.1594401},
 doi = {10.1145/1594399.1594401},
 acmid = {1594401},
 publisher = {ACM},
 address = {New York, NY, USA},
 keywords = {Java, UML, associations, patterns},
}

@article{Hubwieser:2012:CSE:2382564.2382568,
 author = {Hubwieser, Peter},
 title = {Computer Science Education in Secondary Schools -- The Introduction of a New Compulsory Subject},
 journal = {Trans. Comput. Educ.},
 issue_date = {November 2012},
 volume = {12},
 number = {4},
 month = nov,
 year = {2012},
 issn = {1946-6226},
 pages = {16:1--16:41},
 articleno = {16},
 numpages = {41},
 url = {http://doi.acm.org/10.1145/2382564.2382568},
 doi = {10.1145/2382564.2382568},
 acmid = {2382568},
 publisher = {ACM},
 address = {New York, NY, USA},
 keywords = {Compulsory subject, Darmstadt model, object-oriented modeling and programming, objects-first},
}

@inproceedings{Tillmann:2013:TLP:2486788.2486941,
 author = {Tillmann, Nikolai and De Halleux, Jonathan and Xie, Tao and Gulwani, Sumit and Bishop, Judith},
 title = {Teaching and Learning Programming and Software Engineering via Interactive Gaming},
 booktitle = {Proceedings of the 2013 International Conference on Software Engineering},
 series = {ICSE '13},
 year = {2013},
 isbn = {978-1-4673-3076-3},
 location = {San Francisco, CA, USA},
 pages = {1117--1126},
 numpages = {10},
 url = {http://dl.acm.org/citation.cfm?id=2486788.2486941},
 acmid = {2486941},
 publisher = {IEEE Press},
 address = {Piscataway, NJ, USA},
}

@inproceedings{McGill:2015:OIC:2787622.2787711,
 author = {McGill, Monica M. and Decker, Adrienne and Settle, Amber},
 title = {Does Outreach Impact Choices of Major for Underrepresented Undergraduate Students?},
 booktitle = {Proceedings of the Eleventh Annual International Conference on International Computing Education Research},
 series = {ICER '15},
 year = {2015},
 isbn = {978-1-4503-3630-7},
 location = {Omaha, Nebraska, USA},
 pages = {71--80},
 numpages = {10},
 url = {http://doi.acm.org/10.1145/2787622.2787711},
 doi = {10.1145/2787622.2787711},
 acmid = {2787711},
 publisher = {ACM},
 address = {New York, NY, USA},
 keywords = {choice of major, computing outreach, effectiveness, impact, minorities, underrepresented groups in computing},
}

@inproceedings{Luxton-Reilly:2018:IPS:3293881.3295779,
 author = {Luxton-Reilly, Andrew and Simon and Albluwi, Ibrahim and Becker, Brett A. and Giannakos, Michail and Kumar, Amruth N. and Ott, Linda and Paterson, James and Scott, Michael James and Sheard, Judy and Szabo, Claudia},
 title = {Introductory Programming: A Systematic Literature Review},
 booktitle = {Proceedings Companion of the 23rd Annual ACM Conference on Innovation and Technology in Computer Science Education},
 series = {ITiCSE 2018 Companion},
 year = {2018},
 isbn = {978-1-4503-6223-8},
 location = {Larnaca, Cyprus},
 pages = {55--106},
 numpages = {52},
 url = {http://doi.acm.org/10.1145/3293881.3295779},
 doi = {10.1145/3293881.3295779},
 acmid = {3295779},
 publisher = {ACM},
 address = {New York, NY, USA},
 keywords = {CS1, ITiCSE working group, SLR, introductory programming, literature review, novice programming, overview, review, systematic literature review, systematic review},
}

@proceedings{Dougherty:2014:2538862,
 title = {SIGCSE '14: Proceedings of the 45th ACM Technical Symposium on Computer Science Education},
 year = {2014},
 isbn = {978-1-4503-2605-6},
 location = {Atlanta, Georgia, USA},
 note = {457141},
 publisher = {ACM},
 address = {New York, NY, USA},
}

@article{Bhavnani:2008:SIL:1352782.1352784,
 author = {Bhavnani, Suresh K. and Peck, Frederick A. and Reif, Frederick},
 title = {Strategy-Based Instruction: Lessons Learned in Teaching the Effective and Efficient Use of Computer Applications},
 journal = {ACM Trans. Comput.-Hum. Interact.},
 issue_date = {May 2008},
 volume = {15},
 number = {1},
 month = may,
 year = {2008},
 issn = {1073-0516},
 pages = {2:1--2:43},
 articleno = {2},
 numpages = {43},
 url = {http://doi.acm.org/10.1145/1352782.1352784},
 doi = {10.1145/1352782.1352784},
 acmid = {1352784},
 publisher = {ACM},
 address = {New York, NY, USA},
 keywords = {Strategies, strategy-based instruction, teaching, training},
}

@inproceedings{Kang:2019:PPS:3311927.3323135,
 author = {Kang, Seokbin and Norooz, Leyla and Bonsignore, Elizabeth and Byrne, Virginia and Clegg, Tamara and Froehlich, Jon E.},
 title = {PrototypAR: Prototyping and Simulating Complex Systems with Paper Craft and Augmented Reality},
 booktitle = {Proceedings of the 18th ACM International Conference on Interaction Design and Children},
 series = {IDC '19},
 year = {2019},
 isbn = {978-1-4503-6690-8},
 location = {Boise, ID, USA},
 pages = {253--266},
 numpages = {14},
 url = {http://doi.acm.org/10.1145/3311927.3323135},
 doi = {10.1145/3311927.3323135},
 acmid = {3323135},
 publisher = {ACM},
 address = {New York, NY, USA},
 keywords = {Augmented reality, Children, Learning, Tangible interaction},
}

@inproceedings{Lepe-Salazar:2015:MAD:2832932.2832951,
 author = {Lepe-Salazar, Francisco},
 title = {A Model to Analyze and Design Educational Games with Pedagogical Foundations},
 booktitle = {Proceedings of the 12th International Conference on Advances in Computer Entertainment Technology},
 series = {ACE '15},
 year = {2015},
 isbn = {978-1-4503-3852-3},
 location = {Iskandar, Malaysia},
 pages = {1:1--1:14},
 articleno = {1},
 numpages = {14},
 url = {http://doi.acm.org/10.1145/2832932.2832951},
 doi = {10.1145/2832932.2832951},
 acmid = {2832951},
 publisher = {ACM},
 address = {New York, NY, USA},
 keywords = {educational games, game design, learning sciences, learning theories, model, pedagogy, serious games},
}

@article{Chen:2013:SCA:2562181.2524264,
 author = {Chen, Zhi-Hong and Chen, Sherry Y.},
 title = {A Surrogate Competition Approach to Enhancing Game-based Learning},
 journal = {ACM Trans. Comput.-Hum. Interact.},
 issue_date = {December 2013},
 volume = {20},
 number = {6},
 month = dec,
 year = {2013},
 issn = {1073-0516},
 pages = {35:1--35:24},
 articleno = {35},
 numpages = {24},
 url = {http://doi.acm.org/10.1145/2524264},
 doi = {10.1145/2524264},
 acmid = {2524264},
 publisher = {ACM},
 address = {New York, NY, USA},
 keywords = {Competition, attribution, game-based learning, learning achievement, motivation, surrogate},
}

@article{Wang:2018:ETL:3290265.3274447,
 author = {Wang, Nai-Ching and Hicks, David and Luther, Kurt},
 title = {Exploring Trade-Offs Between Learning and Productivity in Crowdsourced History},
 journal = {Proc. ACM Hum.-Comput. Interact.},
 issue_date = {November 2018},
 volume = {2},
 number = {CSCW},
 month = nov,
 year = {2018},
 issn = {2573-0142},
 pages = {178:1--178:24},
 articleno = {178},
 numpages = {24},
 url = {http://doi.acm.org/10.1145/3274447},
 doi = {10.1145/3274447},
 acmid = {3274447},
 publisher = {ACM},
 address = {New York, NY, USA},
 keywords = {analytical thinking, crowdsourcing, domain expertise, historical thinking, history, learning, productivity, scim-c},
}

@inproceedings{Zhang:2017:ARS:2998181.2998199,
 author = {Zhang, Haoqi and Easterday, Matthew W. and Gerber, Elizabeth M. and Rees Lewis, Daniel and Maliakal, Leesha},
 title = {Agile Research Studios: Orchestrating Communities of Practice to Advance Research Training},
 booktitle = {Proceedings of the 2017 ACM Conference on Computer Supported Cooperative Work and Social Computing},
 series = {CSCW '17},
 year = {2017},
 isbn = {978-1-4503-4335-0},
 location = {Portland, Oregon, USA},
 pages = {220--232},
 numpages = {13},
 url = {http://doi.acm.org/10.1145/2998181.2998199},
 doi = {10.1145/2998181.2998199},
 acmid = {2998199},
 publisher = {ACM},
 address = {New York, NY, USA},
 keywords = {agile research, community of practice, regulation skills, research training, self-directed learning, socially shared regulation of learning, socio-technical systems},
}

@article{Magana:2013:IDC:2543488.2534971,
 author = {Magana, Alejandra J. and Falk, Michael L. and Reese,Jr., Michael J.},
 title = {Introducing Discipline-Based Computing in Undergraduate Engineering Education},
 journal = {Trans. Comput. Educ.},
 issue_date = {November 2013},
 volume = {13},
 number = {4},
 month = nov,
 year = {2013},
 issn = {1946-6226},
 pages = {16:1--16:22},
 articleno = {16},
 numpages = {22},
 url = {http://doi.acm.org/10.1145/2534971},
 doi = {10.1145/2534971},
 acmid = {2534971},
 publisher = {ACM},
 address = {New York, NY, USA},
 keywords = {Innovative pedagogies, discipline-based computing, engineering domains, how people learn framework, student-centered pedagogies},
}

@inproceedings{Morgan:2018:UIB:3174781.3174782,
 author = {Morgan, Michael and Sinclair, Jane and Butler, Matthew and Thota, Neena and Fraser, Janet and Cross, Gerry and Jackova, Jana},
 title = {Understanding International Benchmarks on Student Engagement: Awareness and Research Alignment from a Computer Science Perspective},
 booktitle = {Proceedings of the 2017 ITiCSE Conference on Working Group Reports},
 series = {ITiCSE-WGR '17},
 year = {2017},
 isbn = {978-1-4503-5627-5},
 location = {Bologna, Italy},
 pages = {1--24},
 numpages = {24},
 url = {http://doi.acm.org/10.1145/3174781.3174782},
 doi = {10.1145/3174781.3174782},
 acmid = {3174782},
 publisher = {ACM},
 address = {New York, NY, USA},
 keywords = {computing education, higher education, international benchmarks, student engagement},
}

@article{Schaefer:2006:CPS:1142958.1142962,
 author = {Schaefer, Robert},
 title = {A Critical Programmer Searches for Professionalism},
 journal = {SIGSOFT Softw. Eng. Notes},
 issue_date = {July 2006},
 volume = {31},
 number = {4},
 month = jul,
 year = {2006},
 issn = {0163-5948},
 pages = {1--17},
 numpages = {17},
 url = {http://doi.acm.org/10.1145/1142958.1142962},
 doi = {10.1145/1142958.1142962},
 acmid = {1142962},
 publisher = {ACM},
 address = {New York, NY, USA},
}

@article{Talon:2012:DCI:2275597.2275598,
 author = {Talon, B{\'e}n{\'e}dicte and Sagar, Mouldi and Kolski, Christophe},
 title = {Developing Competence in Interactive Systems: The GRASP Tool for the Design or Redesign of Pedagogical ICT Devices},
 journal = {Trans. Comput. Educ.},
 issue_date = {July 2012},
 volume = {12},
 number = {3},
 month = jul,
 year = {2012},
 issn = {1946-6226},
 pages = {9:1--9:43},
 articleno = {9},
 numpages = {43},
 url = {http://doi.acm.org/10.1145/2275597.2275598},
 doi = {10.1145/2275597.2275598},
 acmid = {2275598},
 publisher = {ACM},
 address = {New York, NY, USA},
 keywords = {GRASP, Pedagogical devices design, active pedagogy, competence training, design tool, interactive systems education and training},
}

@article{Keuning:2018:SLR:3282284.3231711,
 author = {Keuning, Hieke and Jeuring, Johan and Heeren, Bastiaan},
 title = {A Systematic Literature Review of Automated Feedback Generation for Programming Exercises},
 journal = {ACM Trans. Comput. Educ.},
 issue_date = {January 2019},
 volume = {19},
 number = {1},
 month = sep,
 year = {2018},
 issn = {1946-6226},
 pages = {3:1--3:43},
 articleno = {3},
 numpages = {43},
 url = {http://doi.acm.org/10.1145/3231711},
 doi = {10.1145/3231711},
 acmid = {3231711},
 publisher = {ACM},
 address = {New York, NY, USA},
 keywords = {Systematic literature review, automated feedback, learning programming, programming tools},
}

