@inproceedings{Sweller:2008:EBH:1404520.1404521,
 author = {Sweller, John},
 title = {Evolutionary Bases of Human Cognitive Architecture: Implications for Computing Education},
 booktitle = {Proceedings of the Fourth International Workshop on Computing Education Research},
 series = {ICER '08},
 year = {2008},
 isbn = {978-1-60558-216-0},
 location = {Sydney, Australia},
 pages = {1--2},
 numpages = {2},
 url = {http://doi.acm.org/10.1145/1404520.1404521},
 doi = {10.1145/1404520.1404521},
 acmid = {1404521},
 publisher = {ACM},
 address = {New York, NY, USA},
 keywords = {cognition, cognitive load theory, instruction},
}

@inproceedings{Gray:2007:SGE:1288580.1288594,
 author = {Gray, Simon and St. Clair, Caroline and James, Richard and Mead, Jerry},
 title = {Suggestions for Graduated Exposure to Programming Concepts Using Fading Worked Examples},
 booktitle = {Proceedings of the Third International Workshop on Computing Education Research},
 series = {ICER '07},
 year = {2007},
 isbn = {978-1-59593-841-1},
 location = {Atlanta, Georgia, USA},
 pages = {99--110},
 numpages = {12},
 url = {http://doi.acm.org/10.1145/1288580.1288594},
 doi = {10.1145/1288580.1288594},
 acmid = {1288594},
 publisher = {ACM},
 address = {New York, NY, USA},
 keywords = {cognitive load theory, fading worked examples},
}

@inproceedings{Skudder:2014:WEC:2667490.2667497,
 author = {Skudder, Ben and Luxton-Reilly, Andrew},
 title = {Worked Examples in Computer Science},
 booktitle = {Proceedings of the Sixteenth Australasian Computing Education Conference - Volume 148},
 series = {ACE '14},
 year = {2014},
 isbn = {978-1-921770-31-9},
 location = {Auckland, New Zealand},
 pages = {59--64},
 numpages = {6},
 url = {http://dl.acm.org/citation.cfm?id=2667490.2667497},
 acmid = {2667497},
 publisher = {Australian Computer Society, Inc.},
 address = {Darlinghurst, Australia, Australia},
 keywords = {cognition, cognitive load theory, learning, worked examples},
}

@inproceedings{DesPortes:2016:LCP:2960310.2960349,
 author = {DesPortes, Kayla},
 title = {Learning and Collaboration in Physical Computing},
 booktitle = {Proceedings of the 2016 ACM Conference on International Computing Education Research},
 series = {ICER '16},
 year = {2016},
 isbn = {978-1-4503-4449-4},
 location = {Melbourne, VIC, Australia},
 pages = {283--284},
 numpages = {2},
 url = {http://doi.acm.org/10.1145/2960310.2960349},
 doi = {10.1145/2960310.2960349},
 acmid = {2960349},
 publisher = {ACM},
 address = {New York, NY, USA},
 keywords = {cognitive load theory, distributed cognition, physical computing},
}

@inproceedings{Sweller:2016:CLT:2839509.2844549,
 author = {Sweller, John},
 title = {Cognitive Load Theory and Computer Science Education},
 booktitle = {Proceedings of the 47th ACM Technical Symposium on Computing Science Education},
 series = {SIGCSE '16},
 year = {2016},
 isbn = {978-1-4503-3685-7},
 location = {Memphis, Tennessee, USA},
 pages = {1--1},
 numpages = {1},
 url = {http://doi.acm.org/10.1145/2839509.2844549},
 doi = {10.1145/2839509.2844549},
 acmid = {2844549},
 publisher = {ACM},
 address = {New York, NY, USA},
 keywords = {cognitive load theory, human cognition, instructional design},
}

@inproceedings{Tirronen:2012:DEL:2401796.2401805,
 author = {Tirronen, Ville and Isom\"{o}tt\"{o}nen, Ville},
 title = {On the Design of Effective Learning Materials for Supporting Self-directed Learning of Programming},
 booktitle = {Proceedings of the 12th Koli Calling International Conference on Computing Education Research},
 series = {Koli Calling '12},
 year = {2012},
 isbn = {978-1-4503-1795-5},
 location = {Koli, Finland},
 pages = {74--82},
 numpages = {9},
 url = {http://doi.acm.org/10.1145/2401796.2401805},
 doi = {10.1145/2401796.2401805},
 acmid = {2401805},
 publisher = {ACM},
 address = {New York, NY, USA},
 keywords = {cognitive load theory, functional programming, programming education, self-direction},
}

@inproceedings{Morrison:2014:MCL:2632320.2632348,
 author = {Morrison, Briana B. and Dorn, Brian and Guzdial, Mark},
 title = {Measuring Cognitive Load in Introductory CS: Adaptation of an Instrument},
 booktitle = {Proceedings of the Tenth Annual Conference on International Computing Education Research},
 series = {ICER '14},
 year = {2014},
 isbn = {978-1-4503-2755-8},
 location = {Glasgow, Scotland, United Kingdom},
 pages = {131--138},
 numpages = {8},
 url = {http://doi.acm.org/10.1145/2632320.2632348},
 doi = {10.1145/2632320.2632348},
 acmid = {2632348},
 publisher = {ACM},
 address = {New York, NY, USA},
 keywords = {cognitive load theory, confirmatory factor analysis, measuring cognitive load, survey},
}

@inproceedings{Mason:2016:FAC:2960310.2960321,
 author = {Mason, Raina and Simon and Cooper, Graham and Wilks, Barry},
 title = {Flipping the Assessment of Cognitive Load: Why and How},
 booktitle = {Proceedings of the 2016 ACM Conference on International Computing Education Research},
 series = {ICER '16},
 year = {2016},
 isbn = {978-1-4503-4449-4},
 location = {Melbourne, VIC, Australia},
 pages = {43--52},
 numpages = {10},
 url = {http://doi.acm.org/10.1145/2960310.2960321},
 doi = {10.1145/2960310.2960321},
 acmid = {2960321},
 publisher = {ACM},
 address = {New York, NY, USA},
 keywords = {cognitive load theory, computing education, mobile apps, programming education},
}

@inproceedings{Herold:2014:LTA:2662253.2662303,
 author = {H{\'e}rold, Jean-Fran\c{c}ois},
 title = {Learning with an IT Tool: Analysis of the Student's Activity},
 booktitle = {Proceedings of the XV International Conference on Human Computer Interaction},
 series = {Interacci\&\#243;n '14},
 year = {2014},
 isbn = {978-1-4503-2880-7},
 location = {Puerto de la Cruz, Tenerife, Spain},
 pages = {50:1--50:4},
 articleno = {50},
 numpages = {4},
 url = {http://doi.acm.org/10.1145/2662253.2662303},
 doi = {10.1145/2662253.2662303},
 acmid = {2662303},
 publisher = {ACM},
 address = {New York, NY, USA},
 keywords = {Analysis of activity, Cognitive load theory, Information Technology, Interaction, Learning},
}

@inproceedings{Morrison:2019:USL:3287324.3287540,
 author = {Morrison, Briana and Margulieux, Lauren and Decker, Adrienne},
 title = {Using Subgoal Labeling in Teaching CS1},
 booktitle = {Proceedings of the 50th ACM Technical Symposium on Computer Science Education},
 series = {SIGCSE '19},
 year = {2019},
 isbn = {978-1-4503-5890-3},
 location = {Minneapolis, MN, USA},
 pages = {1237--1237},
 numpages = {1},
 url = {http://doi.acm.org/10.1145/3287324.3287540},
 doi = {10.1145/3287324.3287540},
 acmid = {3287540},
 publisher = {ACM},
 address = {New York, NY, USA},
 keywords = {cognitive load theory, cs1, introductory programming, subgoal labels, worked examples},
}

@inproceedings{Zhi:2018:EIS:3159450.3159519,
 author = {Zhi, Rui and Lytle, Nicholas and Price, Thomas W.},
 title = {Exploring Instructional Support Design in an Educational Game for K-12 Computing Education},
 booktitle = {Proceedings of the 49th ACM Technical Symposium on Computer Science Education},
 series = {SIGCSE '18},
 year = {2018},
 isbn = {978-1-4503-5103-4},
 location = {Baltimore, Maryland, USA},
 pages = {747--752},
 numpages = {6},
 url = {http://doi.acm.org/10.1145/3159450.3159519},
 doi = {10.1145/3159450.3159519},
 acmid = {3159519},
 publisher = {ACM},
 address = {New York, NY, USA},
 keywords = {cognitive load theory, debugging, instructional support, programming game, worked examples},
}

@inproceedings{Duran:2018:TAP:3230977.3230986,
 author = {Duran, Rodrigo and Sorva, Juha and Leite, Sofia},
 title = {Towards an Analysis of Program Complexity From a Cognitive Perspective},
 booktitle = {Proceedings of the 2018 ACM Conference on International Computing Education Research},
 series = {ICER '18},
 year = {2018},
 isbn = {978-1-4503-5628-2},
 location = {Espoo, Finland},
 pages = {21--30},
 numpages = {10},
 url = {http://doi.acm.org/10.1145/3230977.3230986},
 doi = {10.1145/3230977.3230986},
 acmid = {3230986},
 publisher = {ACM},
 address = {New York, NY, USA},
 keywords = {cognitive load theory, complexity, model of hierarchical complexity, plan-composition strategies, program cognitive complexity},
}

@inproceedings{Deegan:2013:MDC:2493190.2493228,
 author = {Deegan, Robin},
 title = {Managing Distractions in Complex Settings},
 booktitle = {Proceedings of the 15th International Conference on Human-computer Interaction with Mobile Devices and Services},
 series = {MobileHCI '13},
 year = {2013},
 isbn = {978-1-4503-2273-7},
 location = {Munich, Germany},
 pages = {147--150},
 numpages = {4},
 url = {http://doi.acm.org/10.1145/2493190.2493228},
 doi = {10.1145/2493190.2493228},
 acmid = {2493228},
 publisher = {ACM},
 address = {New York, NY, USA},
 keywords = {cognitive load theory, cognitive science, mobile hci, mobile learning, mobile usability},
}

@inproceedings{Nelson:2018:UTC:3230977.3230992,
 author = {Nelson, Greg L. and Ko, Andrew J.},
 title = {On Use of Theory in Computing Education Research},
 booktitle = {Proceedings of the 2018 ACM Conference on International Computing Education Research},
 series = {ICER '18},
 year = {2018},
 isbn = {978-1-4503-5628-2},
 location = {Espoo, Finland},
 pages = {31--39},
 numpages = {9},
 url = {http://doi.acm.org/10.1145/3230977.3230992},
 doi = {10.1145/3230977.3230992},
 acmid = {3230992},
 publisher = {ACM},
 address = {New York, NY, USA},
 keywords = {cognitive load theory, design, design science, domain-specific theory, peer review, publication bias, theory},
}

@inproceedings{Elting:2002:DMS:502716.502728,
 author = {Elting, Christian and Zwickel, Jan and Malaka, Rainer},
 title = {Device-dependant Modality Selection for User-interfaces: An Empirical Study},
 booktitle = {Proceedings of the 7th International Conference on Intelligent User Interfaces},
 series = {IUI '02},
 year = {2002},
 isbn = {1-58113-459-2},
 location = {San Francisco, California, USA},
 pages = {55--62},
 numpages = {8},
 url = {http://doi.acm.org/10.1145/502716.502728},
 doi = {10.1145/502716.502728},
 acmid = {502728},
 publisher = {ACM},
 address = {New York, NY, USA},
 keywords = {cognitive load theory, device adaptation, multi-modal, user interfaces, user studies},
}

@inproceedings{Duran:2018:TID:3230977.3231007,
 author = {Duran, Rodrigo},
 title = {Towards an Instructional Design of Complex Learning in Introductory Programming Courses},
 booktitle = {Proceedings of the 2018 ACM Conference on International Computing Education Research},
 series = {ICER '18},
 year = {2018},
 isbn = {978-1-4503-5628-2},
 location = {Espoo, Finland},
 pages = {262--263},
 numpages = {2},
 url = {http://doi.acm.org/10.1145/3230977.3231007},
 doi = {10.1145/3230977.3231007},
 acmid = {3231007},
 publisher = {ACM},
 address = {New York, NY, USA},
 keywords = {cognitive load theory, complexity, model of hierarchical complexity, plan-composition strategies, program cognitive complexity},
}

@inproceedings{Kodagoda:2009:UIS:1690508.1690554,
 author = {Kodagoda, Neesha and Wong, B. L. William and Khan, Nawaz},
 title = {User Interface Sketching to Improve Low and High Literacy User Information Seeking on Government and Social Service Websites},
 booktitle = {European Conference on Cognitive Ergonomics: Designing Beyond the Product --- Understanding Activity and User Experience in Ubiquitous Environments},
 series = {ECCE '09},
 year = {2009},
 isbn = {978-951-38-6340-1},
 location = {Helsinki, Finland},
 pages = {32:1--32:9},
 articleno = {32},
 numpages = {9},
 url = {http://dl.acm.org/citation.cfm?id=1690508.1690554},
 acmid = {1690554},
 publisher = {VTT Technical Research Centre of Finland},
 address = {VTT, Finland, Finland},
 keywords = {behaviour characteristics, cognitive load theory, focus plus context, low and high literacy, sketching},
}

@inproceedings{Kaunang:2019:PSP:3306500.3306529,
 author = {Kaunang, Sumenge Tangkawarouw Godion and Pertiwi, Junita Maja},
 title = {Portray of Student Preference on e-Learning Complex Course Based on Gender},
 booktitle = {Proceedings of the 10th International Conference on E-Education, E-Business, E-Management and E-Learning},
 series = {IC4E '19},
 year = {2019},
 isbn = {978-1-4503-6602-1},
 location = {Tokyo, Japan},
 pages = {23--27},
 numpages = {5},
 url = {http://doi.acm.org/10.1145/3306500.3306529},
 doi = {10.1145/3306500.3306529},
 acmid = {3306529},
 publisher = {ACM},
 address = {New York, NY, USA},
 keywords = {Indonesia, cognitive load theory, connected knowing, e-learning method, separated knowing, way of knowing},
}

@article{Baker:2009:LTR:1578012.1578013,
 author = {Baker, Ken A.},
 title = {Learning Theory and the Re-education of Older Software Engineers},
 journal = {SIGITERes. IT},
 issue_date = {July 2009},
 volume = {6},
 number = {2},
 month = jul,
 year = {2009},
 issn = {1944-0278},
 pages = {2--10},
 numpages = {9},
 url = {http://doi.acm.org/10.1145/1578012.1578013},
 doi = {10.1145/1578012.1578013},
 acmid = {1578013},
 publisher = {ACM},
 address = {New York, NY, USA},
 keywords = {behaviorist, cognitive, cognitive load theory, learning theory, memory and motivation, paradigm shift, social learning},
}

@inproceedings{Park:2016:EVC:2896387.2896419,
 author = {Park, Seyoung and Lee, Jae-Gil and Kim, So-Jeong and Shin, Dong-Hee},
 title = {The Effect of Visual Cueing in 3D Animations for Learning Procedural-manipulative Tasks: From the Perspective of Cognitive Load Theory},
 booktitle = {Proceedings of the International Conference on Internet of Things and Cloud Computing},
 series = {ICC '16},
 year = {2016},
 isbn = {978-1-4503-4063-2},
 location = {Cambridge, United Kingdom},
 pages = {34:1--34:4},
 articleno = {34},
 numpages = {4},
 url = {http://doi.acm.org/10.1145/2896387.2896419},
 doi = {10.1145/2896387.2896419},
 acmid = {2896419},
 publisher = {ACM},
 address = {New York, NY, USA},
 keywords = {3D animation, cognitive load theory, multimedia learning, procedural-manipulative task, transient information effect, visual cueing},
}

@inproceedings{Seton:2016:DDD:2843043.2843366,
 author = {Seton, Carolyn and Mason, Raina},
 title = {Decreasing the Digital Divide: Analysing the UI Requirements of Older Australians},
 booktitle = {Proceedings of the Australasian Computer Science Week Multiconference},
 series = {ACSW '16},
 year = {2016},
 isbn = {978-1-4503-4042-7},
 location = {Canberra, Australia},
 pages = {53:1--53:10},
 articleno = {53},
 numpages = {10},
 url = {http://doi.acm.org/10.1145/2843043.2843366},
 doi = {10.1145/2843043.2843366},
 acmid = {2843366},
 publisher = {ACM},
 address = {New York, NY, USA},
 keywords = {HCI, application of cognitive load theory, human computer interaction, older users, user interface design},
}

@inproceedings{Gwizdka:2010:UST:1962300.1962345,
 author = {Gwizdka, Jacek},
 title = {Using Stroop Task to Assess Cognitive Load},
 booktitle = {Proceedings of the 28th Annual European Conference on Cognitive Ergonomics},
 series = {ECCE '10},
 year = {2010},
 isbn = {978-1-60558-946-6},
 location = {Delft, Netherlands},
 pages = {219--222},
 numpages = {4},
 url = {http://doi.acm.org/10.1145/1962300.1962345},
 doi = {10.1145/1962300.1962345},
 acmid = {1962345},
 publisher = {ACM},
 address = {New York, NY, USA},
 keywords = {cognitive load, cognitive load theory, dual-task paradigm, experimentation, measurement, user models},
}

@inproceedings{Oviatt:2006:HDM:1180639.1180831,
 author = {Oviatt, Sharon},
 title = {Human-centered Design Meets Cognitive Load Theory: Designing Interfaces That Help People Think},
 booktitle = {Proceedings of the 14th ACM International Conference on Multimedia},
 series = {MM '06},
 year = {2006},
 isbn = {1-59593-447-2},
 location = {Santa Barbara, CA, USA},
 pages = {871--880},
 numpages = {10},
 url = {http://doi.acm.org/10.1145/1180639.1180831},
 doi = {10.1145/1180639.1180831},
 acmid = {1180831},
 publisher = {ACM},
 address = {New York, NY, USA},
 keywords = {cognitive load, educational interfaces, human-centered design, mobile interfaces, multimodal interfaces, pen-based interfaces, performance metrics, robustness, spoken language interfaces, tangible interfaces, usability},
}

@inproceedings{Morrison:2013:UCL:2493394.2493425,
 author = {Morrison, Briana B.},
 title = {Using Cognitive Load Theory to Improve the Efficiency of Learning to Program},
 booktitle = {Proceedings of the Ninth Annual International ACM Conference on International Computing Education Research},
 series = {ICER '13},
 year = {2013},
 isbn = {978-1-4503-2243-0},
 location = {San Diego, San California, USA},
 pages = {183--184},
 numpages = {2},
 url = {http://doi.acm.org/10.1145/2493394.2493425},
 doi = {10.1145/2493394.2493425},
 acmid = {2493425},
 publisher = {ACM},
 address = {New York, NY, USA},
 keywords = {multi-medium code explanation, worked examples.},
}

@article{Shin:2016:EMD:2954340.2914797,
 author = {Shin, Shin-Shing},
 title = {Evaluation of Model Driven Architecture-Based Instruction for Understanding Phase Transitions in Object-Oriented Analysis and Design},
 journal = {Trans. Comput. Educ.},
 issue_date = {October 2016},
 volume = {16},
 number = {4},
 month = aug,
 year = {2016},
 issn = {1946-6226},
 pages = {17:1--17:21},
 articleno = {17},
 numpages = {21},
 url = {http://doi.acm.org/10.1145/2914797},
 doi = {10.1145/2914797},
 acmid = {2914797},
 publisher = {ACM},
 address = {New York, NY, USA},
 keywords = {Cognitive load theory, model driven architecture, object-oriented analysis and design, phase transition, representation format, split-attention effect},
}

@inproceedings{Hossain:2011:CLU:2038476.2038503,
 author = {Hossain, Gahangir and Shaik, Akbar S. and Yeasin, Mohammed},
 title = {Cognitive Load and Usability Analysis of R-MAP for the People Who Are Blind or Visual Impaired},
 booktitle = {Proceedings of the 29th ACM International Conference on Design of Communication},
 series = {SIGDOC '11},
 year = {2011},
 isbn = {978-1-4503-0936-3},
 location = {Pisa, Italy},
 pages = {137--144},
 numpages = {8},
 url = {http://doi.acm.org/10.1145/2038476.2038503},
 doi = {10.1145/2038476.2038503},
 acmid = {2038503},
 publisher = {ACM},
 address = {New York, NY, USA},
 keywords = {android phone, assistive technology, cognitive load, cognitive load theory, ocr, sonification, usability, virtual sound, working memory load},
}

@inproceedings{Feinberg:2000:ACL:504800.504855,
 author = {Feinberg, Susan and Murphy, Margaret},
 title = {Applying Cognitive Load Theory to the Design of Web-based Instruction},
 booktitle = {Proceedings of IEEE Professional Communication Society International Professional Communication Conference and  Proceedings of the 18th Annual ACM International Conference on Computer Documentation: Technology \& Teamwork},
 series = {IPCC/SIGDOC '00},
 year = {2000},
 isbn = {0-7803-6431-7},
 location = {Cambridge, Massachusetts},
 pages = {353--360},
 numpages = {8},
 url = {http://dl.acm.org/citation.cfm?id=504800.504855},
 acmid = {504855},
 publisher = {IEEE Educational Activities Department},
 address = {Piscataway, NJ, USA},
}

@inproceedings{Caspersen:2007:IDP:1288580.1288595,
 author = {Caspersen, Michael E. and Bennedsen, Jens},
 title = {Instructional Design of a Programming Course: A Learning Theoretic Approach},
 booktitle = {Proceedings of the Third International Workshop on Computing Education Research},
 series = {ICER '07},
 year = {2007},
 isbn = {978-1-59593-841-1},
 location = {Atlanta, Georgia, USA},
 pages = {111--122},
 numpages = {12},
 url = {http://doi.acm.org/10.1145/1288580.1288595},
 doi = {10.1145/1288580.1288595},
 acmid = {1288595},
 publisher = {ACM},
 address = {New York, NY, USA},
 keywords = {cognition, cognitive apprenticeship, cognitive load theory, instructional design, learning, model-driven programming, object-oriented programming, patternbased approach to programming education, worked examples},
}

@inproceedings{Blanca-Estela:2017:SCT:3123818.3123876,
 author = {Blanca-Estela, Pedroza-M{\'e}ndez and Josefina, Guerrero Garc\'{\i}a},
 title = {Semiautomated Cognitive Tutor, to Serve As a Support in Upper Secondary Students in Solving Algebra Problems},
 booktitle = {Proceedings of the XVIII International Conference on Human Computer Interaction},
 series = {Interacci\&oacute;n '17},
 year = {2017},
 isbn = {978-1-4503-5229-1},
 location = {Cancun, Mexico},
 pages = {53:1--53:2},
 articleno = {53},
 numpages = {2},
 url = {http://doi.acm.org/10.1145/3123818.3123876},
 doi = {10.1145/3123818.3123876},
 acmid = {3123876},
 publisher = {ACM},
 address = {New York, NY, USA},
 keywords = {cognitive ability, cognitive load theory, cognitive tutors, evaluation, expertise reversal, fuzzy cognitive maps, fuzzy logic, gamification, instructional design, intelligent tutorial systems, problem solving, tangible user interfaces, teaching - learning algebra, worked examples},
}

@inproceedings{Albers:2011:TMC:2038476.2038481,
 author = {Albers, Michael J.},
 title = {Tapping As a Measure of Cognitive Load and Website Usability},
 booktitle = {Proceedings of the 29th ACM International Conference on Design of Communication},
 series = {SIGDOC '11},
 year = {2011},
 isbn = {978-1-4503-0936-3},
 location = {Pisa, Italy},
 pages = {25--32},
 numpages = {8},
 url = {http://doi.acm.org/10.1145/2038476.2038481},
 doi = {10.1145/2038476.2038481},
 acmid = {2038481},
 publisher = {ACM},
 address = {New York, NY, USA},
 keywords = {empirical findings, usability data analysis, usability method},
}

@inproceedings{Oviatt:2006:QIH:1166253.1166284,
 author = {Oviatt, Sharon and Arthur, Alex and Cohen, Julia},
 title = {Quiet Interfaces That Help Students Think},
 booktitle = {Proceedings of the 19th Annual ACM Symposium on User Interface Software and Technology},
 series = {UIST '06},
 year = {2006},
 isbn = {1-59593-313-1},
 location = {Montreux, Switzerland},
 pages = {191--200},
 numpages = {10},
 url = {http://doi.acm.org/10.1145/1166253.1166284},
 doi = {10.1145/1166253.1166284},
 acmid = {1166284},
 publisher = {ACM},
 address = {New York, NY, USA},
 keywords = {e-learning and education, handheld and mobile, input and interaction technologies, pen-based interfaces, performance metrics, universal (or disability access)},
}

@inproceedings{Alasmari:2015:IMW:2786567.2793688,
 author = {Alasmari, Ashwag and Zhou, Lina and Zhang, Dongsong},
 title = {Improving Mobile Web Search by Clustering and Visualizing Search Engine Results},
 booktitle = {Proceedings of the 17th International Conference on Human-Computer Interaction with Mobile Devices and Services Adjunct},
 series = {MobileHCI '15},
 year = {2015},
 isbn = {978-1-4503-3653-6},
 location = {Copenhagen, Denmark},
 pages = {680--687},
 numpages = {8},
 url = {http://doi.acm.org/10.1145/2786567.2793688},
 doi = {10.1145/2786567.2793688},
 acmid = {2793688},
 publisher = {ACM},
 address = {New York, NY, USA},
 keywords = {Clustering, Mobile Search, Synchronicity, Visualization},
}

@inproceedings{Tuovinen:2000:OSC:359369.359405,
 author = {Tuovinen, Juhani E.},
 title = {Optimising Student Cognitive Load in Computer Education},
 booktitle = {Proceedings of the Australasian Conference on Computing Education},
 series = {ACSE '00},
 year = {2000},
 isbn = {1-58113-271-9},
 location = {Melbourne, Australia},
 pages = {235--241},
 numpages = {7},
 url = {http://doi.acm.org/10.1145/359369.359405},
 doi = {10.1145/359369.359405},
 acmid = {359405},
 publisher = {ACM},
 address = {New York, NY, USA},
}

@inproceedings{Magner:2010:PII:1854360.1854361,
 author = {Magner, Ulrike and Schwonke, Rolf and Renkl, Alexander and Aleven, Vincent A. W. M. M. and Popescu, Octav},
 title = {Pictorial Illustrations in Intelligent Tutoring Systems: Do They Distract or Elicit Interest and Engagement?},
 booktitle = {Proceedings of the 9th International Conference of the Learning Sciences - Volume 1},
 series = {ICLS '10},
 year = {2010},
 location = {Chicago, Illinois},
 pages = {1--8},
 numpages = {8},
 url = {http://dl.acm.org/citation.cfm?id=1854360.1854361},
 acmid = {1854361},
 publisher = {International Society of the Learning Sciences},
}

@inproceedings{Mason:2013:DPE:2667199.2667202,
 author = {Mason, Raina and Cooper, Graham},
 title = {Distractions in Programming Environments},
 booktitle = {Proceedings of the Fifteenth Australasian Computing Education Conference - Volume 136},
 series = {ACE '13},
 year = {2013},
 isbn = {978-1-921770-21-0},
 location = {Adelaide, Australia},
 pages = {23--30},
 numpages = {8},
 url = {http://dl.acm.org/citation.cfm?id=2667199.2667202},
 acmid = {2667202},
 publisher = {Australian Computer Society, Inc.},
 address = {Darlinghurst, Australia, Australia},
 keywords = {cognitive load, instructional design, introductory programming, lego mindstorms},
}

@inproceedings{Ayres:2008:IIT:1599812.1599820,
 author = {Ayres, Paul and Youssef, Amina},
 title = {Investigating the Influence of Transitory Information and Motivation During Instructional Animations},
 booktitle = {Proceedings of the 8th International Conference on International Conference for the Learning Sciences - Volume 1},
 series = {ICLS'08},
 year = {2008},
 location = {Utrecht, The Netherlands},
 pages = {68--75},
 numpages = {8},
 url = {http://dl.acm.org/citation.cfm?id=1599812.1599820},
 acmid = {1599820},
 publisher = {International Society of the Learning Sciences},
}

@inproceedings{Sorva:2014:RDF:2674683.2674690,
 author = {Sorva, Juha and Sepp\"{a}l\"{a}, Otto},
 title = {Research-based Design of the First Weeks of CS1},
 booktitle = {Proceedings of the 14th Koli Calling International Conference on Computing Education Research},
 series = {Koli Calling '14},
 year = {2014},
 isbn = {978-1-4503-3065-7},
 location = {Koli, Finland},
 pages = {71--80},
 numpages = {10},
 url = {http://doi.acm.org/10.1145/2674683.2674690},
 doi = {10.1145/2674683.2674690},
 acmid = {2674690},
 publisher = {ACM},
 address = {New York, NY, USA},
 keywords = {CS1, cognitive load, instructional design, notional machines, objects early, program visualization, project-driven learning},
}

@inproceedings{Schreiber:2009:BGU:1613858.1613922,
 author = {Schreiber, Julia},
 title = {Bridging the Gap Between Useful and Aesthetic Maps in Car Navigation Systems},
 booktitle = {Proceedings of the 11th International Conference on Human-Computer Interaction with Mobile Devices and Services},
 series = {MobileHCI '09},
 year = {2009},
 isbn = {978-1-60558-281-8},
 location = {Bonn, Germany},
 pages = {51:1--51:4},
 articleno = {51},
 numpages = {4},
 url = {http://doi.acm.org/10.1145/1613858.1613922},
 doi = {10.1145/1613858.1613922},
 acmid = {1613922},
 publisher = {ACM},
 address = {New York, NY, USA},
 keywords = {aesthetics, automotive, cognitive load, digital map, map design, map function},
}

@article{Derrick:2013:DDC:2499962.2499967,
 author = {Derrick, Douglas C. and Meservy, Thomas O. and Jenkins, Jeffrey L. and Burgoon, Judee K. and Nunamaker,Jr., Jay F.},
 title = {Detecting Deceptive Chat-Based Communication Using Typing Behavior and Message Cues},
 journal = {ACM Trans. Manage. Inf. Syst.},
 issue_date = {August 2013},
 volume = {4},
 number = {2},
 month = aug,
 year = {2013},
 issn = {2158-656X},
 pages = {9:1--9:21},
 articleno = {9},
 numpages = {21},
 url = {http://doi.acm.org/10.1145/2499962.2499967},
 doi = {10.1145/2499962.2499967},
 acmid = {2499967},
 publisher = {ACM},
 address = {New York, NY, USA},
 keywords = {Decision support system, chat, deception detection, typing bahavior},
}

@inproceedings{vandeSande:2010:FOO:1854360.1854442,
 author = {van de Sande, Carla},
 title = {Free, Open, Online, Mathematics Help Forums: The Good, the Bad, and the Ugly},
 booktitle = {Proceedings of the 9th International Conference of the Learning Sciences - Volume 1},
 series = {ICLS '10},
 year = {2010},
 location = {Chicago, Illinois},
 pages = {643--650},
 numpages = {8},
 url = {http://dl.acm.org/citation.cfm?id=1854360.1854442},
 acmid = {1854442},
 publisher = {International Society of the Learning Sciences},
}

@inproceedings{Oviatt:2007:EPI:1599600.1599708,
 author = {Oviatt, Sharon and Arthur, Alexander and Brock, Yaro and Cohen, Julia},
 title = {Expressive Pen-based Interfaces for Math Education},
 booktitle = {Proceedings of the 8th Iternational Conference on Computer Supported Collaborative Learning},
 series = {CSCL'07},
 year = {2007},
 isbn = {978-0-6151-5436-7},
 location = {New Brunswick, New Jersey, USA},
 pages = {573--582},
 numpages = {10},
 url = {http://dl.acm.org/citation.cfm?id=1599600.1599708},
 acmid = {1599708},
 publisher = {International Society of the Learning Sciences},
}

@inproceedings{Orth:2008:SML:1599871.1599890,
 author = {Orth, Cordula and Bastiaens, Theo J.},
 title = {Situated Multimedia Learning for Older Adults: Exploring the Benefits of Age-specific Instructional Design},
 booktitle = {Proceedings of the 8th International Conference on International Conference for the Learning Sciences - Volume 2},
 series = {ICLS'08},
 year = {2008},
 location = {Utrecht, The Netherlands},
 pages = {148--155},
 numpages = {8},
 url = {http://dl.acm.org/citation.cfm?id=1599871.1599890},
 acmid = {1599890},
 publisher = {International Society of the Learning Sciences},
}

@inproceedings{Christensen:2018:DDI:3232078.3232079,
 author = {Christensen, Asbj{\o}rn Lodahl and Biskjaer, Michael Mose},
 title = {Designing Digital Interactive Instructions for Children's Construction Play},
 booktitle = {Proceedings of the 36th European Conference on Cognitive Ergonomics},
 series = {ECCE'18},
 year = {2018},
 isbn = {978-1-4503-6449-2},
 location = {Utrecht, Netherlands},
 pages = {5:1--5:8},
 articleno = {5},
 numpages = {8},
 url = {http://doi.acm.org/10.1145/3232078.3232079},
 doi = {10.1145/3232078.3232079},
 acmid = {3232079},
 publisher = {ACM},
 address = {New York, NY, USA},
 keywords = {Digital and analog instructions, LEGO, cognitive load, construction play},
}

@inproceedings{Knorr:2019:RDC:3314994.3325083,
 author = {Knorr, Edwin M.},
 title = {Reforming a Database Course to Address Cognitive Load by Using Worked Examples},
 booktitle = {Proceedings of the Western Canadian Conference on Computing Education},
 series = {WCCCE '19},
 year = {2019},
 isbn = {978-1-4503-6715-8},
 location = {Calgary, AB, Canada},
 pages = {4:1--4:6},
 articleno = {4},
 numpages = {6},
 url = {http://doi.acm.org/10.1145/3314994.3325083},
 doi = {10.1145/3314994.3325083},
 acmid = {3325083},
 publisher = {ACM},
 address = {New York, NY, USA},
 keywords = {cognitive load, course transformation, database systems, worked examples},
}

@inproceedings{Shaban:2019:LDF:3290607.3312806,
 author = {Shaban, Adel and Pearson, Elaine},
 title = {A Learning Design Framework to Support Children with Learning Disabilities Incorporating Gamification Techniques},
 booktitle = {Extended Abstracts of the 2019 CHI Conference on Human Factors in Computing Systems},
 series = {CHI EA '19},
 year = {2019},
 isbn = {978-1-4503-5971-9},
 location = {Glasgow, Scotland Uk},
 pages = {LBW0284:1--LBW0284:6},
 articleno = {LBW0284},
 numpages = {6},
 url = {http://doi.acm.org/10.1145/3290607.3312806},
 doi = {10.1145/3290607.3312806},
 acmid = {3312806},
 publisher = {ACM},
 address = {New York, NY, USA},
 keywords = {HCI, cognitive load, design guidelines, gamification framework, gamification techniques, learning disabilities, user-centered, working memory},
}

@inproceedings{Morrison:2017:DMC:3105726.3106191,
 author = {Morrison, Briana B.},
 title = {Dual Modality Code Explanations for Novices: Unexpected Results},
 booktitle = {Proceedings of the 2017 ACM Conference on International Computing Education Research},
 series = {ICER '17},
 year = {2017},
 isbn = {978-1-4503-4968-0},
 location = {Tacoma, Washington, USA},
 pages = {226--235},
 numpages = {10},
 url = {http://doi.acm.org/10.1145/3105726.3106191},
 doi = {10.1145/3105726.3106191},
 acmid = {3106191},
 publisher = {ACM},
 address = {New York, NY, USA},
 keywords = {cognitive load, live coding, modality},
}

@inproceedings{Oviatt:2004:WIM:1027933.1027957,
 author = {Oviatt, Sharon and Coulston, Rachel and Lunsford, Rebecca},
 title = {When Do We Interact Multimodally?: Cognitive Load and Multimodal Communication Patterns},
 booktitle = {Proceedings of the 6th International Conference on Multimodal Interfaces},
 series = {ICMI '04},
 year = {2004},
 isbn = {1-58113-995-0},
 location = {State College, PA, USA},
 pages = {129--136},
 numpages = {8},
 url = {http://doi.acm.org/10.1145/1027933.1027957},
 doi = {10.1145/1027933.1027957},
 acmid = {1027957},
 publisher = {ACM},
 address = {New York, NY, USA},
 keywords = {cognitive load, dialogue context, human performance, individual differences, multimodal integration, multimodal interaction, speech and pen input, system adaptation, task difficulty, unimodal interaction},
}

@inproceedings{Marcellis:2018:DBC:3279720.3279739,
 author = {Marcellis, Marco and Barendsen, Erik and van Merri\"{e}nboer, Jeroen},
 title = {Designing a Blended Course in Android App Development Using 4C/ID},
 booktitle = {Proceedings of the 18th Koli Calling International Conference on Computing Education Research},
 series = {Koli Calling '18},
 year = {2018},
 isbn = {978-1-4503-6535-2},
 location = {Koli, Finland},
 pages = {19:1--19:5},
 articleno = {19},
 numpages = {5},
 url = {http://doi.acm.org/10.1145/3279720.3279739},
 doi = {10.1145/3279720.3279739},
 acmid = {3279739},
 publisher = {ACM},
 address = {New York, NY, USA},
 keywords = {4C/ID, Android app development, Blended Learning},
}

@inproceedings{Luo:2013:ARC:2468356.2468597,
 author = {Luo, Ling and Taib, Ronnie},
 title = {Assessing Recovery from Cognitive Load Through Pen Input},
 booktitle = {CHI '13 Extended Abstracts on Human Factors in Computing Systems},
 series = {CHI EA '13},
 year = {2013},
 isbn = {978-1-4503-1952-2},
 location = {Paris, France},
 pages = {1353--1358},
 numpages = {6},
 url = {http://doi.acm.org/10.1145/2468356.2468597},
 doi = {10.1145/2468356.2468597},
 acmid = {2468597},
 publisher = {ACM},
 address = {New York, NY, USA},
 keywords = {cognitive load, cognitive load recovery, empirical study, pen input},
}

@inproceedings{Kirschner:2008:LCC:1599812.1599866,
 author = {Kirschner, Femke and Paas, Fred and Kirschner, Paul A.},
 title = {Learning from Complex Cognitive Tasks: Comparing Groups to Individuals},
 booktitle = {Proceedings of the 8th International Conference on International Conference for the Learning Sciences - Volume 1},
 series = {ICLS'08},
 year = {2008},
 location = {Utrecht, The Netherlands},
 pages = {446--452},
 numpages = {7},
 url = {http://dl.acm.org/citation.cfm?id=1599812.1599866},
 acmid = {1599866},
 publisher = {International Society of the Learning Sciences},
}

@proceedings{Alphonce:2016:2839509,
 title = {SIGCSE '16: Proceedings of the 47th ACM Technical Symposium on Computing Science Education},
 year = {2016},
 isbn = {978-1-4503-3685-7},
 location = {Memphis, Tennessee, USA},
 publisher = {ACM},
 address = {New York, NY, USA},
}

@incollection{Oviatt:2017:TFM:3015783.3015786,
 author = {Oviatt, Sharon},
 chapter = {Theoretical Foundations of Multimodal Interfaces and Systems},
 title = {The Handbook of Multimodal-Multisensor Interfaces},
 editor = {Oviatt, Sharon and Schuller, Bj\"{o}rn and Cohen, Philip R. and Sonntag, Daniel and Potamianos, Gerasimos and Kr\"{u}ger, Antonio},
 year = {2017},
 isbn = {978-1-97000-167-9},
 pages = {19--50},
 numpages = {32},
 url = {https://doi.org/10.1145/3015783.3015786},
 doi = {10.1145/3015783.3015786},
 acmid = {3015786},
 publisher = {Association for Computing Machinery and Morgan \&\#38; Claypool},
 address = {New York, NY, USA},
}

@article{Chen:2013:MBI:2395123.2395127,
 author = {Chen, Fang and Ruiz, Natalie and Choi, Eric and Epps, Julien and Khawaja, M. Asif and Taib, Ronnie and Yin, Bo and Wang, Yang},
 title = {Multimodal Behavior and Interaction As Indicators of Cognitive Load},
 journal = {ACM Trans. Interact. Intell. Syst.},
 issue_date = {December 2012},
 volume = {2},
 number = {4},
 month = jan,
 year = {2013},
 issn = {2160-6455},
 pages = {22:1--22:36},
 articleno = {22},
 numpages = {36},
 url = {http://doi.acm.org/10.1145/2395123.2395127},
 doi = {10.1145/2395123.2395127},
 acmid = {2395127},
 publisher = {ACM},
 address = {New York, NY, USA},
 keywords = {Cognitive load, assessment, multimodal, pen input},
}

