@article{Skinner:1974:HAI:361604.361633,
 author = {Skinner, C. William},
 title = {A Heuristic Approach to Inductive Inference in Fact Retrieval Systems},
 journal = {Commun. ACM},
 issue_date = {Dec 1974},
 volume = {17},
 number = {12},
 month = dec,
 year = {1974},
 issn = {0001-0782},
 pages = {707--712},
 numpages = {6},
 url = {http://doi.acm.org/10.1145/361604.361633},
 doi = {10.1145/361604.361633},
 acmid = {361633},
 publisher = {ACM},
 address = {New York, NY, USA},
 keywords = {clustering, fact retrieval, heuristics, inductive inference, inference},
}

@inproceedings{Orsega:2011:TEU:1953163.1953205,
 author = {Orsega, Michael C. and Vander Zanden, Bradley T. and Skinner, Christopher H.},
 title = {Two Experiments Using Learning Rate to Evaluate an Experimenter Developed Tool for Splay Trees},
 booktitle = {Proceedings of the 42Nd ACM Technical Symposium on Computer Science Education},
 series = {SIGCSE '11},
 year = {2011},
 isbn = {978-1-4503-0500-6},
 location = {Dallas, TX, USA},
 pages = {135--140},
 numpages = {6},
 url = {http://doi.acm.org/10.1145/1953163.1953205},
 doi = {10.1145/1953163.1953205},
 acmid = {1953205},
 publisher = {ACM},
 address = {New York, NY, USA},
 keywords = {Sketchmate, feedback, learning rate, student learning},
}

@inproceedings{Molina-Markham:2014:ASA:2676431.2676432,
 author = {Molina-Markham, Andres and Peterson, Ronald and Skinner, Joseph and Yun, Tianlong and Golla, Bhargav and Freeman, Kevin and Peters, Travis and Sorber, Jacob and Halter, Ryan and Kotz, David},
 title = {Amulet: A Secure Architecture for mHealth Applications for Low-power Wearable Devices},
 booktitle = {Proceedings of the 1st Workshop on Mobile Medical Applications},
 series = {MMA '14},
 year = {2014},
 isbn = {978-1-4503-3190-6},
 location = {Memphis, Tennessee},
 pages = {16--21},
 numpages = {6},
 url = {http://doi.acm.org/10.1145/2676431.2676432},
 doi = {10.1145/2676431.2676432},
 acmid = {2676432},
 publisher = {ACM},
 address = {New York, NY, USA},
 keywords = {low-power, mHealth, secure architecture, wearable devices},
}

@inproceedings{Bi:2017:PAW:3081333.3089320,
 author = {Bi, Shengjie and Davernport, Ellen and Gong, Jun and Peterson, Ronald and Skinner, Joseph and Storer, Kevin and Wang, Tao and Caine, Kelly and Halter, Ryan and Kotz, David and Odame, Kofi and Sorber, Jacob and Yang, Xing-Dong},
 title = {Poster: Auracle: A Wearable Device for Detecting and Monitoring Eating Behavior},
 booktitle = {Proceedings of the 15th Annual International Conference on Mobile Systems, Applications, and Services},
 series = {MobiSys '17},
 year = {2017},
 isbn = {978-1-4503-4928-4},
 location = {Niagara Falls, New York, USA},
 pages = {176--176},
 numpages = {1},
 url = {http://doi.acm.org/10.1145/3081333.3089320},
 doi = {10.1145/3081333.3089320},
 acmid = {3089320},
 publisher = {ACM},
 address = {New York, NY, USA},
}

