@article{Cameron:2003:ESH:792548.611947,
 author = {Cameron, Brian H. and Wijekumar, Kay},
 title = {The Effectiveness of Simulation in a Hybrid and On-line Networking Course},
 journal = {SIGCSE Bull.},
 issue_date = {January 2003},
 volume = {35},
 number = {1},
 month = jan,
 year = {2003},
 issn = {0097-8418},
 pages = {117--119},
 numpages = {3},
 url = {http://doi.acm.org/10.1145/792548.611947},
 doi = {10.1145/792548.611947},
 acmid = {611947},
 publisher = {ACM},
 address = {New York, NY, USA},
 keywords = {distance learning, learning outcomes, network simulation},
}

@inproceedings{Cameron:2003:ESH:611892.611947,
 author = {Cameron, Brian H. and Wijekumar, Kay},
 title = {The Effectiveness of Simulation in a Hybrid and On-line Networking Course},
 booktitle = {Proceedings of the 34th SIGCSE Technical Symposium on Computer Science Education},
 series = {SIGCSE '03},
 year = {2003},
 isbn = {1-58113-648-X},
 location = {Reno, Navada, USA},
 pages = {117--119},
 numpages = {3},
 url = {http://doi.acm.org/10.1145/611892.611947},
 doi = {10.1145/611892.611947},
 acmid = {611947},
 publisher = {ACM},
 address = {New York, NY, USA},
 keywords = {distance learning, learning outcomes, network simulation},
}

@inproceedings{Claros:2012:UIA:2379636.2379656,
 author = {Claros, Iv\'{a}n D. and Cobos, Ruth},
 title = {User Interaction Analysis in a CSCL Environment Supported by Social Media Technologies},
 booktitle = {Proceedings of the 13th International Conference on Interacci\'{O}N Persona-Ordenador},
 series = {INTERACCION '12},
 year = {2012},
 isbn = {978-1-4503-1314-8},
 location = {Elche, Spain},
 pages = {20:1--20:2},
 articleno = {20},
 numpages = {2},
 url = {http://doi.acm.org/10.1145/2379636.2379656},
 doi = {10.1145/2379636.2379656},
 acmid = {2379656},
 publisher = {ACM},
 address = {New York, NY, USA},
 keywords = {collaborative learning, multimedia environment, social media, user interaction analysis},
}

@inproceedings{Lowe:2019:TAM:3304221.3325600,
 author = {Lowe, Tony},
 title = {A Theory of Applied Mind of Programming: Understanding the Challenges in Learning to Program},
 booktitle = {Proceedings of the 2019 ACM Conference on Innovation and Technology in Computer Science Education},
 series = {ITiCSE '19},
 year = {2019},
 isbn = {978-1-4503-6301-3},
 location = {Aberdeen, Scotland Uk},
 pages = {340--341},
 numpages = {2},
 url = {http://doi.acm.org/10.1145/3304221.3325600},
 doi = {10.1145/3304221.3325600},
 acmid = {3325600},
 publisher = {ACM},
 address = {New York, NY, USA},
 keywords = {bruner, computer science, dual process theory, education, education theory, neuroscience, programming},
}

@inproceedings{Helps:2006:IDT:1168812.1168845,
 author = {Helps, C. Richard G.},
 title = {Instructional Design Theory Provides Insights into Evolving Information Technology Technical Curricula},
 booktitle = {Proceedings of the 7th Conference on Information Technology Education},
 series = {SIGITE '06},
 year = {2006},
 isbn = {1-59593-521-5},
 location = {Minneapolis, Minnesota, USA},
 pages = {129--134},
 numpages = {6},
 url = {http://doi.acm.org/10.1145/1168812.1168845},
 doi = {10.1145/1168812.1168845},
 acmid = {1168845},
 publisher = {ACM},
 address = {New York, NY, USA},
 keywords = {Moore's law, UML, curriculum design, instructional design theory, learning theory, technology evolution},
}

@inproceedings{Zheng:2006:CIM:1150034.1150161,
 author = {Zheng, Dongping and Young, Michael},
 title = {Comparing Instructional Methods for Teaching Technology in Education to Preservice Teachers Using Logistic Regression},
 booktitle = {Proceedings of the 7th International Conference on Learning Sciences},
 series = {ICLS '06},
 year = {2006},
 isbn = {0-8058-6174-2},
 location = {Bloomington, Indiana},
 pages = {873--879},
 numpages = {7},
 url = {http://dl.acm.org/citation.cfm?id=1150034.1150161},
 acmid = {1150161},
 publisher = {International Society of the Learning Sciences},
}

@inproceedings{Janeiro:2016:OOP:3012430.3012545,
 author = {Janeiro, Giselle and Jacob, Lu\'{\i}s and Rodr\'{\i}guez-Conde, Mar\'{\i}a Jos{\'e}},
 title = {OPALESCE: Online Portal and Active Learning System for Senior Citizens in Europe},
 booktitle = {Proceedings of the Fourth International Conference on Technological Ecosystems for Enhancing Multiculturality},
 series = {TEEM '16},
 year = {2016},
 isbn = {978-1-4503-4747-1},
 location = {Salamanca, Spain},
 pages = {389--393},
 numpages = {5},
 url = {http://doi.acm.org/10.1145/3012430.3012545},
 doi = {10.1145/3012430.3012545},
 acmid = {3012545},
 publisher = {ACM},
 address = {New York, NY, USA},
 keywords = {OPALESCE, distance learning, interactive task system, learning concept design, micro units},
}

@article{Holzinger:2005:LSM:1125280.1125284,
 author = {Holzinger, Andreas and Nischelwitzer, Alexander and Meisenberger, Matthias},
 title = {Lifelong-learning Support by M-learning: Example Scenarios},
 journal = {eLearn},
 issue_date = {November 2005},
 volume = {2005},
 number = {11},
 month = nov,
 year = {2005},
 issn = {1535-394X},
 pages = {2--},
 url = {http://doi.acm.org/10.1145/1125280.1125284},
 doi = {10.1145/1125280.1125284},
 acmid = {1125284},
 publisher = {ACM},
 address = {New York, NY, USA},
}

@article{Aimeur:2001:RCL:381234.381241,
 author = {A\"{\i}meur, Esma and Frasson, Claude and Lalonde, Michel},
 title = {The Role of Conflicts in the Learning Process},
 journal = {SIGCUE Outlook},
 issue_date = {March 2001},
 volume = {27},
 number = {2},
 month = mar,
 year = {2001},
 issn = {0163-5735},
 pages = {12--27},
 numpages = {16},
 url = {http://doi.acm.org/10.1145/381234.381241},
 doi = {10.1145/381234.381241},
 acmid = {381241},
 publisher = {ACM},
 address = {New York, NY, USA},
 keywords = {cognitive dissonance, conflicts, intelligent tutoring systems, learning strategies},
}

@article{Tannenbaum:2001:LIP:363984.367871,
 author = {Tannenbaum, Robert S.},
 title = {Learner Interactivity and Production Complexity in Computer-based Instructional Materials},
 journal = {Ubiquity},
 issue_date = {February 1 - February 28, 2001},
 volume = {2001},
 number = {February},
 month = jan,
 year = {2001},
 issn = {1530-2180},
 articleno = {5},
 url = {http://doi.acm.org/10.1145/363984.367871},
 doi = {10.1145/363984.367871},
 acmid = {367871},
 publisher = {ACM},
 address = {New York, NY, USA},
}

@article{Hewson:1999:MAS:384267.305893,
 author = {Hewson, John and Doube, Wendy and Calagaz, Michael},
 title = {A Multimedia Animated Simulation Generator},
 journal = {SIGCSE Bull.},
 issue_date = {Sept. 1999},
 volume = {31},
 number = {3},
 month = jun,
 year = {1999},
 issn = {0097-8418},
 pages = {131--134},
 numpages = {4},
 url = {http://doi.acm.org/10.1145/384267.305893},
 doi = {10.1145/384267.305893},
 acmid = {305893},
 publisher = {ACM},
 address = {New York, NY, USA},
 keywords = {animation, simulation, software visualisation},
}

@inproceedings{Hewson:1999:MAS:305786.305893,
 author = {Hewson, John and Doube, Wendy and Calagaz, Michael},
 title = {A Multimedia Animated Simulation Generator},
 booktitle = {Proceedings of the 4th Annual SIGCSE/SIGCUE ITiCSE Conference on Innovation and Technology in Computer Science Education},
 series = {ITiCSE '99},
 year = {1999},
 isbn = {1-58113-087-2},
 location = {Cracow, Poland},
 pages = {131--134},
 numpages = {4},
 url = {http://doi.acm.org/10.1145/305786.305893},
 doi = {10.1145/305786.305893},
 acmid = {305893},
 publisher = {ACM},
 address = {New York, NY, USA},
 keywords = {animation, simulation, software visualisation},
}

@inproceedings{Bellino:2016:PST:2968219.2971373,
 author = {Bellino, Alessio},
 title = {Protobject: A Sensing Tool for the Rapid Prototyping of UbiComp Systems},
 booktitle = {Proceedings of the 2016 ACM International Joint Conference on Pervasive and Ubiquitous Computing: Adjunct},
 series = {UbiComp '16},
 year = {2016},
 isbn = {978-1-4503-4462-3},
 location = {Heidelberg, Germany},
 pages = {257--260},
 numpages = {4},
 url = {http://doi.acm.org/10.1145/2968219.2971373},
 doi = {10.1145/2968219.2971373},
 acmid = {2971373},
 publisher = {ACM},
 address = {New York, NY, USA},
 keywords = {IoT, rapid prototyping, sensing, smart home},
}

@article{Bunderson:1971:IPC:965872.965877,
 author = {Bunderson, C. Victor},
 title = {Instructional Psychology and Computer Science},
 journal = {SIGCUE Outlook},
 issue_date = {August 1971},
 volume = {5},
 number = {4},
 month = aug,
 year = {1971},
 issn = {0163-5735},
 pages = {175--182},
 numpages = {8},
 url = {http://doi.acm.org/10.1145/965872.965877},
 doi = {10.1145/965872.965877},
 acmid = {965877},
 publisher = {ACM},
 address = {New York, NY, USA},
}

@inproceedings{Ferraris:2002:CCP:1658616.1658657,
 author = {Ferraris, Christine and Brunier, Philippe and Martel, Christian},
 title = {Constructing Collaborative Pedagogical Situations in Classrooms: A Scenario and Role Based Approach},
 booktitle = {Proceedings of the Conference on Computer Support for Collaborative Learning: Foundations for a CSCL Community},
 series = {CSCL '02},
 year = {2002},
 location = {Boulder, Colorado},
 pages = {290--299},
 numpages = {10},
 url = {http://dl.acm.org/citation.cfm?id=1658616.1658657},
 acmid = {1658657},
 publisher = {International Society of the Learning Sciences},
 keywords = {collaborative drawing application, constructing collaborative situations, regulation, roles, scenarios},
}

@inproceedings{M.:2012:SSE:2261605.2261658,
 author = {M., Edgar Serna and C., Carlos A. Castro and Botero, T. Ricardo},
 title = {SEDLO: Software Engineering for Developing Learning Objects},
 booktitle = {Proceedings of the 6th Euro American Conference on Telematics and Information Systems},
 series = {EATIS '12},
 year = {2012},
 isbn = {978-1-4503-1012-3},
 location = {Valencia, Spain},
 pages = {347--353},
 numpages = {7},
 url = {http://doi.acm.org/10.1145/2261605.2261658},
 doi = {10.1145/2261605.2261658},
 acmid = {2261658},
 publisher = {ACM},
 address = {New York, NY, USA},
 keywords = {e-learning, learning objects, life cycle, software engineering},
}

@inproceedings{Fletcher:2010:DTL:1878335.1878399,
 author = {Fletcher, Kathryn},
 title = {Diary of a Trainer: Learning to Create Online Learning Experiences},
 booktitle = {Proceedings of the 38th  Annual ACM SIGUCCS Fall Conference: Navigation and Discovery},
 series = {SIGUCCS '10},
 year = {2010},
 isbn = {978-1-4503-0003-2},
 location = {Norfolk, Virginia, USA},
 pages = {257--264},
 numpages = {8},
 url = {http://doi.acm.org/10.1145/1878335.1878399},
 doi = {10.1145/1878335.1878399},
 acmid = {1878399},
 publisher = {ACM},
 address = {New York, NY, USA},
 keywords = {blackboard vista, e-learning, instructional design,, online course development},
}

@inproceedings{Pretorius:2010:UET:1899503.1899534,
 author = {Pretorius, Marco and Gelderblom, Helene and Chimbo, Bester},
 title = {Using Eye Tracking to Compare How Adults and Children Learn to Use an Unfamiliar Computer Game},
 booktitle = {Proceedings of the 2010 Annual Research Conference of the South African Institute of Computer Scientists and Information Technologists},
 series = {SAICSIT '10},
 year = {2010},
 isbn = {978-1-60558-950-3},
 location = {Bela Bela, South Africa},
 pages = {275--283},
 numpages = {9},
 url = {http://doi.acm.org/10.1145/1899503.1899534},
 doi = {10.1145/1899503.1899534},
 acmid = {1899534},
 publisher = {ACM},
 address = {New York, NY, USA},
 keywords = {eye tracking, game play, learnability, usability},
}

@inproceedings{Neris:2005:CSI:1111360.1111391,
 author = {Neris, V\^{a}nia P. Almeida and Silva, J\'{u}nia C. A. and Neto, Americo Talarico and Zem-Mascarenhas, S\'{\i}lvia},
 title = {Cognitive Strategies to the Increase of Hyper Document Quality to Distance Learning},
 booktitle = {Proceedings of the 2005 Latin American Conference on Human-computer Interaction},
 series = {CLIHC '05},
 year = {2005},
 isbn = {1-59593-224-0},
 location = {Cuernavaca, Mexico},
 pages = {295--300},
 numpages = {6},
 url = {http://doi.acm.org/10.1145/1111360.1111391},
 doi = {10.1145/1111360.1111391},
 acmid = {1111391},
 publisher = {ACM},
 address = {New York, NY, USA},
 keywords = {cognitive strategies, distance learning, hyper documents, quality, usability evaluation},
}

@inproceedings{Kyza:2016:DTE:3014033.3017432,
 author = {Kyza, Eleni A. and Georgiou, Yiannis},
 title = {Digital Tools for Enriching Informal Inquiry-based Mobile Learning: The Design of the TraceReaders Location-based Augmented Reality Learning Platform},
 booktitle = {Proceedings of the 3rd Asia-Europe Symposium on Simulation \& Serious Gaming},
 series = {VRCAI '16},
 year = {2016},
 isbn = {978-1-4503-4693-1},
 location = {Zhuhai, China},
 pages = {195--198},
 numpages = {4},
 url = {http://doi.acm.org/10.1145/3014033.3017432},
 doi = {10.1145/3014033.3017432},
 acmid = {3017432},
 publisher = {ACM},
 address = {New York, NY, USA},
 keywords = {augmented reality technologies, informal learning, inquiry, mobile learning},
}

@inproceedings{Viegas:2015:ETL:2808580.2808665,
 author = {Viegas, Clara and Marques, Arcelina and Alves, Gustavo},
 title = {Engineering and Technological Learning in Educational and Professional Contexts},
 booktitle = {Proceedings of the 3rd International Conference on Technological Ecosystems for Enhancing Multiculturality},
 series = {TEEM '15},
 year = {2015},
 isbn = {978-1-4503-3442-6},
 location = {Porto, Portugal},
 pages = {561--564},
 numpages = {4},
 url = {http://doi.acm.org/10.1145/2808580.2808665},
 doi = {10.1145/2808580.2808665},
 acmid = {2808665},
 publisher = {ACM},
 address = {New York, NY, USA},
 keywords = {engineering education, engineering internships, professional contexts, soft skills, young professionals},
}

@inproceedings{Grant:2003:SCT:947121.947142,
 author = {Grant, Nancy S.},
 title = {A Study on Critical Thinking, Cognitive Learning Style, and Gender in Various Information Science Programming Classes},
 booktitle = {Proceedings of the 4th Conference on Information Technology Curriculum},
 series = {CITC4 '03},
 year = {2003},
 isbn = {1-58113-770-2},
 location = {Lafayette, Indiana, USA},
 pages = {96--99},
 numpages = {4},
 url = {http://doi.acm.org/10.1145/947121.947142},
 doi = {10.1145/947121.947142},
 acmid = {947142},
 publisher = {ACM},
 address = {New York, NY, USA},
 keywords = {cognitive learning style, critical thinking, gender, object-oriented programming, problem solving, procedural computer programming},
}

@article{Kaltenbach:2001:CBV:381234.381243,
 author = {Kaltenbach, Marc and Guo, Rubiao},
 title = {A Curriculum Based Visual Interface for Course Authoring and Learning},
 journal = {SIGCUE Outlook},
 issue_date = {March 2001},
 volume = {27},
 number = {2},
 month = mar,
 year = {2001},
 issn = {0163-5735},
 pages = {37--45},
 numpages = {9},
 url = {http://doi.acm.org/10.1145/381234.381243},
 doi = {10.1145/381234.381243},
 acmid = {381243},
 publisher = {ACM},
 address = {New York, NY, USA},
 keywords = {capability transition network, creating alternative courses, curriculum based Intelligent Tutoring Systems, visual navigation in learning processes, visualizing the learning process},
}

@article{Boulet:1998:TPM:290320.283009,
 author = {Boulet, Marie-Mich\`{e}le and Jebara, Faouzi Ben and Boudreault, Serge},
 title = {Teaching Process Modelling to Undergraduate Computer Students: Effects of Using Lotus Notes and Television Programmes},
 journal = {SIGCSE Bull.},
 issue_date = {Sept. 1998},
 volume = {30},
 number = {3},
 month = aug,
 year = {1998},
 issn = {0097-8418},
 pages = {32--36},
 numpages = {5},
 url = {http://doi.acm.org/10.1145/290320.283009},
 doi = {10.1145/290320.283009},
 acmid = {283009},
 publisher = {ACM},
 address = {New York, NY, USA},
 keywords = {co-operative learning, distance learning, learning outcomes},
}

@inproceedings{Boulet:1998:TPM:282991.283009,
 author = {Boulet, Marie-Mich\`{e}le and Jebara, Faouzi Ben and Boudreault, Serge},
 title = {Teaching Process Modelling to Undergraduate Computer Students: Effects of Using Lotus Notes and Television Programmes},
 booktitle = {Proceedings of the 6th Annual Conference on the Teaching of Computing and the 3rd Annual Conference on Integrating Technology into Computer Science Education: Changing the Delivery of Computer Science Education},
 series = {ITiCSE '98},
 year = {1998},
 isbn = {1-58113-000-7},
 location = {Dublin City Univ., Ireland},
 pages = {32--36},
 numpages = {5},
 url = {http://doi.acm.org/10.1145/282991.283009},
 doi = {10.1145/282991.283009},
 acmid = {283009},
 publisher = {ACM},
 address = {New York, NY, USA},
 keywords = {co-operative learning, distance learning, learning outcomes},
}

@inproceedings{Ebel:2006:AEP:1151588.1151590,
 author = {Ebel, Gil and Ben-Ari, Mordechai},
 title = {Affective Effects of Program Visualization},
 booktitle = {Proceedings of the Second International Workshop on Computing Education Research},
 series = {ICER '06},
 year = {2006},
 isbn = {1-59593-494-4},
 location = {Canterbury, United Kingdom},
 pages = {1--5},
 numpages = {5},
 url = {http://doi.acm.org/10.1145/1151588.1151590},
 doi = {10.1145/1151588.1151590},
 acmid = {1151590},
 publisher = {ACM},
 address = {New York, NY, USA},
 keywords = {Jeliot, affect, attention, program visualization},
}

@inproceedings{Obradovich:1996:TMT:1161135.1161169,
 author = {Obradovich, Jodi Heintz and Guerlain, Stephanie and Smith, Philip J. and Smith,Jr., Jack W. and Rudmann, Sally and Sachs, Larry and Svirbley, John and Kennedy, Melanie and Strohm, Patricia L.},
 title = {The Transfusion Medicine Tutor: The Use of Expert-systems Technology to Teach Students and Provide Support to Practitioners in Antibody Identification},
 booktitle = {Proceedings of the 1996 International Conference on Learning Sciences},
 series = {ICLS '96},
 year = {1996},
 isbn = {1-880094-23-1},
 location = {Evanston, Illinois},
 pages = {249--255},
 numpages = {7},
 url = {http://dl.acm.org/citation.cfm?id=1161135.1161169},
 acmid = {1161169},
 publisher = {International Society of the Learning Sciences},
}

@inproceedings{Hellmig:2015:UAC:2818314.2818337,
 author = {Hellmig, Lutz and Hempel, Tino},
 title = {Using -- Analysing -- Creating -- Embedding: A Framework for Scaffolded Problem-Based Discovery Learning in Informatics' Education},
 booktitle = {Proceedings of the Workshop in Primary and Secondary Computing Education},
 series = {WiPSCE '15},
 year = {2015},
 isbn = {978-1-4503-3753-3},
 location = {London, United Kingdom},
 pages = {17--20},
 numpages = {4},
 url = {http://doi.acm.org/10.1145/2818314.2818337},
 doi = {10.1145/2818314.2818337},
 acmid = {2818337},
 publisher = {ACM},
 address = {New York, NY, USA},
 keywords = {discovery learning, inductive learning, learner centered, scaffolding},
}

@inproceedings{TorresCastillo:2018:CGL:3270316.3270611,
 author = {Torres Castillo, Ruth},
 title = {Computer Games As Learning Tools: Teachers Attitudes \&\#38; Behaviors},
 booktitle = {Proceedings of the 2018 Annual Symposium on Computer-Human Interaction in Play Companion Extended Abstracts},
 series = {CHI PLAY '18 Extended Abstracts},
 year = {2018},
 isbn = {978-1-4503-5968-9},
 location = {Melbourne, VIC, Australia},
 pages = {95--101},
 numpages = {7},
 url = {http://doi.acm.org/10.1145/3270316.3270611},
 doi = {10.1145/3270316.3270611},
 acmid = {3270611},
 publisher = {ACM},
 address = {New York, NY, USA},
 keywords = {educational computer games, interactive learning, participatory design.},
}

@article{Sumner:1988:IMC:52965.53022,
 author = {Sumner, Mary and Benjamin, James},
 title = {The Impact of Menus and Command-level Feedback on Learners' Acquisition of Data Base Language Skills},
 journal = {SIGCSE Bull.},
 issue_date = {Feb. 1988},
 volume = {20},
 number = {1},
 month = feb,
 year = {1988},
 issn = {0097-8418},
 pages = {230--234},
 numpages = {5},
 url = {http://doi.acm.org/10.1145/52965.53022},
 doi = {10.1145/52965.53022},
 acmid = {53022},
 publisher = {ACM},
 address = {New York, NY, USA},
}

@inproceedings{Sumner:1988:IMC:52964.53022,
 author = {Sumner, Mary and Benjamin, James},
 title = {The Impact of Menus and Command-level Feedback on Learners' Acquisition of Data Base Language Skills},
 booktitle = {Proceedings of the Nineteenth SIGCSE Technical Symposium on Computer Science Education},
 series = {SIGCSE '88},
 year = {1988},
 isbn = {0-89791-256-X},
 location = {Atlanta, Georgia, USA},
 pages = {230--234},
 numpages = {5},
 url = {http://doi.acm.org/10.1145/52964.53022},
 doi = {10.1145/52964.53022},
 acmid = {53022},
 publisher = {ACM},
 address = {New York, NY, USA},
}

@inproceedings{Hjorth:2015:LSN:2771839.2771884,
 author = {Hjorth, Arthur and Head, Bryan and Brady, Corey and Wilensky, Uri},
 title = {LevelSpaceGUI: Scaffolding Novice Modelers' Inter-model Explorations},
 booktitle = {Proceedings of the 14th International Conference on Interaction Design and Children},
 series = {IDC '15},
 year = {2015},
 isbn = {978-1-4503-3590-4},
 location = {Boston, Massachusetts},
 pages = {453--457},
 numpages = {5},
 url = {http://doi.acm.org/10.1145/2771839.2771884},
 doi = {10.1145/2771839.2771884},
 acmid = {2771884},
 publisher = {ACM},
 address = {New York, NY, USA},
 keywords = {agent-based modeling, complex systems, complexity, education, modeling, multi-level, novice programming, science education, systems},
}

@inproceedings{Luoma:2007:CCL:2449323.2449351,
 author = {Luoma, Harri and Lahtinen, Essi and J\"{a}rvinen, Hannu-Matti},
 title = {CLIP, a Command Line Interpreter for a Subset of C++},
 booktitle = {Proceedings of the Seventh Baltic Sea Conference on Computing Education Research - Volume 88},
 series = {Koli Calling '07},
 year = {2007},
 isbn = {978-1-920682-69-9},
 location = {Koli National Park, Finland},
 pages = {199--202},
 numpages = {4},
 url = {http://dl.acm.org/citation.cfm?id=2449323.2449351},
 acmid = {2449351},
 publisher = {Australian Computer Society, Inc.},
 address = {Darlinghurst, Australia, Australia},
 keywords = {C++, education, interpreter, novice programmers},
}

@inproceedings{Kopstein:1969:RVE:800163.805189,
 author = {Kopstein, Felix F.},
 title = {Rational vs. Empirical Approaches to Job/Task Descriptions for COBOL Programmers},
 booktitle = {Proceedings of the Seventh Annual Conference on SIGCPR},
 series = {SIGCPR '69},
 year = {1969},
 location = {Illinois, USA},
 pages = {128--138},
 numpages = {11},
 url = {http://doi.acm.org/10.1145/800163.805189},
 doi = {10.1145/800163.805189},
 acmid = {805189},
 publisher = {ACM},
 address = {New York, NY, USA},
}

@article{diSessa:1999:SL:311147.311150,
 author = {diSessa, Andrea A.},
 title = {How Should Students Learn?},
 journal = {SIGDOC Asterisk J. Comput. Doc.},
 issue_date = {May 1999},
 volume = {23},
 number = {2},
 month = may,
 year = {1999},
 issn = {0731-1001},
 pages = {14--18},
 numpages = {5},
 url = {http://doi.acm.org/10.1145/311147.311150},
 doi = {10.1145/311147.311150},
 acmid = {311150},
 publisher = {ACM},
 address = {New York, NY, USA},
}

@inproceedings{Opel:2013:PIL:2532748.2532760,
 author = {Opel, Simone and H\"{o}pfl, Alexander and Brinda, Torsten},
 title = {Practical Implementation of Learning Fields in Vocational IT/CS Education: A Guideline on Designing Learning Situations},
 booktitle = {Proceedings of the 8th Workshop in Primary and Secondary Computing Education},
 series = {WiPSE '13},
 year = {2013},
 isbn = {978-1-4503-2455-7},
 location = {Aarhus, Denmark},
 pages = {132--135},
 numpages = {4},
 url = {http://doi.acm.org/10.1145/2532748.2532760},
 doi = {10.1145/2532748.2532760},
 acmid = {2532760},
 publisher = {ACM},
 address = {New York, NY, USA},
 keywords = {computer science education, game development, learning fields, learning situations, vocational IT education},
}

@inproceedings{Rodrigo:2009:ABP:1562877.1562929,
 author = {Rodrigo, Ma. Mercedes T. and Baker, Ryan S. and Jadud, Matthew C. and Amarra, Anna Christine M. and Dy, Thomas and Espejo-Lahoz, Maria Beatriz V. and Lim, Sheryl Ann L. and Pascua, Sheila A.M.S. and Sugay, Jessica O. and Tabanao, Emily S.},
 title = {Affective and Behavioral Predictors of Novice Programmer Achievement},
 booktitle = {Proceedings of the 14th Annual ACM SIGCSE Conference on Innovation and Technology in Computer Science Education},
 series = {ITiCSE '09},
 year = {2009},
 isbn = {978-1-60558-381-5},
 location = {Paris, France},
 pages = {156--160},
 numpages = {5},
 url = {http://doi.acm.org/10.1145/1562877.1562929},
 doi = {10.1145/1562877.1562929},
 acmid = {1562929},
 publisher = {ACM},
 address = {New York, NY, USA},
 keywords = {achievement, affect, novice programmers},
}

@article{Rodrigo:2009:ABP:1595496.1562929,
 author = {Rodrigo, Ma. Mercedes T. and Baker, Ryan S. and Jadud, Matthew C. and Amarra, Anna Christine M. and Dy, Thomas and Espejo-Lahoz, Maria Beatriz V. and Lim, Sheryl Ann L. and Pascua, Sheila A.M.S. and Sugay, Jessica O. and Tabanao, Emily S.},
 title = {Affective and Behavioral Predictors of Novice Programmer Achievement},
 journal = {SIGCSE Bull.},
 issue_date = {September 2009},
 volume = {41},
 number = {3},
 month = jul,
 year = {2009},
 issn = {0097-8418},
 pages = {156--160},
 numpages = {5},
 url = {http://doi.acm.org/10.1145/1595496.1562929},
 doi = {10.1145/1595496.1562929},
 acmid = {1562929},
 publisher = {ACM},
 address = {New York, NY, USA},
 keywords = {achievement, affect, novice programmers},
}

@article{Treu:1985:ASA:1022368.1022375,
 author = {Treu, Siegfried},
 title = {Adaptive Staging and Advancement of User-computer Interaction Skills in Office Environments},
 journal = {ACM SIGOA Newsletter},
 issue_date = {Summer and Fall 1985},
 volume = {6},
 number = {1-2},
 month = jul,
 year = {1985},
 issn = {0737-819X},
 pages = {27--32},
 numpages = {6},
 url = {http://doi.acm.org/10.1145/1022368.1022375},
 doi = {10.1145/1022368.1022375},
 acmid = {1022375},
 publisher = {ACM},
 address = {New York, NY, USA},
}

@article{Bailie:1991:IMA:107005.107065,
 author = {Bailie, Frances K.},
 title = {Improving the Modularization Ability of Novice Programmers},
 journal = {SIGCSE Bull.},
 issue_date = {Mar. 1991},
 volume = {23},
 number = {1},
 month = mar,
 year = {1991},
 issn = {0097-8418},
 pages = {277--282},
 numpages = {6},
 url = {http://doi.acm.org/10.1145/107005.107065},
 doi = {10.1145/107005.107065},
 acmid = {107065},
 publisher = {ACM},
 address = {New York, NY, USA},
}

@inproceedings{Bailie:1991:IMA:107004.107065,
 author = {Bailie, Frances K.},
 title = {Improving the Modularization Ability of Novice Programmers},
 booktitle = {Proceedings of the Twenty-second SIGCSE Technical Symposium on Computer Science Education},
 series = {SIGCSE '91},
 year = {1991},
 isbn = {0-89791-377-9},
 location = {San Antonio, Texas, USA},
 pages = {277--282},
 numpages = {6},
 url = {http://doi.acm.org/10.1145/107004.107065},
 doi = {10.1145/107004.107065},
 acmid = {107065},
 publisher = {ACM},
 address = {New York, NY, USA},
}

@inproceedings{Sanchez:2010:DIC:1810543.1810615,
 author = {S\'{a}nchez, Jaime},
 title = {Digital Inclusion in Chilean in Rural Schools},
 booktitle = {Proceedings of the 9th International Conference on Interaction Design and Children},
 series = {IDC '10},
 year = {2010},
 isbn = {978-1-60558-951-0},
 location = {Barcelona, Spain},
 pages = {364--367},
 numpages = {4},
 url = {http://doi.acm.org/10.1145/1810543.1810615},
 doi = {10.1145/1810543.1810615},
 acmid = {1810615},
 publisher = {ACM},
 address = {New York, NY, USA},
 keywords = {digital divide, internet, rural schools, teachers},
}

@article{Hanks:2009:CSS:1539024.1508875,
 author = {Hanks, Brian and Murphy, Laurie and Simon, Beth and McCauley, Ren{\'e}e and Zander, Carol},
 title = {CS1 Students Speak: Advice for Students by Students},
 journal = {SIGCSE Bull.},
 issue_date = {March 2009},
 volume = {41},
 number = {1},
 month = mar,
 year = {2009},
 issn = {0097-8418},
 pages = {19--23},
 numpages = {5},
 url = {http://doi.acm.org/10.1145/1539024.1508875},
 doi = {10.1145/1539024.1508875},
 acmid = {1508875},
 publisher = {ACM},
 address = {New York, NY, USA},
 keywords = {advice, attitudes, mindsets, self-theories, success factors},
}

@inproceedings{Hanks:2009:CSS:1508865.1508875,
 author = {Hanks, Brian and Murphy, Laurie and Simon, Beth and McCauley, Ren{\'e}e and Zander, Carol},
 title = {CS1 Students Speak: Advice for Students by Students},
 booktitle = {Proceedings of the 40th ACM Technical Symposium on Computer Science Education},
 series = {SIGCSE '09},
 year = {2009},
 isbn = {978-1-60558-183-5},
 location = {Chattanooga, TN, USA},
 pages = {19--23},
 numpages = {5},
 url = {http://doi.acm.org/10.1145/1508865.1508875},
 doi = {10.1145/1508865.1508875},
 acmid = {1508875},
 publisher = {ACM},
 address = {New York, NY, USA},
 keywords = {advice, attitudes, mindsets, self-theories, success factors},
}

@inproceedings{Moreno:2014:DEC:2538862.2538888,
 author = {Moreno, Andr{\'e}s and Sutinen, Erkki and Joy, Mike},
 title = {Defining and Evaluating Conflictive Animations for Programming Education: The Case of Jeliot ConAn},
 booktitle = {Proceedings of the 45th ACM Technical Symposium on Computer Science Education},
 series = {SIGCSE '14},
 year = {2014},
 isbn = {978-1-4503-2605-6},
 location = {Atlanta, Georgia, USA},
 pages = {629--634},
 numpages = {6},
 url = {http://doi.acm.org/10.1145/2538862.2538888},
 doi = {10.1145/2538862.2538888},
 acmid = {2538888},
 publisher = {ACM},
 address = {New York, NY, USA},
 keywords = {animation, conflictive animation, constructivism, cs1, programming},
}

@inproceedings{Murphy:2008:DFM:1384271.1384344,
 author = {Murphy, Laurie and Thomas, Lynda},
 title = {Dangers of a Fixed Mindset: Implications of Self-theories Research for Computer Science Education},
 booktitle = {Proceedings of the 13th Annual Conference on Innovation and Technology in Computer Science Education},
 series = {ITiCSE '08},
 year = {2008},
 isbn = {978-1-60558-078-4},
 location = {Madrid, Spain},
 pages = {271--275},
 numpages = {5},
 url = {http://doi.acm.org/10.1145/1384271.1384344},
 doi = {10.1145/1384271.1384344},
 acmid = {1384344},
 publisher = {ACM},
 address = {New York, NY, USA},
 keywords = {cs ed research, cs1, self-theories, theories of intelligence},
}

@article{Murphy:2008:DFM:1597849.1384344,
 author = {Murphy, Laurie and Thomas, Lynda},
 title = {Dangers of a Fixed Mindset: Implications of Self-theories Research for Computer Science Education},
 journal = {SIGCSE Bull.},
 issue_date = {September 2008},
 volume = {40},
 number = {3},
 month = jun,
 year = {2008},
 issn = {0097-8418},
 pages = {271--275},
 numpages = {5},
 url = {http://doi.acm.org/10.1145/1597849.1384344},
 doi = {10.1145/1597849.1384344},
 acmid = {1384344},
 publisher = {ACM},
 address = {New York, NY, USA},
 keywords = {cs ed research, cs1, self-theories, theories of intelligence},
}

@inproceedings{Murray:1996:SPO:1161135.1161167,
 author = {Murray, Tom},
 title = {Special Purpose Ontologies and the Representation of Pedagogical Knowledge},
 booktitle = {Proceedings of the 1996 International Conference on Learning Sciences},
 series = {ICLS '96},
 year = {1996},
 isbn = {1-880094-23-1},
 location = {Evanston, Illinois},
 pages = {235--242},
 numpages = {8},
 url = {http://dl.acm.org/citation.cfm?id=1161135.1161167},
 acmid = {1161167},
 publisher = {International Society of the Learning Sciences},
}

@inproceedings{Sorva:2010:UST:1930464.1930471,
 author = {Sorva, Juha and Sirki\"{a}, Teemu},
 title = {UUhistle: A Software Tool for Visual Program Simulation},
 booktitle = {Proceedings of the 10th Koli Calling International Conference on Computing Education Research},
 series = {Koli Calling '10},
 year = {2010},
 isbn = {978-1-4503-0520-4},
 location = {Koli, Finland},
 pages = {49--54},
 numpages = {6},
 url = {http://doi.acm.org/10.1145/1930464.1930471},
 doi = {10.1145/1930464.1930471},
 acmid = {1930471},
 publisher = {ACM},
 address = {New York, NY, USA},
 keywords = {UUhistle, automatic assessment, engagement, introductory programming, notional machine, program dynamics, program visualization, visual program simulation},
}

@inproceedings{Alhazbi:2018:FIP:3290511.3290552,
 author = {Alhazbi, Saleh and Halabi, Osama},
 title = {Flipping Introductory Programming Class: Potentials, Challenges, and Research Gaps},
 booktitle = {Proceedings of the 10th International Conference on Education Technology and Computers},
 series = {ICETC '18},
 year = {2018},
 isbn = {978-1-4503-6517-8},
 location = {Tokyo, Japan},
 pages = {27--32},
 numpages = {6},
 url = {http://doi.acm.org/10.1145/3290511.3290552},
 doi = {10.1145/3290511.3290552},
 acmid = {3290552},
 publisher = {ACM},
 address = {New York, NY, USA},
 keywords = {computer programming, flipped classroom, in-class activities, online-materials},
}

@inproceedings{deCarvalho:2008:LAH:1363686.1364006,
 author = {de Carvalho, Aparecido Fabiano Pinatti and Anacleto, Junia Coutinho and Zem-Mascarenhas, Silvia Helena},
 title = {Learning Activities on Health Care Supported by Common Sense Knowledge},
 booktitle = {Proceedings of the 2008 ACM Symposium on Applied Computing},
 series = {SAC '08},
 year = {2008},
 isbn = {978-1-59593-753-7},
 location = {Fortaleza, Ceara, Brazil},
 pages = {1385--1389},
 numpages = {5},
 url = {http://doi.acm.org/10.1145/1363686.1364006},
 doi = {10.1145/1363686.1364006},
 acmid = {1364006},
 publisher = {ACM},
 address = {New York, NY, USA},
 keywords = {common sense, health care, learning activities, planning},
}

@inproceedings{Kreitzberg:1974:CMS:1500175.1500240,
 author = {Kreitzberg, Charles B. and Swanson, Len},
 title = {A Cognitive Model for Structuring an Introductory Programming Curriculum},
 booktitle = {Proceedings of the May 6-10, 1974, National Computer Conference and Exposition},
 series = {AFIPS '74},
 year = {1974},
 location = {Chicago, Illinois},
 pages = {307--311},
 numpages = {5},
 url = {http://doi.acm.org/10.1145/1500175.1500240},
 doi = {10.1145/1500175.1500240},
 acmid = {1500240},
 publisher = {ACM},
 address = {New York, NY, USA},
}

@inproceedings{Vihavainen:2011:EAM:1953163.1953196,
 author = {Vihavainen, Arto and Paksula, Matti and Luukkainen, Matti},
 title = {Extreme Apprenticeship Method in Teaching Programming for Beginners},
 booktitle = {Proceedings of the 42Nd ACM Technical Symposium on Computer Science Education},
 series = {SIGCSE '11},
 year = {2011},
 isbn = {978-1-4503-0500-6},
 location = {Dallas, TX, USA},
 pages = {93--98},
 numpages = {6},
 url = {http://doi.acm.org/10.1145/1953163.1953196},
 doi = {10.1145/1953163.1953196},
 acmid = {1953196},
 publisher = {ACM},
 address = {New York, NY, USA},
 keywords = {best practices, cognitive apprenticeship, continuous feedback, course material, instructional design, learning by doing, motivation, programming education},
}

@inproceedings{Doube:1998:MDC:289393.289406,
 author = {Doube, Wendy},
 title = {Multimedia Delivery of Computer Programming Subjects: Basing Structure on Instructional Design},
 booktitle = {Proceedings of the 3rd Australasian Conference on Computer Science Education},
 series = {ACSE '98},
 year = {1998},
 isbn = {1-58113-018-X},
 location = {The University of Queensland, Australia},
 pages = {85--93},
 numpages = {9},
 url = {http://doi.acm.org/10.1145/289393.289406},
 doi = {10.1145/289393.289406},
 acmid = {289406},
 publisher = {ACM},
 address = {New York, NY, USA},
 keywords = {computer programming, distance education, instructional design, multimedia, simulation},
}

@inproceedings{Krichen:2007:ILS:1324302.1324330,
 author = {Krichen, Jack P.},
 title = {Investigating Learning Styles in the Online Educational Environment},
 booktitle = {Proceedings of the 8th ACM SIGITE Conference on Information Technology Education},
 series = {SIGITE '07},
 year = {2007},
 isbn = {978-1-59593-920-3},
 location = {Destin, Florida, USA},
 pages = {127--134},
 numpages = {8},
 url = {http://doi.acm.org/10.1145/1324302.1324330},
 doi = {10.1145/1324302.1324330},
 acmid = {1324330},
 publisher = {ACM},
 address = {New York, NY, USA},
 keywords = {canfield, education, learning styles, online},
}

@inproceedings{Whalley:2011:UTA:2459936.2459950,
 author = {Whalley, Jacqueline L. and Philpott, Anne},
 title = {A Unit Testing Approach to Building Novice Programmers' Skills and Confidence},
 booktitle = {Proceedings of the Thirteenth Australasian Computing Education Conference - Volume 114},
 series = {ACE '11},
 year = {2011},
 isbn = {978-1-920682-94-1},
 location = {Perth, Australia},
 pages = {113--118},
 numpages = {6},
 url = {http://dl.acm.org/citation.cfm?id=2459936.2459950},
 acmid = {2459950},
 publisher = {Australian Computer Society, Inc.},
 address = {Darlinghurst, Australia, Australia},
 keywords = {assessment, novice programmers, testing},
}

@inproceedings{Namgyal:2018:DIP:3178158.3178193,
 author = {Namgyal, Tenzin and Kongmanus, Kobsook},
 title = {Development of Instructional Package with Video Clips on Problem Solving Steps in Mathematics of Sixth-grade Students in Bhutan},
 booktitle = {Proceedings of the 6th International Conference on Information and Education Technology},
 series = {ICIET '18},
 year = {2018},
 isbn = {978-1-4503-5359-5},
 location = {Osaka, Japan},
 pages = {42--47},
 numpages = {6},
 url = {http://doi.acm.org/10.1145/3178158.3178193},
 doi = {10.1145/3178158.3178193},
 acmid = {3178193},
 publisher = {ACM},
 address = {New York, NY, USA},
 keywords = {bhutanese students, instructional package, problem solving steps, video clip},
}

@inproceedings{Anacleto:2008:BGC:1456536.1456565,
 author = {Anacleto, Junia Coutinho and Carlos, Alessandro Jos{\'e} Francisco and de Carvalho, Aparecido Fabiano Pinatti and Dias, Ana Luiza},
 title = {Bridging the Gap Among Cultures: The Challenge Faced by Teachers on Producing Content for Computer-aided Education},
 booktitle = {Proceedings of the 26th Annual ACM International Conference on Design of Communication},
 series = {SIGDOC '08},
 year = {2008},
 isbn = {978-1-60558-083-8},
 location = {Lisbon, Portugal},
 pages = {147--154},
 numpages = {8},
 url = {http://doi.acm.org/10.1145/1456536.1456565},
 doi = {10.1145/1456536.1456565},
 acmid = {1456565},
 publisher = {ACM},
 address = {New York, NY, USA},
 keywords = {common sense, e-learning, framework, learner's context, learning material, patterns},
}

@inproceedings{Wang:2017:RPB:3029387.3029411,
 author = {Wang, Meiyan},
 title = {The Research and Practice of the Blended Learning Mode in the Construction Courses},
 booktitle = {Proceedings of the 5th International Conference on Information and Education Technology},
 series = {ICIET '17},
 year = {2017},
 isbn = {978-1-4503-4803-4},
 location = {Tokyo, Japan},
 pages = {58--62},
 numpages = {5},
 url = {http://doi.acm.org/10.1145/3029387.3029411},
 doi = {10.1145/3029387.3029411},
 acmid = {3029411},
 publisher = {ACM},
 address = {New York, NY, USA},
 keywords = {Flipped Classroom, Independent learning, Informatization, Lifelong learning, Workplace},
}

@article{Tetzlaff:1986:TLB:1165387.275631,
 author = {Tetzlaff, Linda},
 title = {Transfer of Learning: Beyond Common Elements},
 journal = {SIGCHI Bull.},
 issue_date = {April 1987},
 volume = {18},
 number = {4},
 month = may,
 year = {1986},
 issn = {0736-6906},
 pages = {205--210},
 numpages = {6},
 url = {http://doi.acm.org/10.1145/1165387.275631},
 doi = {10.1145/1165387.275631},
 acmid = {275631},
 publisher = {ACM},
 address = {New York, NY, USA},
 keywords = {cognitive skills, human factors, production models, text editing, transfer},
}

@article{Tetzlaff:1986:TLB:30851.275631,
 author = {Tetzlaff, Linda},
 title = {Transfer of Learning: Beyond Common Elements},
 journal = {SIGCHI Bull.},
 issue_date = {May 1987},
 volume = {17},
 number = {SI},
 month = may,
 year = {1986},
 issn = {0736-6906},
 pages = {205--210},
 numpages = {6},
 url = {http://doi.acm.org/10.1145/30851.275631},
 doi = {10.1145/30851.275631},
 acmid = {275631},
 publisher = {ACM},
 address = {New York, NY, USA},
 keywords = {cognitive skills, human factors, production models, text editing, transfer},
}

@inproceedings{Tetzlaff:1986:TLB:29933.275631,
 author = {Tetzlaff, Linda},
 title = {Transfer of Learning: Beyond Common Elements},
 booktitle = {Proceedings of the SIGCHI/GI Conference on Human Factors in Computing Systems and Graphics Interface},
 series = {CHI '87},
 year = {1987},
 isbn = {0-89791-213-6},
 location = {Toronto, Ontario, Canada},
 pages = {205--210},
 numpages = {6},
 url = {http://doi.acm.org/10.1145/29933.275631},
 doi = {10.1145/29933.275631},
 acmid = {275631},
 publisher = {ACM},
 address = {New York, NY, USA},
 keywords = {cognitive skills, human factors, production models, text editing, transfer},
}

@inproceedings{Bray:1979:CSM:800138.804501,
 author = {Bray, Olin and Prietula, Michael},
 title = {The Concept of Skills Managment},
 booktitle = {Proceedings of the Sixteenth Annual SIGCPR Conference},
 series = {SIGCPR '79},
 year = {1979},
 location = {Princeton, New Jersey, USA},
 pages = {44--64},
 numpages = {21},
 url = {http://doi.acm.org/10.1145/800138.804501},
 doi = {10.1145/800138.804501},
 acmid = {804501},
 publisher = {ACM},
 address = {New York, NY, USA},
}

@inproceedings{Elfotouh:2017:TCS:3178298.3178304,
 author = {Elfotouh, Ahmed M. Abou and Nasr, Eman S. and Gheith, Mervat H.},
 title = {Towards A Comprehensive Serious Educational Games' Ontology},
 booktitle = {Proceedings of the 3rd Africa and Middle East Conference on Software Engineering},
 series = {AMECSE '17},
 year = {2017},
 isbn = {978-1-4503-5512-4},
 location = {Cairo, Egypt},
 pages = {25--30},
 numpages = {6},
 url = {http://doi.acm.org/10.1145/3178298.3178304},
 doi = {10.1145/3178298.3178304},
 acmid = {3178304},
 publisher = {ACM},
 address = {New York, NY, USA},
 keywords = {Serious educational games, domain modeling, edutainment, game-based learning, ontology},
}

@inproceedings{Peffer:2017:ALA:3027385.3027425,
 author = {Peffer, Melanie E. and Kyle, Kristopher},
 title = {Assessment of Language in Authentic Science Inquiry Reveals Putative Differences in Epistemology},
 booktitle = {Proceedings of the Seventh International Learning Analytics \&\#38; Knowledge Conference},
 series = {LAK '17},
 year = {2017},
 isbn = {978-1-4503-4870-6},
 location = {Vancouver, British Columbia, Canada},
 pages = {138--142},
 numpages = {5},
 url = {http://doi.acm.org/10.1145/3027385.3027425},
 doi = {10.1145/3027385.3027425},
 acmid = {3027425},
 publisher = {ACM},
 address = {New York, NY, USA},
 keywords = {TAALES, assessment, authentic science inquiry, lexical sophistication, science classroom inquiry simulations, science epistemology, science practices},
}

@inproceedings{Whalley:2007:DDN:1273672.1273693,
 author = {Whalley, Jacqueline and Prasad, Christine and Kumar, P. K. Ajith},
 title = {Decoding Doodles: Novice Programmers and Their Annotations},
 booktitle = {Proceedings of the Ninth Australasian Conference on Computing Education - Volume 66},
 series = {ACE '07},
 year = {2007},
 isbn = {1-920-68246-5},
 location = {Ballarat, Victoria, Australia},
 pages = {171--178},
 numpages = {8},
 url = {http://dl.acm.org/citation.cfm?id=1273672.1273693},
 acmid = {1273693},
 publisher = {Australian Computer Society, Inc.},
 address = {Darlinghurst, Australia, Australia},
 keywords = {annotation, cognitive taxonomies, computing education, doodle, novice programming},
}

@inproceedings{Neris:2005:HDQ:1114223.1114228,
 author = {Neris, Vania P. A. and Anacleto, Junia C. and Mascarenhas, Silvia and Neto, Americo Talarico},
 title = {Hyper Documents with Quality for Distance Learning: Cognitive Strategies to Help Teachers in the Navigational Project and Content Organization},
 booktitle = {Proceedings of the 11th Brazilian Symposium on Multimedia and the Web},
 series = {WebMedia '05},
 year = {2005},
 location = {Pocos de Caldas - Minas Gerais, Brazil},
 pages = {1--7},
 numpages = {7},
 url = {http://doi.acm.org/10.1145/1114223.1114228},
 doi = {10.1145/1114223.1114228},
 acmid = {1114228},
 publisher = {ACM},
 address = {New York, NY, USA},
 keywords = {cognitive strategies, distance learning, hyper documents edition, usability evaluation},
}

@inproceedings{Gong:1994:VGM:191666.191782,
 author = {Gong, Richard and Kieras, David},
 title = {A Validation of the GOMS Model Methodology in the Development of a Specialized, Commercial Software Application},
 booktitle = {Proceedings of the SIGCHI Conference on Human Factors in Computing Systems},
 series = {CHI '94},
 year = {1994},
 isbn = {0-89791-650-6},
 location = {Boston, Massachusetts, USA},
 pages = {351--357},
 numpages = {7},
 url = {http://doi.acm.org/10.1145/191666.191782},
 doi = {10.1145/191666.191782},
 acmid = {191782},
 publisher = {ACM},
 address = {New York, NY, USA},
 keywords = {GOMS, analytical methods, interface design, performance prediction, usability, user testing},
}

@inproceedings{Jordan:1989:FDR:74224.74232,
 author = {Jordan, D. S. and Russell, D. M. and Jensen, A.-M. S. and Rogers, R. A.},
 title = {Facilitating the Development of Representations in Hypertext with IDE},
 booktitle = {Proceedings of the Second Annual ACM Conference on Hypertext},
 series = {HYPERTEXT '89},
 year = {1989},
 isbn = {0-89791-339-6},
 location = {Pittsburgh, Pennsylvania, USA},
 pages = {93--104},
 numpages = {12},
 url = {http://doi.acm.org/10.1145/74224.74232},
 doi = {10.1145/74224.74232},
 acmid = {74232},
 publisher = {ACM},
 address = {New York, NY, USA},
}

@inproceedings{Jadud:2009:FRT:1584322.1584328,
 author = {Jadud, Matthew C. and Henriksen, Poul},
 title = {Flexible, Reusable Tools for Studying Novice Programmers},
 booktitle = {Proceedings of the Fifth International Workshop on Computing Education Research Workshop},
 series = {ICER '09},
 year = {2009},
 isbn = {978-1-60558-615-1},
 location = {Berkeley, CA, USA},
 pages = {37--42},
 numpages = {6},
 url = {http://doi.acm.org/10.1145/1584322.1584328},
 doi = {10.1145/1584322.1584328},
 acmid = {1584328},
 publisher = {ACM},
 address = {New York, NY, USA},
 keywords = {CS education research, blueJ, data logging, tools},
}

@inproceedings{Rodrigo:2009:CDS:1584322.1584332,
 author = {Rodrigo, Ma. Mercedes T. and Baker, Ryan S.J.d.},
 title = {Coarse-grained Detection of Student Frustration in an Introductory Programming Course},
 booktitle = {Proceedings of the Fifth International Workshop on Computing Education Research Workshop},
 series = {ICER '09},
 year = {2009},
 isbn = {978-1-60558-615-1},
 location = {Berkeley, CA, USA},
 pages = {75--80},
 numpages = {6},
 url = {http://doi.acm.org/10.1145/1584322.1584332},
 doi = {10.1145/1584322.1584332},
 acmid = {1584332},
 publisher = {ACM},
 address = {New York, NY, USA},
 keywords = {affect, frustration detection, novice programmers},
}

@inproceedings{Ioannis:2013:FTO:2491845.2491858,
 author = {Ioannis, Magnisalis and Stavros, Demetriadis and Yannis, Dimitriadis},
 title = {Flexible Tools for Online Collaborative Learning: Integration of Adaptation Patterns Functionality in the WebCollage Tool},
 booktitle = {Proceedings of the 17th Panhellenic Conference on Informatics},
 series = {PCI '13},
 year = {2013},
 isbn = {978-1-4503-1969-0},
 location = {Thessaloniki, Greece},
 pages = {114--121},
 numpages = {8},
 url = {http://doi.acm.org/10.1145/2491845.2491858},
 doi = {10.1145/2491845.2491858},
 acmid = {2491858},
 publisher = {ACM},
 address = {New York, NY, USA},
 keywords = {IMS-LD, WebCollage tool, adaptive CSCL scripts},
}

@inproceedings{C.:2012:PDL:2261605.2261632,
 author = {C., Carlos A. Castro and M., Edgar Serna and B., Gabriel E. Taborda},
 title = {A Proposed Design of Learning Objects},
 booktitle = {Proceedings of the 6th Euro American Conference on Telematics and Information Systems},
 series = {EATIS '12},
 year = {2012},
 isbn = {978-1-4503-1012-3},
 location = {Valencia, Spain},
 pages = {181--187},
 numpages = {7},
 url = {http://doi.acm.org/10.1145/2261605.2261632},
 doi = {10.1145/2261605.2261632},
 acmid = {2261632},
 publisher = {ACM},
 address = {New York, NY, USA},
 keywords = {learning objects, software design, software engineering, software life cycle},
}

@inproceedings{Kopp:2007:FAS:1599600.1599674,
 author = {Kopp, Birgitta and Mandl, Heinz},
 title = {Fostering Argumentation with Script and Content Scheme in Videoconferencing},
 booktitle = {Proceedings of the 8th Iternational Conference on Computer Supported Collaborative Learning},
 series = {CSCL'07},
 year = {2007},
 isbn = {978-0-6151-5436-7},
 location = {New Brunswick, New Jersey, USA},
 pages = {385--394},
 numpages = {10},
 url = {http://dl.acm.org/citation.cfm?id=1599600.1599674},
 acmid = {1599674},
 publisher = {International Society of the Learning Sciences},
}

@inproceedings{Whalley:2014:QTS:2591708.2591762,
 author = {Whalley, Jacqueline and Kasto, Nadia},
 title = {A Qualitative Think-aloud Study of Novice Programmers' Code Writing Strategies},
 booktitle = {Proceedings of the 2014 Conference on Innovation \&\#38; Technology in Computer Science Education},
 series = {ITiCSE '14},
 year = {2014},
 isbn = {978-1-4503-2833-3},
 location = {Uppsala, Sweden},
 pages = {279--284},
 numpages = {6},
 url = {http://doi.acm.org/10.1145/2591708.2591762},
 doi = {10.1145/2591708.2591762},
 acmid = {2591762},
 publisher = {ACM},
 address = {New York, NY, USA},
 keywords = {novice programmers, schemas, think aloud, vygotsky},
}

@inproceedings{Lowe:2019:ENP:3304221.3319775,
 author = {Lowe, Tony},
 title = {Explaining Novice Programmer's Struggles, in Two Parts: Revisiting the ITiCSE 2004 Working Group's Study Using Dual Process Theory},
 booktitle = {Proceedings of the 2019 ACM Conference on Innovation and Technology in Computer Science Education},
 series = {ITiCSE '19},
 year = {2019},
 isbn = {978-1-4503-6301-3},
 location = {Aberdeen, Scotland Uk},
 pages = {30--36},
 numpages = {7},
 url = {http://doi.acm.org/10.1145/3304221.3319775},
 doi = {10.1145/3304221.3319775},
 acmid = {3319775},
 publisher = {ACM},
 address = {New York, NY, USA},
 keywords = {computer science, dual process theory, education, fragile knowledge, programming, tracing},
}

@inproceedings{Melo:2014:AMD:2643604.2643605,
 author = {Melo, M\'{a}rio and Miranda, Guilhermina Lobato},
 title = {Applying the 4C-ID Model to the Design of a Digital Educational Resource for Teaching Electric Circuits: Effects on Student Achievement},
 booktitle = {Proceedings of the 2014 Workshop on Interaction Design in Educational Environments},
 series = {IDEE '14},
 year = {2014},
 isbn = {978-1-4503-3034-3},
 location = {Albacete, Spain},
 pages = {8:8--8:14},
 articleno = {8},
 numpages = {7},
 url = {http://doi.acm.org/10.1145/2643604.2643605},
 doi = {10.1145/2643604.2643605},
 acmid = {2643605},
 publisher = {ACM},
 address = {New York, NY, USA},
 keywords = {4C-ID model, Digital educational resources, Electric circuits, Instructional design \& technology, Learning environments, Multimedia educational messages},
}

@inproceedings{Becker:2007:IER:1328202.1328224,
 author = {Becker, Katrin},
 title = {Instructional Ethology: Reverse Engineering for Serious Design of Educational Games},
 booktitle = {Proceedings of the 2007 Conference on Future Play},
 series = {Future Play '07},
 year = {2007},
 isbn = {978-1-59593-943-2},
 location = {Toronto, Canada},
 pages = {121--128},
 numpages = {8},
 url = {http://doi.acm.org/10.1145/1328202.1328224},
 doi = {10.1145/1328202.1328224},
 acmid = {1328224},
 publisher = {ACM},
 address = {New York, NY, USA},
 keywords = {cognition, direct manipulation, education, human-computer interaction, learning, learnware, reflection},
}

@inproceedings{Jones:2005:CNT:1149293.1149324,
 author = {Jones, Chris and Dirckinck-Holmfeld, Lone and Lindtr\"{o}m, Berner},
 title = {CSCL - the Next Ten Years: A View from Europe},
 booktitle = {Proceedings of th 2005 Conference on Computer Support for Collaborative Learning: Learning 2005: The Next 10 Years!},
 series = {CSCL '05},
 year = {2005},
 isbn = {0-8058-5782-6},
 location = {Taipei, Taiwan},
 pages = {237--246},
 numpages = {10},
 url = {http://dl.acm.org/citation.cfm?id=1149293.1149324},
 acmid = {1149324},
 publisher = {International Society of the Learning Sciences},
 keywords = {CSCL, affordance, design, ethics, networked learning},
}

@inproceedings{Fronza:2019:ECS:3300115.3309522,
 author = {Fronza, Ilenia and Hellas, Arto and Ihantola, Petri and Mikkonen, Tommi},
 title = {An Exploration of Cognitive Shifting in Writing Code},
 booktitle = {Proceedings of the ACM Conference on Global Computing Education},
 series = {CompEd '19},
 year = {2019},
 isbn = {978-1-4503-6259-7},
 location = {Chengdu,Sichuan, China},
 pages = {65--71},
 numpages = {7},
 url = {http://doi.acm.org/10.1145/3300115.3309522},
 doi = {10.1145/3300115.3309522},
 acmid = {3309522},
 publisher = {ACM},
 address = {New York, NY, USA},
 keywords = {cognitive shifting, educational data mining, learning analytics, movement in source code, programming process},
}

@article{Berger:1988:MIL:382236.382856,
 author = {Berger, Carl F. and Carlson, Elizabeth A.},
 title = {A Model for Incorporating Learning Theories into Preservice Computer Training},
 journal = {SIGCUE Outlook},
 issue_date = {Sept. 1988},
 volume = {20},
 number = {1},
 month = sep,
 year = {1988},
 issn = {0163-5735},
 pages = {32--46},
 numpages = {15},
 url = {http://doi.acm.org/10.1145/382236.382856},
 doi = {10.1145/382236.382856},
 acmid = {382856},
 publisher = {ACM},
 address = {New York, NY, USA},
}

@article{Vainio:2007:FNP:1269900.1268853,
 author = {Vainio, Vesa and Sajaniemi, Jorma},
 title = {Factors in Novice Programmers' Poor Tracing Skills},
 journal = {SIGCSE Bull.},
 issue_date = {September 2007},
 volume = {39},
 number = {3},
 month = jun,
 year = {2007},
 issn = {0097-8418},
 pages = {236--240},
 numpages = {5},
 url = {http://doi.acm.org/10.1145/1269900.1268853},
 doi = {10.1145/1269900.1268853},
 acmid = {1268853},
 publisher = {ACM},
 address = {New York, NY, USA},
 keywords = {elementary programming, program tracing, programming education},
}

@inproceedings{Vainio:2007:FNP:1268784.1268853,
 author = {Vainio, Vesa and Sajaniemi, Jorma},
 title = {Factors in Novice Programmers' Poor Tracing Skills},
 booktitle = {Proceedings of the 12th Annual SIGCSE Conference on Innovation and Technology in Computer Science Education},
 series = {ITiCSE '07},
 year = {2007},
 isbn = {978-1-59593-610-3},
 location = {Dundee, Scotland},
 pages = {236--240},
 numpages = {5},
 url = {http://doi.acm.org/10.1145/1268784.1268853},
 doi = {10.1145/1268784.1268853},
 acmid = {1268853},
 publisher = {ACM},
 address = {New York, NY, USA},
 keywords = {elementary programming, program tracing, programming education},
}

@inproceedings{Bornat:2008:MMC:1379249.1379253,
 author = {Bornat, Richard and Dehnadi, Saeed and Simon},
 title = {Mental Models, Consistency and Programming Aptitude},
 booktitle = {Proceedings of the Tenth Conference on Australasian Computing Education - Volume 78},
 series = {ACE '08},
 year = {2008},
 isbn = {978-1-920682-59-0},
 location = {Wollongong, NSW, Australia},
 pages = {53--61},
 numpages = {9},
 url = {http://dl.acm.org/citation.cfm?id=1379249.1379253},
 acmid = {1379253},
 publisher = {Australian Computer Society, Inc.},
 address = {Darlinghurst, Australia, Australia},
 keywords = {programming aptitude},
}

@inproceedings{Zander:2019:CGI:3304221.3319783,
 author = {Zander, Carol and Eckerdal, Anna and McCartney, Robert and Mostrom, Jan Erik and Sanders, Kate and Thomas, Lynda},
 title = {Copying Can Be Good: How Instructors Use Imitation in Teaching Programming},
 booktitle = {Proceedings of the 2019 ACM Conference on Innovation and Technology in Computer Science Education},
 series = {ITiCSE '19},
 year = {2019},
 isbn = {978-1-4503-6301-3},
 location = {Aberdeen, Scotland Uk},
 pages = {450--456},
 numpages = {7},
 url = {http://doi.acm.org/10.1145/3304221.3319783},
 doi = {10.1145/3304221.3319783},
 acmid = {3319783},
 publisher = {ACM},
 address = {New York, NY, USA},
 keywords = {copying, imitation, mimicry},
}

@inproceedings{Buzatto:2009:PCC:1621995.1622026,
 author = {Buzatto, David and Anacleto, Junia Coutinho and Dias, Ana Luiza},
 title = {Providing Culturally Contextualized Metadata to Promote Sharing and Reuse of Learning Objects},
 booktitle = {Proceedings of the 27th ACM International Conference on Design of Communication},
 series = {SIGDOC '09},
 year = {2009},
 isbn = {978-1-60558-559-8},
 location = {Bloomington, Indiana, USA},
 pages = {163--170},
 numpages = {8},
 url = {http://doi.acm.org/10.1145/1621995.1622026},
 doi = {10.1145/1621995.1622026},
 acmid = {1622026},
 publisher = {ACM},
 address = {New York, NY, USA},
 keywords = {SCORM, common sense, framework, learning object, metadata, reuse},
}

@inproceedings{Birch:2016:UFM:2899415.2899433,
 author = {Birch, Geoff and Fischer, Bernd and Poppleton, Michael},
 title = {Using Fast Model-Based Fault Localisation to Aid Students in Self-Guided Program Repair and to Improve Assessment},
 booktitle = {Proceedings of the 2016 ACM Conference on Innovation and Technology in Computer Science Education},
 series = {ITiCSE '16},
 year = {2016},
 isbn = {978-1-4503-4231-5},
 location = {Arequipa, Peru},
 pages = {168--173},
 numpages = {6},
 url = {http://doi.acm.org/10.1145/2899415.2899433},
 doi = {10.1145/2899415.2899433},
 acmid = {2899433},
 publisher = {ACM},
 address = {New York, NY, USA},
 keywords = {assessment, debugging, model-based fault localisation, self-training, student code submissions},
}

@inproceedings{Freeman:2009:SVI:1731903.1731935,
 author = {Freeman, Dustin and Benko, Hrvoje and Morris, Meredith Ringel and Wigdor, Daniel},
 title = {ShadowGuides: Visualizations for In-situ Learning of Multi-touch and Whole-hand Gestures},
 booktitle = {Proceedings of the ACM International Conference on Interactive Tabletops and Surfaces},
 series = {ITS '09},
 year = {2009},
 isbn = {978-1-60558-733-2},
 location = {Banff, Alberta, Canada},
 pages = {165--172},
 numpages = {8},
 url = {http://doi.acm.org/10.1145/1731903.1731935},
 doi = {10.1145/1731903.1731935},
 acmid = {1731935},
 publisher = {ACM},
 address = {New York, NY, USA},
 keywords = {displacement, gesture learning, marking menus, multi-finger},
}

@inproceedings{Fu:2017:RLA:3027385.3027407,
 author = {Fu, Xinyu and Shimada, Atsushi and Ogata, Hiroaki and Taniguchi, Yuta and Suehiro, Daiki},
 title = {Real-time Learning Analytics for C Programming Language Courses},
 booktitle = {Proceedings of the Seventh International Learning Analytics \&\#38; Knowledge Conference},
 series = {LAK '17},
 year = {2017},
 isbn = {978-1-4503-4870-6},
 location = {Vancouver, British Columbia, Canada},
 pages = {280--288},
 numpages = {9},
 url = {http://doi.acm.org/10.1145/3027385.3027407},
 doi = {10.1145/3027385.3027407},
 acmid = {3027407},
 publisher = {ACM},
 address = {New York, NY, USA},
 keywords = {C programming, information visualization, learning analytics, learning dashboard, programming education},
}

@inproceedings{Neto:2006:FSD:1186595.1186612,
 author = {Neto, Americo Talarico and Anacleto, Junia Coutinho and Neris, V\^{a}nia Almeida and de Souza Godoi, Muriel and Carvalho, Aparecido Fabiano Pinatti},
 title = {A Framework to Support the Design of Learning Objects Based on the Cog-Learn Pattern Language},
 booktitle = {Proceedings of the 12th Brazilian Symposium on Multimedia and the Web},
 series = {WebMedia '06},
 year = {2006},
 isbn = {85-7669-100-0},
 location = {Natal, Rio Grande do Norte, Brazil},
 pages = {128--137},
 numpages = {10},
 url = {http://doi.acm.org/10.1145/1186595.1186612},
 doi = {10.1145/1186595.1186612},
 acmid = {1186612},
 publisher = {ACM},
 address = {New York, NY, USA},
 keywords = {EAD, SCORM, cog-learn, cognitor, educa\c{c}\~{a}o \`{a} dist\^{a}ncia, intera\c{c}\~{a}o humano-computador, linguagem de padr\~{o}es, projeto web},
}

@inproceedings{Shin:2010:DAT:1854360.1854434,
 author = {Shin, Namsoo and Stevens, Shawn Y. and Krajcik, Joseph},
 title = {Designing Assessments to Track Student Progress},
 booktitle = {Proceedings of the 9th International Conference of the Learning Sciences - Volume 1},
 series = {ICLS '10},
 year = {2010},
 location = {Chicago, Illinois},
 pages = {580--587},
 numpages = {8},
 url = {http://dl.acm.org/citation.cfm?id=1854360.1854434},
 acmid = {1854434},
 publisher = {International Society of the Learning Sciences},
}

@inproceedings{Bower:2006:LSE:1151869.1151877,
 author = {Bower, Matt},
 title = {A Learning System Engineering Approach to Developing Online Courses},
 booktitle = {Proceedings of the 8th Australasian Conference on Computing Education - Volume 52},
 series = {ACE '06},
 year = {2006},
 isbn = {1-920682-34-1},
 location = {Hobart, Australia},
 pages = {45--54},
 numpages = {10},
 url = {http://dl.acm.org/citation.cfm?id=1151869.1151877},
 acmid = {1151877},
 publisher = {Australian Computer Society, Inc.},
 address = {Darlinghurst, Australia, Australia},
 keywords = {curriculum engineering, learning design, online learning, online technology},
}

@inproceedings{Tabanao:2011:PAN:2016911.2016930,
 author = {Tabanao, Emily S. and Rodrigo, Ma. Mercedes T. and Jadud, Matthew C.},
 title = {Predicting At-risk Novice Java Programmers Through the Analysis of Online Protocols},
 booktitle = {Proceedings of the Seventh International Workshop on Computing Education Research},
 series = {ICER '11},
 year = {2011},
 isbn = {978-1-4503-0829-8},
 location = {Providence, Rhode Island, USA},
 pages = {85--92},
 numpages = {8},
 url = {http://doi.acm.org/10.1145/2016911.2016930},
 doi = {10.1145/2016911.2016930},
 acmid = {2016930},
 publisher = {ACM},
 address = {New York, NY, USA},
 keywords = {achievement, compilation behavior, cs1, java programming, novice programmers},
}

@inproceedings{Cardell-Oliver:2011:SMH:2459936.2459943,
 author = {Cardell-Oliver, Rachel},
 title = {How Can Software Metrics Help Novice Programmers?},
 booktitle = {Proceedings of the Thirteenth Australasian Computing Education Conference - Volume 114},
 series = {ACE '11},
 year = {2011},
 isbn = {978-1-920682-94-1},
 location = {Perth, Australia},
 pages = {55--62},
 numpages = {8},
 url = {http://dl.acm.org/citation.cfm?id=2459936.2459943},
 acmid = {2459943},
 publisher = {Australian Computer Society, Inc.},
 address = {Darlinghurst, Australia, Australia},
}

@inproceedings{Corney:2012:ERN:2483716.2483726,
 author = {Corney, Malcolm and Teague, Donna and Ahadi, Alireza and Lister, Raymond},
 title = {Some Empirical Results for neo-Piagetian Reasoning in Novice Programmers and the Relationship to Code Explanation Questions},
 booktitle = {Proceedings of the Fourteenth Australasian Computing Education Conference - Volume 123},
 series = {ACE '12},
 year = {2012},
 isbn = {978-1-921770-04-3},
 location = {Melbourne, Australia},
 pages = {77--86},
 numpages = {10},
 url = {http://dl.acm.org/citation.cfm?id=2483716.2483726},
 acmid = {2483726},
 publisher = {Australian Computer Society, Inc.},
 address = {Darlinghurst, Australia, Australia},
 keywords = {CS1, neo-Piagetian, novice programmer},
}

@inproceedings{Shimizu:2017:IMI:3152832.3152873,
 author = {Shimizu, Tomoyuki and Futami, Kyosuke and Terada, Tsutomu and Tsukamoto, Masahiko},
 title = {In-clock Manipulator: Information-presentation Method for Manipulating Subjective Time Using Wearable Devices},
 booktitle = {Proceedings of the 16th International Conference on Mobile and Ubiquitous Multimedia},
 series = {MUM '17},
 year = {2017},
 isbn = {978-1-4503-5378-6},
 location = {Stuttgart, Germany},
 pages = {223--230},
 numpages = {8},
 url = {http://doi.acm.org/10.1145/3152832.3152873},
 doi = {10.1145/3152832.3152873},
 acmid = {3152873},
 publisher = {ACM},
 address = {New York, NY, USA},
 keywords = {HMD, earphones, filled-duration illusion, information presentation, psychology, smart watch, time perception, wearable computer},
}

@inproceedings{Garner:2005:MPC:1082424.1082446,
 author = {Garner, Sandy and Haden, Patricia and Robins, Anthony},
 title = {My Program is Correct but It Doesn'T Run: A Preliminary Investigation of Novice Programmers' Problems},
 booktitle = {Proceedings of the 7th Australasian Conference on Computing Education - Volume 42},
 series = {ACE '05},
 year = {2005},
 isbn = {1-920682-24-4},
 location = {Newcastle, New South Wales, Australia},
 pages = {173--180},
 numpages = {8},
 url = {http://dl.acm.org/citation.cfm?id=1082424.1082446},
 acmid = {1082446},
 publisher = {Australian Computer Society, Inc.},
 address = {Darlinghurst, Australia, Australia},
 keywords = {novice programming errors CS1},
}

@inproceedings{Walwema:2012:DTI:2379057.2379061,
 author = {Walwema, Josephine N.},
 title = {Designing with Templates in Instructional Design},
 booktitle = {Proceedings of the 30th ACM International Conference on Design of Communication},
 series = {SIGDOC '12},
 year = {2012},
 isbn = {978-1-4503-1497-8},
 location = {Seattle, Washington, USA},
 pages = {17--22},
 numpages = {6},
 url = {http://doi.acm.org/10.1145/2379057.2379061},
 doi = {10.1145/2379057.2379061},
 acmid = {2379061},
 publisher = {ACM},
 address = {New York, NY, USA},
 keywords = {distance learning, episteme, instructional design, techne},
}

@article{Ayers:1988:UCE:382236.382864,
 author = {Ayers, Sharon Whitton and Bitter, Gary G.},
 title = {Using Computers to Enhance the Mathematics Classroom},
 journal = {SIGCUE Outlook},
 issue_date = {Sept. 1988},
 volume = {20},
 number = {1},
 month = sep,
 year = {1988},
 issn = {0163-5735},
 pages = {115--130},
 numpages = {16},
 url = {http://doi.acm.org/10.1145/382236.382864},
 doi = {10.1145/382236.382864},
 acmid = {382864},
 publisher = {ACM},
 address = {New York, NY, USA},
}

@inproceedings{Xie:2018:ESS:3159450.3159527,
 author = {Xie, Benjamin and Nelson, Greg L. and Ko, Andrew J.},
 title = {An Explicit Strategy to Scaffold Novice Program Tracing},
 booktitle = {Proceedings of the 49th ACM Technical Symposium on Computer Science Education},
 series = {SIGCSE '18},
 year = {2018},
 isbn = {978-1-4503-5103-4},
 location = {Baltimore, Maryland, USA},
 pages = {344--349},
 numpages = {6},
 url = {http://doi.acm.org/10.1145/3159450.3159527},
 doi = {10.1145/3159450.3159527},
 acmid = {3159527},
 publisher = {ACM},
 address = {New York, NY, USA},
 keywords = {instructional intervention, program tracing, sketching, think-aloud},
}

@inproceedings{Manches:2009:PME:1517664.1517688,
 author = {Manches, Andrew and O'Malley, Claire and Benford, Steve},
 title = {Physical Manipulation: Evaluating the Potential for Tangible Designs},
 booktitle = {Proceedings of the 3rd International Conference on Tangible and Embedded Interaction},
 series = {TEI '09},
 year = {2009},
 isbn = {978-1-60558-493-5},
 location = {Cambridge, United Kingdom},
 pages = {77--84},
 numpages = {8},
 url = {http://doi.acm.org/10.1145/1517664.1517688},
 doi = {10.1145/1517664.1517688},
 acmid = {1517688},
 publisher = {ACM},
 address = {New York, NY, USA},
 keywords = {physical manipulation, problem solving, tangibles},
}

@inproceedings{Alqadi:2017:ESD:3017680.3017761,
 author = {Alqadi, Basma S. and Maletic, Jonathan I.},
 title = {An Empirical Study of Debugging Patterns Among Novices Programmers},
 booktitle = {Proceedings of the 2017 ACM SIGCSE Technical Symposium on Computer Science Education},
 series = {SIGCSE '17},
 year = {2017},
 isbn = {978-1-4503-4698-6},
 location = {Seattle, Washington, USA},
 pages = {15--20},
 numpages = {6},
 url = {http://doi.acm.org/10.1145/3017680.3017761},
 doi = {10.1145/3017680.3017761},
 acmid = {3017761},
 publisher = {ACM},
 address = {New York, NY, USA},
 keywords = {debugging, logical errors, novice programmers, user study},
}

@inproceedings{Lyons:2015:DVE:2771839.2771845,
 author = {Lyons, Leilah and Tissenbaum, Michael and Berland, Matthew and Eydt, Rebecca and Wielgus, Lauren and Mechtley, Adam},
 title = {Designing Visible Engineering: Supporting Tinkering Performances in Museums},
 booktitle = {Proceedings of the 14th International Conference on Interaction Design and Children},
 series = {IDC '15},
 year = {2015},
 isbn = {978-1-4503-3590-4},
 location = {Boston, Massachusetts},
 pages = {49--58},
 numpages = {10},
 url = {http://doi.acm.org/10.1145/2771839.2771845},
 doi = {10.1145/2771839.2771845},
 acmid = {2771845},
 publisher = {ACM},
 address = {New York, NY, USA},
 keywords = {engineering education, exhibit design, informal learning, multi-touch tabletops, museums},
}

@article{CoutinhoAnacleto:2009:CEP:1595390.1595437,
 author = {Coutinho Anacleto, Junia and Talarico Neto, Americo and Neris, Vania Paula de Almeida},
 title = {Cog-Learn: An e-Learning Pattern Language for Web-based Learning Design},
 journal = {eLearn},
 issue_date = {August 2009},
 volume = {2009},
 number = {8},
 month = aug,
 year = {2009},
 issn = {1535-394X},
 articleno = {1},
 url = {http://doi.acm.org/10.1145/1595390.1595437},
 doi = {10.1145/1595390.1595437},
 acmid = {1595437},
 publisher = {ACM},
 address = {New York, NY, USA},
}

@inproceedings{Sorva:2010:RTC:1930464.1930467,
 author = {Sorva, Juha},
 title = {Reflections on Threshold Concepts in Computer Programming and Beyond},
 booktitle = {Proceedings of the 10th Koli Calling International Conference on Computing Education Research},
 series = {Koli Calling '10},
 year = {2010},
 isbn = {978-1-4503-0520-4},
 location = {Koli, Finland},
 pages = {21--30},
 numpages = {10},
 url = {http://doi.acm.org/10.1145/1930464.1930467},
 doi = {10.1145/1930464.1930467},
 acmid = {1930467},
 publisher = {ACM},
 address = {New York, NY, USA},
 keywords = {computer programming, fundamental ideas, information hiding, introductory programming, object interaction, program dynamics, threshold concepts, transliminal concepts},
}

@article{Goel:2006:IMI:1243481.1243483,
 author = {Goel, Sanjay and Pon, Damira and Bloniarz, Peter and Bangert-Drowns, Robert and Berg, George and Delio, Vince and Iwan, Laura and Hurbanek, Thomas and Schuman, Sandoor P. and Gangolly, Jagdish and Baykal, Adnan and Hobbs, Jon},
 title = {Innovative Model for Information Assurance Curriculum: A Teaching Hospital},
 journal = {J. Educ. Resour. Comput.},
 issue_date = {September 2006},
 volume = {6},
 number = {3},
 month = sep,
 year = {2006},
 issn = {1531-4278},
 articleno = {2},
 url = {http://doi.acm.org/10.1145/1243481.1243483},
 doi = {10.1145/1243481.1243483},
 acmid = {1243483},
 publisher = {ACM},
 address = {New York, NY, USA},
 keywords = {Education, case-based learning, cases, constructivism, information assurance, information security education, learning, problem-based learning, teaching hospital},
}

@inproceedings{Helminen:2013:RAI:2526968.2526970,
 author = {Helminen, Juha and Ihantola, Petri and Karavirta, Ville},
 title = {Recording and Analyzing In-browser Programming Sessions},
 booktitle = {Proceedings of the 13th Koli Calling International Conference on Computing Education Research},
 series = {Koli Calling '13},
 year = {2013},
 isbn = {978-1-4503-2482-3},
 location = {Koli, Finland},
 pages = {13--22},
 numpages = {10},
 url = {http://doi.acm.org/10.1145/2526968.2526970},
 doi = {10.1145/2526968.2526970},
 acmid = {2526970},
 publisher = {ACM},
 address = {New York, NY, USA},
 keywords = {Python, computer science education, computing education research, programming assignment, programming session, web based programming environment},
}

@inproceedings{Papavlasopoulou:2017:UEU:3078072.3079740,
 author = {Papavlasopoulou, Sofia and Sharma, Kshitij and Giannakos, Michail and Jaccheri, Letizia},
 title = {Using Eye-Tracking to Unveil Differences Between Kids and Teens in Coding Activities},
 booktitle = {Proceedings of the 2017 Conference on Interaction Design and Children},
 series = {IDC '17},
 year = {2017},
 isbn = {978-1-4503-4921-5},
 location = {Stanford, California, USA},
 pages = {171--181},
 numpages = {11},
 url = {http://doi.acm.org/10.1145/3078072.3079740},
 doi = {10.1145/3078072.3079740},
 acmid = {3079740},
 publisher = {ACM},
 address = {New York, NY, USA},
 keywords = {coding, eye-tracking, kids, maker movement, teens},
}

@article{Mayers:2001:MHC:381234.381249,
 author = {Mayers, Andr{\'e} and Lefebvre, Bernard and Frasson, Claude},
 title = {MIACE, a Human Cognitive Architecture},
 journal = {SIGCUE Outlook},
 issue_date = {March 2001},
 volume = {27},
 number = {2},
 month = mar,
 year = {2001},
 issn = {0163-5735},
 pages = {61--77},
 numpages = {17},
 url = {http://doi.acm.org/10.1145/381234.381249},
 doi = {10.1145/381234.381249},
 acmid = {381249},
 publisher = {ACM},
 address = {New York, NY, USA},
 keywords = {cognitive architecture, cognitive psychology, computational model},
}

@inproceedings{Jin:2011:CPT:2016911.2016933,
 author = {Jin, Wei and Corbett, Albert},
 title = {CAL Programming Tutors That Guide Students in Solving Problems and Help Students Building Skills.},
 booktitle = {Proceedings of the Seventh International Workshop on Computing Education Research},
 series = {ICER '11},
 year = {2011},
 isbn = {978-1-4503-0829-8},
 location = {Providence, Rhode Island, USA},
 pages = {101--108},
 numpages = {8},
 url = {http://doi.acm.org/10.1145/2016911.2016933},
 doi = {10.1145/2016911.2016933},
 acmid = {2016933},
 publisher = {ACM},
 address = {New York, NY, USA},
 keywords = {cognitive apprenticeship learning, cognitive tutors, cs1, introduction to programming, pedagogy, scaffolding},
}

@inproceedings{Olfman:1997:RTP:268820.268887,
 author = {Olfman, Lorne and Shayo, Conrad},
 title = {The Role of Training in Preparing End Users to Learn New but Similar Software Packages},
 booktitle = {Proceedings of the 1997 ACM SIGCPR Conference on Computer Personnel Research},
 series = {SIGCPR '97},
 year = {1997},
 isbn = {0-89791-904-1},
 location = {San Francisco, California, USA},
 pages = {210--223},
 numpages = {14},
 url = {http://doi.acm.org/10.1145/268820.268887},
 doi = {10.1145/268820.268887},
 acmid = {268887},
 publisher = {ACM},
 address = {New York, NY, USA},
}

@inproceedings{Carbone:2000:PDP:359369.359374,
 author = {Carbone, Angela and Hurst, John and Mitchell, Ian and Gunstone, Dick},
 title = {Principles for Designing Programming Exercises to Minimise Poor Learning Behaviours in Students},
 booktitle = {Proceedings of the Australasian Conference on Computing Education},
 series = {ACSE '00},
 year = {2000},
 isbn = {1-58113-271-9},
 location = {Melbourne, Australia},
 pages = {26--33},
 numpages = {8},
 url = {http://doi.acm.org/10.1145/359369.359374},
 doi = {10.1145/359369.359374},
 acmid = {359374},
 publisher = {ACM},
 address = {New York, NY, USA},
}

@inproceedings{Martinie:2011:MTA:1996461.1996495,
 author = {Martinie, C{\'e}lia and Palanque, Philippe and Navarre, David and Winckler, Marco and Poupart, Erwann},
 title = {Model-based Training: An Approach Supporting Operability of Critical Interactive Systems},
 booktitle = {Proceedings of the 3rd ACM SIGCHI Symposium on Engineering Interactive Computing Systems},
 series = {EICS '11},
 year = {2011},
 isbn = {978-1-4503-0670-6},
 location = {Pisa, Italy},
 pages = {53--62},
 numpages = {10},
 url = {http://doi.acm.org/10.1145/1996461.1996495},
 doi = {10.1145/1996461.1996495},
 acmid = {1996495},
 publisher = {ACM},
 address = {New York, NY, USA},
 keywords = {formal methods, interactive critical systems, systematic approach to training},
}

@inproceedings{Leinonen:2017:CTM:3105726.3106181,
 author = {Leinonen, Juho and Lepp\"{a}nen, Leo and Ihantola, Petri and Hellas, Arto},
 title = {Comparison of Time Metrics in Programming},
 booktitle = {Proceedings of the 2017 ACM Conference on International Computing Education Research},
 series = {ICER '17},
 year = {2017},
 isbn = {978-1-4503-4968-0},
 location = {Tacoma, Washington, USA},
 pages = {200--208},
 numpages = {9},
 url = {http://doi.acm.org/10.1145/3105726.3106181},
 doi = {10.1145/3105726.3106181},
 acmid = {3106181},
 publisher = {ACM},
 address = {New York, NY, USA},
 keywords = {academic success prediction, educational data mining, multi-source data analysis, time metrics, time on task},
}

@inproceedings{Hosseini:2017:SMP:3079628.3079672,
 author = {Hosseini, Roya and Brusilovsky, Peter and Yudelson, Michael and Hellas, Arto},
 title = {Stereotype Modeling for Problem-Solving Performance Predictions in MOOCs and Traditional Courses},
 booktitle = {Proceedings of the 25th Conference on User Modeling, Adaptation and Personalization},
 series = {UMAP '17},
 year = {2017},
 isbn = {978-1-4503-4635-1},
 location = {Bratislava, Slovakia},
 pages = {76--84},
 numpages = {9},
 url = {http://doi.acm.org/10.1145/3079628.3079672},
 doi = {10.1145/3079628.3079672},
 acmid = {3079672},
 publisher = {ACM},
 address = {New York, NY, USA},
 keywords = {individual differences, java, mooc, student modeling},
}

@inproceedings{Ma:2007:PDL:1316874.1316893,
 author = {Ma, Yi and Fox, Edward A. and Gon\c{c}alves, Marcos A.},
 title = {Personal Digital Library: Pim Through a 5s Perspective},
 booktitle = {Proceedings of the ACM First Ph.D. Workshop in CIKM},
 series = {PIKM '07},
 year = {2007},
 isbn = {978-1-59593-832-9},
 location = {Lisbon, Portugal},
 pages = {117--124},
 numpages = {8},
 url = {http://doi.acm.org/10.1145/1316874.1316893},
 doi = {10.1145/1316874.1316893},
 acmid = {1316893},
 publisher = {ACM},
 address = {New York, NY, USA},
 keywords = {5S model, behavioral relevance, cognitive science, intrapersonal communication, personal information management},
}

@inproceedings{Simon:2008:SIN:1404520.1404537,
 author = {Simon, Beth and Hanks, Brian and Murphy, Laurie and Fitzgerald, Sue and McCauley, Ren{\'e}e and Thomas, Lynda and Zander, Carol},
 title = {Saying Isn'T Necessarily Believing: Influencing Self-theories in Computing},
 booktitle = {Proceedings of the Fourth International Workshop on Computing Education Research},
 series = {ICER '08},
 year = {2008},
 isbn = {978-1-60558-216-0},
 location = {Sydney, Australia},
 pages = {173--184},
 numpages = {12},
 url = {http://doi.acm.org/10.1145/1404520.1404537},
 doi = {10.1145/1404520.1404537},
 acmid = {1404537},
 publisher = {ACM},
 address = {New York, NY, USA},
 keywords = {attitudinal, cs0, cs1, debugging, dweck, growth mindset, likert, novice programmers, programming, self-theories},
}

@article{Ott:2016:TPE:2883588.2737596,
 author = {Ott, Claudia and Robins, Anthony and Shephard, Kerry},
 title = {Translating Principles of Effective Feedback for Students into the CS1 Context},
 journal = {ACM Trans. Comput. Educ.},
 issue_date = {February 2016},
 volume = {16},
 number = {1},
 month = jan,
 year = {2016},
 issn = {1946-6226},
 pages = {1:1--1:27},
 articleno = {1},
 numpages = {27},
 url = {http://doi.acm.org/10.1145/2737596},
 doi = {10.1145/2737596},
 acmid = {2737596},
 publisher = {ACM},
 address = {New York, NY, USA},
 keywords = {CS1, Effective feedback practice, higher education},
}

@inproceedings{Banerjee:2018:EFF:3173574.3174196,
 author = {Banerjee, Rahul and Liu, Leanne and Sobel, Kiley and Pitt, Caroline and Lee, Kung Jin and Wang, Meng and Chen, Sijin and Davison, Lydia and Yip, Jason C. and Ko, Andrew J. and Popovic, Zoran},
 title = {Empowering Families Facing English Literacy Challenges to Jointly Engage in Computer Programming},
 booktitle = {Proceedings of the 2018 CHI Conference on Human Factors in Computing Systems},
 series = {CHI '18},
 year = {2018},
 isbn = {978-1-4503-5620-6},
 location = {Montreal QC, Canada},
 pages = {622:1--622:13},
 articleno = {622},
 numpages = {13},
 url = {http://doi.acm.org/10.1145/3173574.3174196},
 doi = {10.1145/3173574.3174196},
 acmid = {3174196},
 publisher = {ACM},
 address = {New York, NY, USA},
 keywords = {coding, english-language learning (ell) families, joint media engagement (jme), programming, text-free},
}

@article{Neal:2005:BEE:1082215.1082219,
 author = {Neal, Lisa and Miller, Diane},
 title = {The Basics of e-Learning: An Excerpt from Handbook of Human Factors in Web Design},
 journal = {eLearn},
 issue_date = {August 2005},
 volume = {2005},
 number = {8},
 month = aug,
 year = {2005},
 issn = {1535-394X},
 pages = {2--},
 url = {http://doi.acm.org/10.1145/1082215.1082219},
 doi = {10.1145/1082215.1082219},
 acmid = {1082219},
 publisher = {ACM},
 address = {New York, NY, USA},
}

@article{Gruschke:2008:ROF:13487689.13487693,
 author = {Gruschke, Tanja M. and J{\o}rgensen, Magne},
 title = {The Role of Outcome Feedback in Improving the Uncertainty Assessment of Software Development Effort Estimates},
 journal = {ACM Trans. Softw. Eng. Methodol.},
 issue_date = {August 2008},
 volume = {17},
 number = {4},
 month = aug,
 year = {2008},
 issn = {1049-331X},
 pages = {20:1--20:35},
 articleno = {20},
 numpages = {35},
 url = {http://doi.acm.org/10.1145/13487689.13487693},
 doi = {10.1145/13487689.13487693},
 acmid = {13487693},
 publisher = {ACM},
 address = {New York, NY, USA},
 keywords = {Software cost estimation, cost estimation, effort prediction intervals, judgment-based uncertainty assessment, overconfidence, software development management},
}

@article{Kunkle:2016:IDT:2883588.2785807,
 author = {Kunkle, Wanda M. and Allen, Robert B.},
 title = {The Impact of Different Teaching Approaches and Languages on Student Learning of Introductory Programming Concepts},
 journal = {ACM Trans. Comput. Educ.},
 issue_date = {February 2016},
 volume = {16},
 number = {1},
 month = jan,
 year = {2016},
 issn = {1946-6226},
 pages = {3:1--3:26},
 articleno = {3},
 numpages = {26},
 url = {http://doi.acm.org/10.1145/2785807},
 doi = {10.1145/2785807},
 acmid = {2785807},
 publisher = {ACM},
 address = {New York, NY, USA},
 keywords = {Education},
}

@inproceedings{Begel:2008:NSD:1404520.1404522,
 author = {Begel, Andrew and Simon, Beth},
 title = {Novice Software Developers, All over Again},
 booktitle = {Proceedings of the Fourth International Workshop on Computing Education Research},
 series = {ICER '08},
 year = {2008},
 isbn = {978-1-60558-216-0},
 location = {Sydney, Australia},
 pages = {3--14},
 numpages = {12},
 url = {http://doi.acm.org/10.1145/1404520.1404522},
 doi = {10.1145/1404520.1404522},
 acmid = {1404522},
 publisher = {ACM},
 address = {New York, NY, USA},
 keywords = {computer science pedagogy, human aspects of software engineering, software development, training},
}

@inproceedings{Lepe-Salazar:2015:MAD:2832932.2832951,
 author = {Lepe-Salazar, Francisco},
 title = {A Model to Analyze and Design Educational Games with Pedagogical Foundations},
 booktitle = {Proceedings of the 12th International Conference on Advances in Computer Entertainment Technology},
 series = {ACE '15},
 year = {2015},
 isbn = {978-1-4503-3852-3},
 location = {Iskandar, Malaysia},
 pages = {1:1--1:14},
 articleno = {1},
 numpages = {14},
 url = {http://doi.acm.org/10.1145/2832932.2832951},
 doi = {10.1145/2832932.2832951},
 acmid = {2832951},
 publisher = {ACM},
 address = {New York, NY, USA},
 keywords = {educational games, game design, learning sciences, learning theories, model, pedagogy, serious games},
}

@inproceedings{An:2019:UER:3290605.3300321,
 author = {An, Pengcheng and Bakker, Saskia and Ordanovski, Sara and Taconis, Ruurd and Paffen, Chris L.E. and Eggen, Berry},
 title = {Unobtrusively Enhancing Reflection-in-Action of Teachers Through Spatially Distributed Ambient Information},
 booktitle = {Proceedings of the 2019 CHI Conference on Human Factors in Computing Systems},
 series = {CHI '19},
 year = {2019},
 isbn = {978-1-4503-5970-2},
 location = {Glasgow, Scotland Uk},
 pages = {91:1--91:14},
 articleno = {91},
 numpages = {14},
 url = {http://doi.acm.org/10.1145/3290605.3300321},
 doi = {10.1145/3290605.3300321},
 acmid = {3300321},
 publisher = {ACM},
 address = {New York, NY, USA},
 keywords = {ambient information system, distributed cognition, periphery of attention, reflection-in-action, reflective practitioner, teacher},
}

@article{Riemenschneider:2006:BFW:1185335.1185345,
 author = {Riemenschneider, Cynthia K. and Armstrong, Deborah J. and Allen, Myria W. and Reid, Margaret F.},
 title = {Barriers Facing Women in the IT Work Force},
 journal = {SIGMIS Database},
 issue_date = {Fall 2006},
 volume = {37},
 number = {4},
 month = nov,
 year = {2006},
 issn = {0095-0033},
 pages = {58--78},
 numpages = {21},
 url = {http://doi.acm.org/10.1145/1185335.1185345},
 doi = {10.1145/1185335.1185345},
 acmid = {1185345},
 publisher = {ACM},
 address = {New York, NY, USA},
 keywords = {revealed causal mapping, turnover, women in information technology, workplace barriers},
}

@inproceedings{Schulte:2010:IPC:1971681.1971687,
 author = {Schulte, Carsten and Clear, Tony and Taherkhani, Ahmad and Busjahn, Teresa and Paterson, James H.},
 title = {An Introduction to Program Comprehension for Computer Science Educators},
 booktitle = {Proceedings of the 2010 ITiCSE Working Group Reports},
 series = {ITiCSE-WGR '10},
 year = {2010},
 isbn = {978-1-4503-0677-5},
 location = {Ankara, Turkey},
 pages = {65--86},
 numpages = {22},
 url = {http://doi.acm.org/10.1145/1971681.1971687},
 doi = {10.1145/1971681.1971687},
 acmid = {1971687},
 publisher = {ACM},
 address = {New York, NY, USA},
 keywords = {CS ed research, pedagogy, program comprehension},
}

@article{D'mello:2013:AAA:2395123.2395128,
 author = {D'mello, Sidney and Graesser, Art},
 title = {AutoTutor and Affective Autotutor: Learning by Talking with Cognitively and Emotionally Intelligent Computers That Talk Back},
 journal = {ACM Trans. Interact. Intell. Syst.},
 issue_date = {December 2012},
 volume = {2},
 number = {4},
 month = jan,
 year = {2013},
 issn = {2160-6455},
 pages = {23:1--23:39},
 articleno = {23},
 numpages = {39},
 url = {http://doi.acm.org/10.1145/2395123.2395128},
 doi = {10.1145/2395123.2395128},
 acmid = {2395128},
 publisher = {ACM},
 address = {New York, NY, USA},
 keywords = {Intelligent tutoring systems, affect detection and synthesis, affective computing, constructivism, deep learning, natural language understanding, student modeling, user modeling},
}

@inproceedings{Lister:2004:MSR:1044550.1041673,
 author = {Lister, Raymond and Adams, Elizabeth S. and Fitzgerald, Sue and Fone, William and Hamer, John and Lindholm, Morten and McCartney, Robert and Mostr\"{o}m, Jan Erik and Sanders, Kate and Sepp\"{a}l\"{a}, Otto and Simon, Beth and Thomas, Lynda},
 title = {A Multi-national Study of Reading and Tracing Skills in Novice Programmers},
 booktitle = {Working Group Reports from ITiCSE on Innovation and Technology in Computer Science Education},
 series = {ITiCSE-WGR '04},
 year = {2004},
 location = {Leeds, United Kingdom},
 pages = {119--150},
 numpages = {32},
 url = {http://doi.acm.org/10.1145/1044550.1041673},
 doi = {10.1145/1044550.1041673},
 acmid = {1041673},
 publisher = {ACM},
 address = {New York, NY, USA},
}

@article{Lister:2004:MSR:1041624.1041673,
 author = {Lister, Raymond and Adams, Elizabeth S. and Fitzgerald, Sue and Fone, William and Hamer, John and Lindholm, Morten and McCartney, Robert and Mostr\"{o}m, Jan Erik and Sanders, Kate and Sepp\"{a}l\"{a}, Otto and Simon, Beth and Thomas, Lynda},
 title = {A Multi-national Study of Reading and Tracing Skills in Novice Programmers},
 journal = {SIGCSE Bull.},
 issue_date = {December 2004},
 volume = {36},
 number = {4},
 month = jun,
 year = {2004},
 issn = {0097-8418},
 pages = {119--150},
 numpages = {32},
 url = {http://doi.acm.org/10.1145/1041624.1041673},
 doi = {10.1145/1041624.1041673},
 acmid = {1041673},
 publisher = {ACM},
 address = {New York, NY, USA},
}

@article{Talon:2012:DCI:2275597.2275598,
 author = {Talon, B{\'e}n{\'e}dicte and Sagar, Mouldi and Kolski, Christophe},
 title = {Developing Competence in Interactive Systems: The GRASP Tool for the Design or Redesign of Pedagogical ICT Devices},
 journal = {Trans. Comput. Educ.},
 issue_date = {July 2012},
 volume = {12},
 number = {3},
 month = jul,
 year = {2012},
 issn = {1946-6226},
 pages = {9:1--9:43},
 articleno = {9},
 numpages = {43},
 url = {http://doi.acm.org/10.1145/2275597.2275598},
 doi = {10.1145/2275597.2275598},
 acmid = {2275598},
 publisher = {ACM},
 address = {New York, NY, USA},
 keywords = {GRASP, Pedagogical devices design, active pedagogy, competence training, design tool, interactive systems education and training},
}

@article{Sorva:2013:NMI:2483710.2483713,
 author = {Sorva, Juha},
 title = {Notional Machines and Introductory Programming Education},
 journal = {Trans. Comput. Educ.},
 issue_date = {June 2013},
 volume = {13},
 number = {2},
 month = jul,
 year = {2013},
 issn = {1946-6226},
 pages = {8:1--8:31},
 articleno = {8},
 numpages = {31},
 url = {http://doi.acm.org/10.1145/2483710.2483713},
 doi = {10.1145/2483710.2483713},
 acmid = {2483713},
 publisher = {ACM},
 address = {New York, NY, USA},
 keywords = {CS1, Notional machine, constructivism, introductory programming education, literature review, mental models, misconceptions, phenomenography, threshold concepts},
}

@article{Sorva:2013:RGP:2543488.2490822,
 author = {Sorva, Juha and Karavirta, Ville and Malmi, Lauri},
 title = {A Review of Generic Program Visualization Systems for Introductory Programming Education},
 journal = {Trans. Comput. Educ.},
 issue_date = {November 2013},
 volume = {13},
 number = {4},
 month = nov,
 year = {2013},
 issn = {1946-6226},
 pages = {15:1--15:64},
 articleno = {15},
 numpages = {64},
 url = {http://doi.acm.org/10.1145/2490822},
 doi = {10.1145/2490822},
 acmid = {2490822},
 publisher = {ACM},
 address = {New York, NY, USA},
 keywords = {CS1, Introductory programming education, engagement taxonomy, literature review, notional machine, program dynamics, program visualization, software visualization},
}

