@inproceedings{vanderLinden:1990:ARR:997939.997982,
 author = {van der Linden, Erik-Jan and Kraaij, Wessel},
 title = {Ambiguity Resolution and the Retrieval of Idioms: Two Approaches},
 booktitle = {Proceedings of the 13th Conference on Computational Linguistics - Volume 2},
 series = {COLING '90},
 year = {1990},
 location = {Helsinki, Finland},
 pages = {245--250},
 numpages = {6},
 url = {https://doi.org/10.3115/997939.997982},
 doi = {10.3115/997939.997982},
 acmid = {997982},
 publisher = {Association for Computational Linguistics},
 address = {Stroudsburg, PA, USA},
 keywords = {ambiguity resulution, connectionism, idiom processing, two level morphology},
}

@inproceedings{Sas:2005:HMC:1122935.1122945,
 author = {Sas, Corina},
 title = {A Hybrid Model for Capturing Implicit Spatial Knowledge},
 booktitle = {Proceedings of the 4th International Workshop on Task Models and Diagrams},
 series = {TAMODIA '05},
 year = {2005},
 isbn = {1-59593-220-8},
 location = {Gdansk, Poland},
 pages = {49--54},
 numpages = {6},
 url = {http://doi.acm.org/10.1145/1122935.1122945},
 doi = {10.1145/1122935.1122945},
 acmid = {1122945},
 publisher = {ACM},
 address = {New York, NY, USA},
 keywords = {connectionism, implicit knowledge elicitation, user modelling, virtual reality},
}

@article{Petron:1999:SNN:327906.327908,
 author = {Petron, Ed},
 title = {Stuttgart Neural Network Simulator: Exploring Connectionism and Machine Learning with SNNS},
 journal = {Linux J.},
 issue_date = {July 1999},
 volume = {1999},
 number = {63es},
 month = jul,
 year = {1999},
 issn = {1075-3583},
 articleno = {2},
 url = {http://dl.acm.org/citation.cfm?id=327906.327908},
 acmid = {327908},
 publisher = {Belltown Media},
 address = {Houston, TX},
}

@inproceedings{Charniak:1987:CE:980304.980319,
 author = {Charniak, Eugene},
 title = {Connectionism and Explanation},
 booktitle = {Proceedings of the 1987 Workshop on Theoretical Issues in Natural Language Processing},
 series = {TINLAP '87},
 year = {1987},
 location = {Las Cruces, New Mexico},
 pages = {71--74},
 numpages = {4},
 url = {https://doi.org/10.3115/980304.980319},
 doi = {10.3115/980304.980319},
 acmid = {980319},
 publisher = {Association for Computational Linguistics},
 address = {Stroudsburg, PA, USA},
}

@inproceedings{Lehnert:1987:PIC:980304.980321,
 author = {Lehnert, Wendy G.},
 title = {Possible Implications of Connectionism},
 booktitle = {Proceedings of the 1987 Workshop on Theoretical Issues in Natural Language Processing},
 series = {TINLAP '87},
 year = {1987},
 location = {Las Cruces, New Mexico},
 pages = {80--85},
 numpages = {6},
 url = {https://doi.org/10.3115/980304.980321},
 doi = {10.3115/980304.980321},
 acmid = {980321},
 publisher = {Association for Computational Linguistics},
 address = {Stroudsburg, PA, USA},
}

@inproceedings{Benbassat:2015:ESE:2739482.2764888,
 author = {Benbassat, Amit and Henik, Avishai},
 title = {Examining The Stroop Effect Using A Develomental Spatial Neuroevolution System},
 booktitle = {Proceedings of the Companion Publication of the 2015 Annual Conference on Genetic and Evolutionary Computation},
 series = {GECCO Companion '15},
 year = {2015},
 isbn = {978-1-4503-3488-4},
 location = {Madrid, Spain},
 pages = {747--748},
 numpages = {2},
 url = {http://doi.acm.org/10.1145/2739482.2764888},
 doi = {10.1145/2739482.2764888},
 acmid = {2764888},
 publisher = {ACM},
 address = {New York, NY, USA},
 keywords = {cognitive simulation, connectionism and neural nets, developmental ea, evolutionary algorithm, neuroevolution},
}

@article{Tabor:1997:RHS:972705.972715,
 note = {Reviewer-Tabor, Whitney},
 title = {Review of "The Human Semantic Potential: Spatial Language and Constrained Connectionism" by Terry Regier. The MIT Press 1996.},
 journal = {Comput. Linguist.},
 issue_date = {September 1997},
 volume = {23},
 number = {3},
 month = sep,
 year = {1997},
 issn = {0891-2017},
 pages = {483--486},
 numpages = {4},
 url = {http://dl.acm.org/citation.cfm?id=972705.972715},
 acmid = {972715},
 publisher = {MIT Press},
 address = {Cambridge, MA, USA},
}

@inproceedings{Brachman:1988:KRC:62437.62448,
 author = {Brachman, R. J. and McGuinness, D. L.},
 title = {Knowledge Representation, Connectionism and Conceptual Retrieval},
 booktitle = {Proceedings of the 11th Annual International ACM SIGIR Conference on Research and Development in Information Retrieval},
 series = {SIGIR '88},
 year = {1988},
 isbn = {2-7061-0309-4},
 location = {Grenoble, France},
 pages = {161--174},
 numpages = {14},
 url = {http://doi.acm.org/10.1145/62437.62448},
 doi = {10.1145/62437.62448},
 acmid = {62448},
 publisher = {ACM},
 address = {New York, NY, USA},
}

@article{Omlin:1996:CDF:235809.235811,
 author = {Omlin, Christian W. and Giles, C. Lee},
 title = {Constructing Deterministic Finite-state Automata in Recurrent Neural Networks},
 journal = {J. ACM},
 issue_date = {Nov. 1996},
 volume = {43},
 number = {6},
 month = nov,
 year = {1996},
 issn = {0004-5411},
 pages = {937--972},
 numpages = {36},
 url = {http://doi.acm.org/10.1145/235809.235811},
 doi = {10.1145/235809.235811},
 acmid = {235811},
 publisher = {ACM},
 address = {New York, NY, USA},
 keywords = {automata, connectionism, knowledge encoding, neural networks, nonlinear dynamics, recurrent neural networks, rules, stability},
}

@article{Roy:2000:ANN:846183.846192,
 author = {Roy, Asim},
 title = {Artificial Neural Networks: A Science in Trouble},
 journal = {SIGKDD Explor. Newsl.},
 issue_date = {January 2000},
 volume = {1},
 number = {2},
 month = jan,
 year = {2000},
 issn = {1931-0145},
 pages = {33--38},
 numpages = {6},
 url = {http://doi.acm.org/10.1145/846183.846192},
 doi = {10.1145/846183.846192},
 acmid = {846192},
 publisher = {ACM},
 address = {New York, NY, USA},
 keywords = {artificial neural networks, automated learning, brain-like learning, connectionism, data mining, intelligent systems},
}

@article{Jiang:2016:UGB:3006394.3006398,
 author = {Jiang, Zhenchao and Li, Lishuang and Huang, Degen},
 title = {An Unsupervised Graph Based Continuous Word Representation Method for Biomedical Text Mining},
 journal = {IEEE/ACM Trans. Comput. Biol. Bioinformatics},
 issue_date = {July/August 2016},
 volume = {13},
 number = {4},
 month = jul,
 year = {2016},
 issn = {1545-5963},
 pages = {634--642},
 numpages = {9},
 url = {https://doi.org/10.1109/TCBB.2015.2478467},
 doi = {10.1109/TCBB.2015.2478467},
 acmid = {3006398},
 publisher = {IEEE Computer Society Press},
 address = {Los Alamitos, CA, USA},
 keywords = {Natural language processing, connectionism and neural nets, machine learning, object representation},
}

@inproceedings{Seitlinger:2015:APH:2740908.2743057,
 author = {Seitlinger, Paul and Kowald, Dominik and Kopeinik, Simone and Hasani-Mavriqi, Ilire and Lex, Elisabeth and Ley, Tobias},
 title = {Attention Please! A Hybrid Resource Recommender Mimicking Attention-Interpretation Dynamics},
 booktitle = {Proceedings of the 24th International Conference on World Wide Web},
 series = {WWW '15 Companion},
 year = {2015},
 isbn = {978-1-4503-3473-0},
 location = {Florence, Italy},
 pages = {339--345},
 numpages = {7},
 url = {http://doi.acm.org/10.1145/2740908.2743057},
 doi = {10.1145/2740908.2743057},
 acmid = {2743057},
 publisher = {ACM},
 address = {New York, NY, USA},
 keywords = {LDA, accuracy, categorization, collaborative filtering, connectionism, decision making, hybrid recommenders, recommender, resource recommendations, social tagging systems, sustain, attentional focus},
}

@inproceedings{Butz:2011:LCS:2001858.2002121,
 author = {Butz, Martin V.},
 title = {Learning Classifier Systems},
 booktitle = {Proceedings of the 13th Annual Conference Companion on Genetic and Evolutionary Computation},
 series = {GECCO '11},
 year = {2011},
 isbn = {978-1-4503-0690-4},
 location = {Dublin, Ireland},
 pages = {941--962},
 numpages = {22},
 url = {http://doi.acm.org/10.1145/2001858.2002121},
 doi = {10.1145/2001858.2002121},
 acmid = {2002121},
 publisher = {ACM},
 address = {New York, NY, USA},
 keywords = {adaptive systems, cognitive systems, connectionism and neural nets, datamining, function approximation, genetic algorithms, learning classifier systems, machine learning, pattern matching, regression, reinforcement learning},
}

@inproceedings{Wang:1992:SPR:992066.992106,
 author = {Wang, Jin},
 title = {Syntactic Preferences for Robust Parsing with Semantic Preferences},
 booktitle = {Proceedings of the 14th Conference on Computational Linguistics - Volume 1},
 series = {COLING '92},
 year = {1992},
 location = {Nantes, France},
 pages = {239--245},
 numpages = {7},
 url = {https://doi.org/10.3115/992066.992106},
 doi = {10.3115/992066.992106},
 acmid = {992106},
 publisher = {Association for Computational Linguistics},
 address = {Stroudsburg, PA, USA},
}

@article{McKevitt:1998:RPC:1056754.1056760,
 author = {McKevitt, Paul},
 title = {Review of "Proceedings of the 1988 Connectionist Models Summer School by David Touretzky, Geoffrey Hinton and Terrence Sejnowski", Morgan Kaufmann Publishers, 1989.},
 journal = {SIGART Bull.},
 issue_date = {Fall 1998},
 volume = {9},
 number = {2},
 month = sep,
 year = {1998},
 issn = {0163-5719},
 pages = {30--31},
 numpages = {2},
 url = {http://doi.acm.org/10.1145/1056754.1056760},
 doi = {10.1145/1056754.1056760},
 acmid = {1056760},
 publisher = {ACM},
 address = {New York, NY, USA},
}

@article{Chappelier:1994:TNN:181911.181912,
 author = {Chappelier, J.-C. and Grumbach, A.},
 title = {Time in Neural Networks},
 journal = {SIGART Bull.},
 issue_date = {July 1994},
 volume = {5},
 number = {3},
 month = jul,
 year = {1994},
 issn = {0163-5719},
 pages = {3--11},
 numpages = {9},
 url = {http://doi.acm.org/10.1145/181911.181912},
 doi = {10.1145/181911.181912},
 acmid = {181912},
 publisher = {ACM},
 address = {New York, NY, USA},
}

@article{Lee:1995:BRS:222267.1065838,
 note = {Reviewer-Lee, Changsin},
 title = {Book Review: Subsymbolic Natural Language Processing: An Integrated Model of Scripts, Lexicon, and Memory by Risto Miikkulainen (Bradford Books, MIT Press 1993)},
 journal = {SIGART Bull.},
 issue_date = {Oct. 1995},
 volume = {6},
 number = {4},
 month = oct,
 year = {1995},
 issn = {0163-5719},
 pages = {19--21},
 numpages = {3},
 url = {http://doi.acm.org/10.1145/222267.1065838},
 doi = {10.1145/222267.1065838},
 acmid = {1065838},
 publisher = {ACM},
 address = {New York, NY, USA},
}

@article{Clark:2008:PAC:1414665.1399624,
 author = {Clark, Andy},
 title = {Professor Andy Clark on Natural-born Cyborgs},
 journal = {Ubiquity},
 volume = {2008},
 number = {July},
 month = jul,
 year = {2008},
 issn = {1530-2180},
 pages = {2:1--2:1},
 articleno = {2},
 numpages = {1},
 url = {http://doi.acm.org/10.1145/1414665.1399624},
 doi = {10.1145/1414665.1399624},
 acmid = {1399624},
 publisher = {ACM},
 address = {New York, NY, USA},
}

@inproceedings{Peschl:1989:DES:75427.1030252,
 author = {Peschl, Markus F.},
 title = {The Dead End of Symbolic AI and the Connectionist Approach},
 booktitle = {Proceedings of the 17th Conference on ACM Annual Computer Science Conference},
 series = {CSC '89},
 year = {1989},
 isbn = {0-89791-299-3},
 location = {Louisville, Kentucky},
 pages = {427--427},
 numpages = {1},
 url = {http://doi.acm.org/10.1145/75427.1030252},
 doi = {10.1145/75427.1030252},
 acmid = {1030252},
 publisher = {ACM},
 address = {New York, NY, USA},
}

@article{Knight:1990:CIA:92755.92764,
 author = {Knight, Kevin},
 title = {Connectionist Ideas and Algorithms},
 journal = {Commun. ACM},
 issue_date = {Nov. 1990},
 volume = {33},
 number = {11},
 month = nov,
 year = {1990},
 issn = {0001-0782},
 pages = {58--74},
 numpages = {17},
 url = {http://doi.acm.org/10.1145/92755.92764},
 doi = {10.1145/92755.92764},
 acmid = {92764},
 publisher = {ACM},
 address = {New York, NY, USA},
}

