@inproceedings{Lytle:2019:EPP:3287324.3287391,
 author = {Lytle, Nicholas and Floryan, Mark and Barnes, Tiffany},
 title = {Effects of a Pathfinding Program Visualization on Algorithm Development},
 booktitle = {Proceedings of the 50th ACM Technical Symposium on Computer Science Education},
 series = {SIGCSE '19},
 year = {2019},
 isbn = {978-1-4503-5890-3},
 location = {Minneapolis, MN, USA},
 pages = {225--231},
 numpages = {7},
 url = {http://doi.acm.org/10.1145/3287324.3287391},
 doi = {10.1145/3287324.3287391},
 acmid = {3287391},
 publisher = {ACM},
 address = {New York, NY, USA},
 keywords = {constructivism, pathfinding, visualization},
}

@inproceedings{Bers:1999:RCC:1150240.1150244,
 author = {Bers, Marina Umaschi and Best, Michael L.},
 title = {Rural Connected Communities: A Project in Online Collaborative Journalism},
 booktitle = {Proceedings of the 1999 Conference on Computer Support for Collaborative Learning},
 series = {CSCL '99},
 year = {1999},
 location = {Palo Alto, California},
 articleno = {4},
 url = {http://dl.acm.org/citation.cfm?id=1150240.1150244},
 acmid = {1150244},
 publisher = {International Society of the Learning Sciences},
 keywords = {community settings, constructivism, web},
}

@inproceedings{Winterbottom:2004:DVI:1029949.1029961,
 author = {Winterbottom, Cara and Blake, Edwin},
 title = {Designing a VR Interaction Authoring Tool Using Constructivist Practices},
 booktitle = {Proceedings of the 3rd International Conference on Computer Graphics, Virtual Reality, Visualisation and Interaction in Africa},
 series = {AFRIGRAPH '04},
 year = {2004},
 isbn = {1-58113-863-6},
 location = {Stellenbosch, South Africa},
 pages = {67--71},
 numpages = {5},
 url = {http://doi.acm.org/10.1145/1029949.1029961},
 doi = {10.1145/1029949.1029961},
 acmid = {1029961},
 publisher = {ACM},
 address = {New York, NY, USA},
 keywords = {constructivism, virtual reality},
}

@article{Hamer:2008:CSP:1473195.1473242,
 author = {Hamer, John and Cutts, Quintin and Jackova, Jana and Luxton-Reilly, Andrew and McCartney, Robert and Purchase, Helen and Riedesel, Charles and Saeli, Mara and Sanders, Kate and Sheard, Judithe},
 title = {Contributing Student Pedagogy},
 journal = {SIGCSE Bull.},
 issue_date = {December 2008},
 volume = {40},
 number = {4},
 month = nov,
 year = {2008},
 issn = {0097-8418},
 pages = {194--212},
 numpages = {19},
 url = {http://doi.acm.org/10.1145/1473195.1473242},
 doi = {10.1145/1473195.1473242},
 acmid = {1473242},
 publisher = {ACM},
 address = {New York, NY, USA},
 keywords = {constructivism, contributing student, pedagogy},
}

@inproceedings{Levy:2002:STP:544414.544442,
 author = {Levy, Dalit and Lapidot, Tami},
 title = {Shared Terminology, Private Syntax: The Case of Recursive Descriptions},
 booktitle = {Proceedings of the 7th Annual Conference on Innovation and Technology in Computer Science Education},
 series = {ITiCSE '02},
 year = {2002},
 isbn = {1-58113-499-1},
 location = {Aarhus, Denmark},
 pages = {89--93},
 numpages = {5},
 url = {http://doi.acm.org/10.1145/544414.544442},
 doi = {10.1145/544414.544442},
 acmid = {544442},
 publisher = {ACM},
 address = {New York, NY, USA},
 keywords = {class discourse, constructivism, recursion},
}

@article{Levy:2002:STP:637610.544442,
 author = {Levy, Dalit and Lapidot, Tami},
 title = {Shared Terminology, Private Syntax: The Case of Recursive Descriptions},
 journal = {SIGCSE Bull.},
 issue_date = {September 2002},
 volume = {34},
 number = {3},
 month = jun,
 year = {2002},
 issn = {0097-8418},
 pages = {89--93},
 numpages = {5},
 url = {http://doi.acm.org/10.1145/637610.544442},
 doi = {10.1145/637610.544442},
 acmid = {544442},
 publisher = {ACM},
 address = {New York, NY, USA},
 keywords = {class discourse, constructivism, recursion},
}

@article{Schwarm:2003:MCU:961290.961532,
 author = {Schwarm, Sarah and VanDeGrift, Tammy},
 title = {Making Connections: Using Classroom Assessment to Elicit Students' Prior Knowledge and Construction of Concepts},
 journal = {SIGCSE Bull.},
 issue_date = {September 2003},
 volume = {35},
 number = {3},
 month = jun,
 year = {2003},
 issn = {0097-8418},
 pages = {65--69},
 numpages = {5},
 url = {http://doi.acm.org/10.1145/961290.961532},
 doi = {10.1145/961290.961532},
 acmid = {961532},
 publisher = {ACM},
 address = {New York, NY, USA},
 keywords = {classroom assessment, constructivism},
}

@inproceedings{Schwarm:2003:MCU:961511.961532,
 author = {Schwarm, Sarah and VanDeGrift, Tammy},
 title = {Making Connections: Using Classroom Assessment to Elicit Students' Prior Knowledge and Construction of Concepts},
 booktitle = {Proceedings of the 8th Annual Conference on Innovation and Technology in Computer Science Education},
 series = {ITiCSE '03},
 year = {2003},
 isbn = {1-58113-672-2},
 location = {Thessaloniki, Greece},
 pages = {65--69},
 numpages = {5},
 url = {http://doi.acm.org/10.1145/961511.961532},
 doi = {10.1145/961511.961532},
 acmid = {961532},
 publisher = {ACM},
 address = {New York, NY, USA},
 keywords = {classroom assessment, constructivism},
}

@article{Chesnevar:2004:DSP:1026487.1008002,
 author = {Ches\~{n}evar, Carlos I. and Gonz\'{a}lez, Maria P. and Maguitman, Ana G.},
 title = {Didactic Strategies for Promoting Significant Learning in Formal Languages and Automata Theory},
 journal = {SIGCSE Bull.},
 issue_date = {September 2004},
 volume = {36},
 number = {3},
 month = jun,
 year = {2004},
 issn = {0097-8418},
 pages = {7--11},
 numpages = {5},
 url = {http://doi.acm.org/10.1145/1026487.1008002},
 doi = {10.1145/1026487.1008002},
 acmid = {1008002},
 publisher = {ACM},
 address = {New York, NY, USA},
 keywords = {automata theory, constructivism, formal languages},
}

@inproceedings{Chesnevar:2004:DSP:1007996.1008002,
 author = {Ches\~{n}evar, Carlos I. and Gonz\'{a}lez, Maria P. and Maguitman, Ana G.},
 title = {Didactic Strategies for Promoting Significant Learning in Formal Languages and Automata Theory},
 booktitle = {Proceedings of the 9th Annual SIGCSE Conference on Innovation and Technology in Computer Science Education},
 series = {ITiCSE '04},
 year = {2004},
 isbn = {1-58113-836-9},
 location = {Leeds, United Kingdom},
 pages = {7--11},
 numpages = {5},
 url = {http://doi.acm.org/10.1145/1007996.1008002},
 doi = {10.1145/1007996.1008002},
 acmid = {1008002},
 publisher = {ACM},
 address = {New York, NY, USA},
 keywords = {automata theory, constructivism, formal languages},
}

@inproceedings{Winterbottom:2008:CVR:1394445.1394470,
 author = {Winterbottom, Cara and Blake, Edwin},
 title = {Constructivism, Virtual Reality and Tools to Support Design},
 booktitle = {Proceedings of the 7th ACM Conference on Designing Interactive Systems},
 series = {DIS '08},
 year = {2008},
 isbn = {978-1-60558-002-9},
 location = {Cape Town, South Africa},
 pages = {230--239},
 numpages = {10},
 url = {http://doi.acm.org/10.1145/1394445.1394470},
 doi = {10.1145/1394445.1394470},
 acmid = {1394470},
 publisher = {ACM},
 address = {New York, NY, USA},
 keywords = {constructivism, design, virtual reality},
}

@article{Holmboe:1999:CFK:384267.305833,
 author = {Holmboe, Christian},
 title = {A Cognitive Framework for Knowledge in Informatics: The Case of Object-orientation},
 journal = {SIGCSE Bull.},
 issue_date = {Sept. 1999},
 volume = {31},
 number = {3},
 month = jun,
 year = {1999},
 issn = {0097-8418},
 pages = {17--20},
 numpages = {4},
 url = {http://doi.acm.org/10.1145/384267.305833},
 doi = {10.1145/384267.305833},
 acmid = {305833},
 publisher = {ACM},
 address = {New York, NY, USA},
 keywords = {constructivism, object-orientation, skills/understanding},
}

@inproceedings{Holmboe:1999:CFK:305786.305833,
 author = {Holmboe, Christian},
 title = {A Cognitive Framework for Knowledge in Informatics: The Case of Object-orientation},
 booktitle = {Proceedings of the 4th Annual SIGCSE/SIGCUE ITiCSE Conference on Innovation and Technology in Computer Science Education},
 series = {ITiCSE '99},
 year = {1999},
 isbn = {1-58113-087-2},
 location = {Cracow, Poland},
 pages = {17--20},
 numpages = {4},
 url = {http://doi.acm.org/10.1145/305786.305833},
 doi = {10.1145/305786.305833},
 acmid = {305833},
 publisher = {ACM},
 address = {New York, NY, USA},
 keywords = {constructivism, object-orientation, skills/understanding},
}

@inproceedings{Resta:1999:CCC:1150240.1150300,
 author = {Resta, Paul and Christal, Mark and Ferneding, Karen and Puthoff, Adrienne Kennedy},
 title = {CSCL As a Catalyst for Changing Teacher Practice},
 booktitle = {Proceedings of the 1999 Conference on Computer Support for Collaborative Learning},
 series = {CSCL '99},
 year = {1999},
 location = {Palo Alto, California},
 articleno = {60},
 url = {http://dl.acm.org/citation.cfm?id=1150240.1150300},
 acmid = {1150300},
 publisher = {International Society of the Learning Sciences},
 keywords = {constructivism, curriculum, shared knowledge},
}

@inproceedings{Taxen:2003:TCG:965106.965110,
 author = {Tax{\'e}n, Gustav},
 title = {Teaching Computer Graphics Constructively},
 booktitle = {ACM SIGGRAPH 2003 Educators Program},
 series = {SIGGRAPH '03},
 year = {2003},
 location = {San Diego, California},
 pages = {1--4},
 numpages = {4},
 url = {http://doi.acm.org/10.1145/965106.965110},
 doi = {10.1145/965106.965110},
 acmid = {965110},
 publisher = {ACM},
 address = {New York, NY, USA},
 keywords = {computer graphics education, constructivism},
}

@article{Hadjerrouit:2005:CGP:1113847.1113875,
 author = {Hadjerrouit, Said},
 title = {Constructivism As Guiding Philosophy for Software Engineering Education},
 journal = {SIGCSE Bull.},
 issue_date = {December 2005},
 volume = {37},
 number = {4},
 month = dec,
 year = {2005},
 issn = {0097-8418},
 pages = {45--49},
 numpages = {5},
 url = {http://doi.acm.org/10.1145/1113847.1113875},
 doi = {10.1145/1113847.1113875},
 acmid = {1113875},
 publisher = {ACM},
 address = {New York, NY, USA},
 keywords = {UML, constructivism, object-oriented software engineering, pedagogical model, web-based technology},
}

@inproceedings{Stockhaus:2003:CCU:953536.953568,
 author = {Stockhaus, Anna},
 title = {Construction of the Child As a User},
 booktitle = {Proceedings of the 2003 Conference on Interaction Design and Children},
 series = {IDC '03},
 year = {2003},
 isbn = {1-58113-732-X},
 location = {Preston, England},
 pages = {158--158},
 numpages = {1},
 url = {http://doi.acm.org/10.1145/953536.953568},
 doi = {10.1145/953536.953568},
 acmid = {953568},
 publisher = {ACM},
 address = {New York, NY, USA},
 keywords = {children, constructivism, design, everyday, research},
}

@article{Eckerdal:2006:PTC:1140123.1140154,
 author = {Eckerdal, Anna and McCartney, Robert and Mostr\"{o}m, Jan Erik and Ratcliffe, Mark and Sanders, Kate and Zander, Carol},
 title = {Putting Threshold Concepts into Context in Computer Science Education},
 journal = {SIGCSE Bull.},
 issue_date = {September 2006},
 volume = {38},
 number = {3},
 month = jun,
 year = {2006},
 issn = {0097-8418},
 pages = {103--107},
 numpages = {5},
 url = {http://doi.acm.org/10.1145/1140123.1140154},
 doi = {10.1145/1140123.1140154},
 acmid = {1140154},
 publisher = {ACM},
 address = {New York, NY, USA},
 keywords = {constructivism, education research, threshold concepts},
}

@inproceedings{Eckerdal:2006:PTC:1140124.1140154,
 author = {Eckerdal, Anna and McCartney, Robert and Mostr\"{o}m, Jan Erik and Ratcliffe, Mark and Sanders, Kate and Zander, Carol},
 title = {Putting Threshold Concepts into Context in Computer Science Education},
 booktitle = {Proceedings of the 11th Annual SIGCSE Conference on Innovation and Technology in Computer Science Education},
 series = {ITICSE '06},
 year = {2006},
 isbn = {1-59593-055-8},
 location = {Bologna, Italy},
 pages = {103--107},
 numpages = {5},
 url = {http://doi.acm.org/10.1145/1140124.1140154},
 doi = {10.1145/1140124.1140154},
 acmid = {1140154},
 publisher = {ACM},
 address = {New York, NY, USA},
 keywords = {constructivism, education research, threshold concepts},
}

@inproceedings{Boyer:2008:SDC:1414558.1414585,
 author = {Boyer, Naomi R. and Langevin, Sara and Gaspar, Alessio},
 title = {Self Direction \& Constructivism in Programming Education},
 booktitle = {Proceedings of the 9th ACM SIGITE Conference on Information Technology Education},
 series = {SIGITE '08},
 year = {2008},
 isbn = {978-1-60558-329-7},
 location = {Cincinnati, OH, USA},
 pages = {89--94},
 numpages = {6},
 url = {http://doi.acm.org/10.1145/1414558.1414585},
 doi = {10.1145/1414558.1414585},
 acmid = {1414585},
 publisher = {ACM},
 address = {New York, NY, USA},
 keywords = {cs-1, introductory programming, self-directed learning},
}

@inproceedings{Chen:2006:BSK:1140124.1140236,
 author = {Chen, Tzu-Yi and Lewandowski, Gary and McCartney, Robert and Sanders, Kate and Simon, Beth},
 title = {What Do Beginning Students Know, and What Can They Do?},
 booktitle = {Proceedings of the 11th Annual SIGCSE Conference on Innovation and Technology in Computer Science Education},
 series = {ITICSE '06},
 year = {2006},
 isbn = {1-59593-055-8},
 location = {Bologna, Italy},
 pages = {329--329},
 numpages = {1},
 url = {http://doi.acm.org/10.1145/1140124.1140236},
 doi = {10.1145/1140124.1140236},
 acmid = {1140236},
 publisher = {ACM},
 address = {New York, NY, USA},
 keywords = {constructivism, education research, student background},
}

@article{Chen:2006:BSK:1140123.1140236,
 author = {Chen, Tzu-Yi and Lewandowski, Gary and McCartney, Robert and Sanders, Kate and Simon, Beth},
 title = {What Do Beginning Students Know, and What Can They Do?},
 journal = {SIGCSE Bull.},
 issue_date = {September 2006},
 volume = {38},
 number = {3},
 month = jun,
 year = {2006},
 issn = {0097-8418},
 pages = {329--329},
 numpages = {1},
 url = {http://doi.acm.org/10.1145/1140123.1140236},
 doi = {10.1145/1140123.1140236},
 acmid = {1140236},
 publisher = {ACM},
 address = {New York, NY, USA},
 keywords = {constructivism, education research, student background},
}

@inproceedings{Fernandez-Robles:2016:MLI:3012430.3012539,
 author = {Fern\'{a}ndez-Robles, Laura and Alaiz-Moreton, Hector and Alfonso-Cend\'{o}n, Javier and Castejon-Limas, Manuel and Panizo-Alonso, Luis},
 title = {Machine Learning Insights on the Learning Process},
 booktitle = {Proceedings of the Fourth International Conference on Technological Ecosystems for Enhancing Multiculturality},
 series = {TEEM '16},
 year = {2016},
 isbn = {978-1-4503-4747-1},
 location = {Salamanca, Spain},
 pages = {349--353},
 numpages = {5},
 url = {http://doi.acm.org/10.1145/3012430.3012539},
 doi = {10.1145/3012430.3012539},
 acmid = {3012539},
 publisher = {ACM},
 address = {New York, NY, USA},
 keywords = {classification, constructivism, machine learning, moodle},
}

@inproceedings{Ginat:2013:CUE:2445196.2445300,
 author = {Ginat, David and Shmalo, Ronit},
 title = {Constructive Use of Errors in Teaching CS1},
 booktitle = {Proceeding of the 44th ACM Technical Symposium on Computer Science Education},
 series = {SIGCSE '13},
 year = {2013},
 isbn = {978-1-4503-1868-6},
 location = {Denver, Colorado, USA},
 pages = {353--358},
 numpages = {6},
 url = {http://doi.acm.org/10.1145/2445196.2445300},
 doi = {10.1145/2445196.2445300},
 acmid = {2445300},
 publisher = {ACM},
 address = {New York, NY, USA},
 keywords = {OOP, constructivism, learning from errors},
}

@article{Veal:2001:ALO:366413.364751,
 author = {Veal, D. and Maj, S. P. and Duley, Rick},
 title = {Assessing \&Ldquo;Hands on\&Rdquo; Skills on CS1 Computer \&Amp; Network Technology Units},
 journal = {SIGCSE Bull.},
 issue_date = {March 2001},
 volume = {33},
 number = {1},
 month = feb,
 year = {2001},
 issn = {0097-8418},
 pages = {381--385},
 numpages = {5},
 url = {http://doi.acm.org/10.1145/366413.364751},
 doi = {10.1145/366413.364751},
 acmid = {364751},
 publisher = {ACM},
 address = {New York, NY, USA},
 keywords = {competency based assessment, computer technology, constructivism},
}

@inproceedings{Veal:2001:ALO:364447.364751,
 author = {Veal, D. and Maj, S. P. and Duley, Rick},
 title = {Assessing \&Ldquo;Hands on\&Rdquo; Skills on CS1 Computer \&Amp; Network Technology Units},
 booktitle = {Proceedings of the Thirty-second SIGCSE Technical Symposium on Computer Science Education},
 series = {SIGCSE '01},
 year = {2001},
 isbn = {1-58113-329-4},
 location = {Charlotte, North Carolina, USA},
 pages = {381--385},
 numpages = {5},
 url = {http://doi.acm.org/10.1145/364447.364751},
 doi = {10.1145/364447.364751},
 acmid = {364751},
 publisher = {ACM},
 address = {New York, NY, USA},
 keywords = {competency based assessment, computer technology, constructivism},
}

@article{Gotschi:2003:MMR:792548.612004,
 author = {G\"{o}tschi, Tina and Sanders, Ian and Galpin, Vashti},
 title = {Mental Models of Recursion},
 journal = {SIGCSE Bull.},
 issue_date = {January 2003},
 volume = {35},
 number = {1},
 month = jan,
 year = {2003},
 issn = {0097-8418},
 pages = {346--350},
 numpages = {5},
 url = {http://doi.acm.org/10.1145/792548.612004},
 doi = {10.1145/792548.612004},
 acmid = {612004},
 publisher = {ACM},
 address = {New York, NY, USA},
 keywords = {constructivism, learning, mental models, pedagogy, programming, recursion},
}

@inproceedings{Gotschi:2003:MMR:611892.612004,
 author = {G\"{o}tschi, Tina and Sanders, Ian and Galpin, Vashti},
 title = {Mental Models of Recursion},
 booktitle = {Proceedings of the 34th SIGCSE Technical Symposium on Computer Science Education},
 series = {SIGCSE '03},
 year = {2003},
 isbn = {1-58113-648-X},
 location = {Reno, Navada, USA},
 pages = {346--350},
 numpages = {5},
 url = {http://doi.acm.org/10.1145/611892.612004},
 doi = {10.1145/611892.612004},
 acmid = {612004},
 publisher = {ACM},
 address = {New York, NY, USA},
 keywords = {constructivism, learning, mental models, pedagogy, programming, recursion},
}

@inproceedings{Wen:2018:REN:3178158.3178175,
 author = {Wen, Xinxiu and Yang, Zeping and Wang, Zhanquan},
 title = {Research on Enhancing Non-major Students' Abilities Based on Constructivism},
 booktitle = {Proceedings of the 6th International Conference on Information and Education Technology},
 series = {ICIET '18},
 year = {2018},
 isbn = {978-1-4503-5359-5},
 location = {Osaka, Japan},
 pages = {139--143},
 numpages = {5},
 url = {http://doi.acm.org/10.1145/3178158.3178175},
 doi = {10.1145/3178158.3178175},
 acmid = {3178175},
 publisher = {ACM},
 address = {New York, NY, USA},
 keywords = {computational thinking, constructivism, professional problems solving, project based collaborative learning},
}

@article{Hadjerrouit:1998:CFI:290320.283079,
 author = {Hadjerrouit, Said},
 title = {A Constructivist Framework for Integrating the Java Paradigm into the Undergraduate Curriculum},
 journal = {SIGCSE Bull.},
 issue_date = {Sept. 1998},
 volume = {30},
 number = {3},
 month = aug,
 year = {1998},
 issn = {0097-8418},
 pages = {105--107},
 numpages = {3},
 url = {http://doi.acm.org/10.1145/290320.283079},
 doi = {10.1145/290320.283079},
 acmid = {283079},
 publisher = {ACM},
 address = {New York, NY, USA},
 keywords = {Java paradigm, constructivism, undergraduate curriculum},
}

@inproceedings{Hadjerrouit:1998:CFI:282991.283079,
 author = {Hadjerrouit, Said},
 title = {A Constructivist Framework for Integrating the Java Paradigm into the Undergraduate Curriculum},
 booktitle = {Proceedings of the 6th Annual Conference on the Teaching of Computing and the 3rd Annual Conference on Integrating Technology into Computer Science Education: Changing the Delivery of Computer Science Education},
 series = {ITiCSE '98},
 year = {1998},
 isbn = {1-58113-000-7},
 location = {Dublin City Univ., Ireland},
 pages = {105--107},
 numpages = {3},
 url = {http://doi.acm.org/10.1145/282991.283079},
 doi = {10.1145/282991.283079},
 acmid = {283079},
 publisher = {ACM},
 address = {New York, NY, USA},
 keywords = {Java paradigm, constructivism, undergraduate curriculum},
}

@inproceedings{Jermann:1999:ALA:1150240.1150273,
 author = {Jermann, Patrick and Dillenbourg, Pierre},
 title = {An Analysis of Learner Arguments in a Collective Learning Environment},
 booktitle = {Proceedings of the 1999 Conference on Computer Support for Collaborative Learning},
 series = {CSCL '99},
 year = {1999},
 location = {Palo Alto, California},
 articleno = {33},
 url = {http://dl.acm.org/citation.cfm?id=1150240.1150273},
 acmid = {1150273},
 publisher = {International Society of the Learning Sciences},
 keywords = {constructivism, distributed intelligence, shared knowledge},
}

@article{Brandt:1997:CTU:262793.262814,
 author = {Brandt, D. Scott},
 title = {Constructivism: Teaching for Understanding of the Internet},
 journal = {Commun. ACM},
 issue_date = {Oct. 1997},
 volume = {40},
 number = {10},
 month = oct,
 year = {1997},
 issn = {0001-0782},
 pages = {112--117},
 numpages = {6},
 url = {http://doi.acm.org/10.1145/262793.262814},
 doi = {10.1145/262793.262814},
 acmid = {262814},
 publisher = {ACM},
 address = {New York, NY, USA},
}

@inproceedings{Moreno:2014:DEC:2538862.2538888,
 author = {Moreno, Andr{\'e}s and Sutinen, Erkki and Joy, Mike},
 title = {Defining and Evaluating Conflictive Animations for Programming Education: The Case of Jeliot ConAn},
 booktitle = {Proceedings of the 45th ACM Technical Symposium on Computer Science Education},
 series = {SIGCSE '14},
 year = {2014},
 isbn = {978-1-4503-2605-6},
 location = {Atlanta, Georgia, USA},
 pages = {629--634},
 numpages = {6},
 url = {http://doi.acm.org/10.1145/2538862.2538888},
 doi = {10.1145/2538862.2538888},
 acmid = {2538888},
 publisher = {ACM},
 address = {New York, NY, USA},
 keywords = {animation, conflictive animation, constructivism, cs1, programming},
}

@article{Carter:1999:CPH:384267.305848,
 author = {Carter, Janet},
 title = {Collaboration or Plagiarism: What Happens when Students Work Together},
 journal = {SIGCSE Bull.},
 issue_date = {Sept. 1999},
 volume = {31},
 number = {3},
 month = jun,
 year = {1999},
 issn = {0097-8418},
 pages = {52--55},
 numpages = {4},
 url = {http://doi.acm.org/10.1145/384267.305848},
 doi = {10.1145/384267.305848},
 acmid = {305848},
 publisher = {ACM},
 address = {New York, NY, USA},
 keywords = {co-operation, collaboration, constructivism, plagiarism, programming, scaffolding},
}

@inproceedings{Carter:1999:CPH:305786.305848,
 author = {Carter, Janet},
 title = {Collaboration or Plagiarism: What Happens when Students Work Together},
 booktitle = {Proceedings of the 4th Annual SIGCSE/SIGCUE ITiCSE Conference on Innovation and Technology in Computer Science Education},
 series = {ITiCSE '99},
 year = {1999},
 isbn = {1-58113-087-2},
 location = {Cracow, Poland},
 pages = {52--55},
 numpages = {4},
 url = {http://doi.acm.org/10.1145/305786.305848},
 doi = {10.1145/305786.305848},
 acmid = {305848},
 publisher = {ACM},
 address = {New York, NY, USA},
 keywords = {co-operation, collaboration, constructivism, plagiarism, programming, scaffolding},
}

@inproceedings{Muise:2010:BDI:1858171.1858229,
 author = {Muise, Kevin and Wakkary, Ron},
 title = {Bridging Designers' Intentions to Outcomes with Constructivism},
 booktitle = {Proceedings of the 8th ACM Conference on Designing Interactive Systems},
 series = {DIS '10},
 year = {2010},
 isbn = {978-1-4503-0103-9},
 location = {Aarhus, Denmark},
 pages = {320--329},
 numpages = {10},
 url = {http://doi.acm.org/10.1145/1858171.1858229},
 doi = {10.1145/1858171.1858229},
 acmid = {1858229},
 publisher = {ACM},
 address = {New York, NY, USA},
 keywords = {constructivism, design case studies, design intentions, epistemologies, interaction design, user experience},
}

@article{Lui:2004:SWP:1024338.1024376,
 author = {Lui, Andrew K and Kwan, Reggie and Poon, Maria and Cheung, Yannie H. Y.},
 title = {Saving Weak Programming Students: Applying Constructivism in a First Programming Course},
 journal = {SIGCSE Bull.},
 issue_date = {June 2004},
 volume = {36},
 number = {2},
 month = jun,
 year = {2004},
 issn = {0097-8418},
 pages = {72--76},
 numpages = {5},
 url = {http://doi.acm.org/10.1145/1024338.1024376},
 doi = {10.1145/1024338.1024376},
 acmid = {1024376},
 publisher = {ACM},
 address = {New York, NY, USA},
 keywords = {computer science education, constructivism, mental models, programming},
}

@article{Gonzalez:2004:CIP:1050231.1050277,
 author = {Gonzalez, Gracielo},
 title = {Constructivism in an Introduction to Programming Course},
 journal = {J. Comput. Sci. Coll.},
 issue_date = {April 2004},
 volume = {19},
 number = {4},
 month = apr,
 year = {2004},
 issn = {1937-4771},
 pages = {299--305},
 numpages = {7},
 url = {http://dl.acm.org/citation.cfm?id=1050231.1050277},
 acmid = {1050277},
 publisher = {Consortium for Computing Sciences in Colleges},
 address = {USA},
}

@inproceedings{Hyde:2006:ACP:1181216.1181252,
 author = {Hyde, Paul and Nanis, Suzanne},
 title = {Applying Constructivist Principles to Reinvigorate Faculty Training},
 booktitle = {Proceedings of the 34th  Annual ACM SIGUCCS Fall Conference: Expanding the Boundaries},
 series = {SIGUCCS '06},
 year = {2006},
 isbn = {1-59593-438-3},
 location = {Edmonton, Alberta, Canada},
 pages = {157--160},
 numpages = {4},
 url = {http://doi.acm.org/10.1145/1181216.1181252},
 doi = {10.1145/1181216.1181252},
 acmid = {1181252},
 publisher = {ACM},
 address = {New York, NY, USA},
 keywords = {constructivism, faculty development, instructional design, training},
}

@article{Ekaterini:2003:TSE:961290.961601,
 author = {Ekaterini, Georgouli and Spyros, Bakoyannis and Panagiotis, Giannakoulias},
 title = {Teaching IT in Secondary Education Through Problem-based Learning Could Be Really Beneficial},
 journal = {SIGCSE Bull.},
 issue_date = {September 2003},
 volume = {35},
 number = {3},
 month = jun,
 year = {2003},
 issn = {0097-8418},
 pages = {243--243},
 numpages = {1},
 url = {http://doi.acm.org/10.1145/961290.961601},
 doi = {10.1145/961290.961601},
 acmid = {961601},
 publisher = {ACM},
 address = {New York, NY, USA},
 keywords = {Problem-Based Learning (PBL), constructivism, research},
}

@inproceedings{Ekaterini:2003:TSE:961511.961601,
 author = {Ekaterini, Georgouli and Spyros, Bakoyannis and Panagiotis, Giannakoulias},
 title = {Teaching IT in Secondary Education Through Problem-based Learning Could Be Really Beneficial},
 booktitle = {Proceedings of the 8th Annual Conference on Innovation and Technology in Computer Science Education},
 series = {ITiCSE '03},
 year = {2003},
 isbn = {1-58113-672-2},
 location = {Thessaloniki, Greece},
 pages = {243--243},
 numpages = {1},
 url = {http://doi.acm.org/10.1145/961511.961601},
 doi = {10.1145/961511.961601},
 acmid = {961601},
 publisher = {ACM},
 address = {New York, NY, USA},
 keywords = {Problem-Based Learning (PBL), constructivism, research},
}

@inproceedings{Sorva:2007:SUS:2449323.2449337,
 author = {Sorva, Juha},
 title = {Students' Understandings of Storing Objects},
 booktitle = {Proceedings of the Seventh Baltic Sea Conference on Computing Education Research - Volume 88},
 series = {Koli Calling '07},
 year = {2007},
 isbn = {978-1-920682-69-9},
 location = {Koli National Park, Finland},
 pages = {127--135},
 numpages = {9},
 url = {http://dl.acm.org/citation.cfm?id=2449323.2449337},
 acmid = {2449337},
 publisher = {Australian Computer Society, Inc.},
 address = {Darlinghurst, Australia, Australia},
 keywords = {CS1, constructivism, misconceptions, objects, phenomenography, students' understandings},
}

@inproceedings{Zagar:2008:ESE:1370868.1370878,
 author = {\v{Z}agar, Mario and Bosni\'{c}, Ivana and Orli\'{c}, Marin},
 title = {Enhancing Software Engineering Education: A Creative Approach},
 booktitle = {Proceedings of the 2008 International Workshop on Software Engineering in East and South Europe},
 series = {SEESE '08},
 year = {2008},
 isbn = {978-1-60558-076-0},
 location = {Leipzig, Germany},
 pages = {51--58},
 numpages = {8},
 url = {http://doi.acm.org/10.1145/1370868.1370878},
 doi = {10.1145/1370868.1370878},
 acmid = {1370878},
 publisher = {ACM},
 address = {New York, NY, USA},
 keywords = {constructivism, e-learning, education, software engineering},
}

@inproceedings{Bruns:2007:BCC:1296951.1296952,
 author = {Bruns, Axel and Humphreys, Sal},
 title = {Building Collaborative Capacities in Learners: The M/Cyclopedia Project Revisited},
 booktitle = {Proceedings of the 2007 International Symposium on Wikis},
 series = {WikiSym '07},
 year = {2007},
 isbn = {978-1-59593-861-9},
 location = {Montreal, Quebec, Canada},
 pages = {1--10},
 numpages = {10},
 url = {http://doi.acm.org/10.1145/1296951.1296952},
 doi = {10.1145/1296951.1296952},
 acmid = {1296952},
 publisher = {ACM},
 address = {New York, NY, USA},
 keywords = {pedagogy, produsage, social constructivism, tertiary education, wiki},
}

@inproceedings{Alexandron:2012:EPP:2401796.2401821,
 author = {Alexandron, Giora and Armoni, Michal and Gordon, Michal and Harel, David},
 title = {The Effect of Previous Programming Experience on the Learning of Scenario-based Programming},
 booktitle = {Proceedings of the 12th Koli Calling International Conference on Computing Education Research},
 series = {Koli Calling '12},
 year = {2012},
 isbn = {978-1-4503-1795-5},
 location = {Koli, Finland},
 pages = {151--159},
 numpages = {9},
 url = {http://doi.acm.org/10.1145/2401796.2401821},
 doi = {10.1145/2401796.2401821},
 acmid = {2401821},
 publisher = {ACM},
 address = {New York, NY, USA},
 keywords = {constructivism, scenario-based programming, visual languages},
}

@inproceedings{Lewandowski:2007:CCC:1288580.1288598,
 author = {Lewandowski, Gary and Bouvier, Dennis J. and McCartney, Robert and Sanders, Kate and Simon, Beth},
 title = {Commonsense Computing (Episode 3): Concurrency and Concert Tickets},
 booktitle = {Proceedings of the Third International Workshop on Computing Education Research},
 series = {ICER '07},
 year = {2007},
 isbn = {978-1-59593-841-1},
 location = {Atlanta, Georgia, USA},
 pages = {133--144},
 numpages = {12},
 url = {http://doi.acm.org/10.1145/1288580.1288598},
 doi = {10.1145/1288580.1288598},
 acmid = {1288598},
 publisher = {ACM},
 address = {New York, NY, USA},
 keywords = {CS1, beginners, concurrency, constructivism, novices, preconceptions, resources},
}

@inproceedings{Wyeld:2005:RPV:1073943.1073955,
 author = {Wyeld, Theodor G},
 title = {Role Play in 3D Virtual Environments: A Pedagogic Case Study},
 booktitle = {Proceedings of the 6th ACM SIGCHI New Zealand Chapter's International Conference on Computer-human Interaction: Making CHI Natural},
 series = {CHINZ '05},
 year = {2005},
 isbn = {1-59593-036-1},
 location = {Auckland, New Zealand},
 pages = {61--66},
 numpages = {6},
 url = {http://doi.acm.org/10.1145/1073943.1073955},
 doi = {10.1145/1073943.1073955},
 acmid = {1073955},
 publisher = {ACM},
 address = {New York, NY, USA},
 keywords = {3D collaborative virtual environments, constructivism, pedagogy},
}

@inproceedings{Chen:2007:CCU:1227310.1227408,
 author = {Chen, Tzu-Yi and Chen, Tzu-Yi and Lewandowski, Gary and McCartney, Robert and Sanders, Kate and Simon, Beth},
 title = {Commonsense Computing: Using Student Sorting Abilities to Improve Instruction},
 booktitle = {Proceedings of the 38th SIGCSE Technical Symposium on Computer Science Education},
 series = {SIGCSE '07},
 year = {2007},
 isbn = {1-59593-361-1},
 location = {Covington, Kentucky, USA},
 pages = {276--280},
 numpages = {5},
 url = {http://doi.acm.org/10.1145/1227310.1227408},
 doi = {10.1145/1227310.1227408},
 acmid = {1227408},
 publisher = {ACM},
 address = {New York, NY, USA},
 keywords = {CS1, beginner, constructivism, na\"{\i}ve, preconceptions, resources, sorting},
}

@article{Chen:2007:CCU:1227504.1227408,
 author = {Chen, Tzu-Yi and Chen, Tzu-Yi and Lewandowski, Gary and McCartney, Robert and Sanders, Kate and Simon, Beth},
 title = {Commonsense Computing: Using Student Sorting Abilities to Improve Instruction},
 journal = {SIGCSE Bull.},
 issue_date = {March 2007},
 volume = {39},
 number = {1},
 month = mar,
 year = {2007},
 issn = {0097-8418},
 pages = {276--280},
 numpages = {5},
 url = {http://doi.acm.org/10.1145/1227504.1227408},
 doi = {10.1145/1227504.1227408},
 acmid = {1227408},
 publisher = {ACM},
 address = {New York, NY, USA},
 keywords = {CS1, beginner, constructivism, na\"{\i}ve, preconceptions, resources, sorting},
}

@inproceedings{Howard:2008:END:1388969.1389010,
 author = {Howard, Gerard David and Bull, Larry},
 title = {On the Effects of Node Duplication and Connection-oriented Constructivism in Neural XCSF},
 booktitle = {Proceedings of the 10th Annual Conference Companion on Genetic and Evolutionary Computation},
 series = {GECCO '08},
 year = {2008},
 isbn = {978-1-60558-131-6},
 location = {Atlanta, GA, USA},
 pages = {1977--1984},
 numpages = {8},
 url = {http://doi.acm.org/10.1145/1388969.1389010},
 doi = {10.1145/1388969.1389010},
 acmid = {1389010},
 publisher = {ACM},
 address = {New York, NY, USA},
 keywords = {constructivism, learning classifier systems, neural networks, reinforcement learning, self-adaptation},
}

@inproceedings{Cauderlier:2016:RSP:2966268.2966270,
 author = {Cauderlier, Rapha\"{e}l},
 title = {A Rewrite System for Proof Constructivization},
 booktitle = {Proceedings of the Eleventh Workshop on Logical Frameworks and Meta-Languages: Theory and Practice},
 series = {LFMTP '16},
 year = {2016},
 isbn = {978-1-4503-4777-8},
 location = {Porto, Portugal},
 pages = {2:1--2:7},
 articleno = {2},
 numpages = {7},
 url = {http://doi.acm.org/10.1145/2966268.2966270},
 doi = {10.1145/2966268.2966270},
 acmid = {2966270},
 publisher = {ACM},
 address = {New York, NY, USA},
 keywords = {Dedukti, confluence, intuitionistic logic, logical framework, meta-programming, rewriting},
}

@inproceedings{MelchioriPeruzza:2004:CCK:1044588.1044624,
 author = {Melchiori Peruzza, Ana Paula Piovesan and Zuffo, Marcelo K.},
 title = {ConstruiRV: Constructing Knowledge Using the Virtual Reality},
 booktitle = {Proceedings of the 2004 ACM SIGGRAPH International Conference on Virtual Reality Continuum and Its Applications in Industry},
 series = {VRCAI '04},
 year = {2004},
 isbn = {1-58113-884-9},
 location = {Singapore},
 pages = {180--183},
 numpages = {4},
 url = {http://doi.acm.org/10.1145/1044588.1044624},
 doi = {10.1145/1044588.1044624},
 acmid = {1044624},
 publisher = {ACM},
 address = {New York, NY, USA},
 keywords = {constructivism, didactic tool, virtual reality in education},
}

@inproceedings{Howard:2011:ESN:2001576.2001748,
 author = {Howard, Gerard David and Gale, Ella and Bull, Larry and de Lacy Costello, Benjamin and Adamatzky, Andrew},
 title = {Evolving Spiking Networks with Variable Memristors},
 booktitle = {Proceedings of the 13th Annual Conference on Genetic and Evolutionary Computation},
 series = {GECCO '11},
 year = {2011},
 isbn = {978-1-4503-0557-0},
 location = {Dublin, Ireland},
 pages = {1275--1282},
 numpages = {8},
 url = {http://doi.acm.org/10.1145/2001576.2001748},
 doi = {10.1145/2001576.2001748},
 acmid = {2001748},
 publisher = {ACM},
 address = {New York, NY, USA},
 keywords = {STDP, constructivism, memristors, neuro-evolution, self-adaptation},
}

@article{Qian:2017:SMO:3155324.3077618,
 author = {Qian, Yizhou and Lehman, James},
 title = {Students\&\#x2019; Misconceptions and Other Difficulties in Introductory Programming: A Literature Review},
 journal = {ACM Trans. Comput. Educ.},
 issue_date = {December 2017},
 volume = {18},
 number = {1},
 month = oct,
 year = {2017},
 issn = {1946-6226},
 pages = {1:1--1:24},
 articleno = {1},
 numpages = {24},
 url = {http://doi.acm.org/10.1145/3077618},
 doi = {10.1145/3077618},
 acmid = {3077618},
 publisher = {ACM},
 address = {New York, NY, USA},
 keywords = {Misconceptions, conceptual change, constructivism, difficulties, introductory programming},
}

@inproceedings{Moreno:2008:PAC:1595356.1595381,
 author = {Moreno, Andr{\'e}s and Myller, Niko},
 title = {Presentation of Automatic Conflictive Animations},
 booktitle = {Proceedings of the 8th International Conference on Computing Education Research},
 series = {Koli '08},
 year = {2008},
 isbn = {978-1-60558-385-3},
 location = {Koli, Finland},
 pages = {115--116},
 numpages = {2},
 url = {http://doi.acm.org/10.1145/1595356.1595381},
 doi = {10.1145/1595356.1595381},
 acmid = {1595381},
 publisher = {ACM},
 address = {New York, NY, USA},
 keywords = {CS1, animation, conflictive animation, constructivism, programming},
}

@inproceedings{Newman:2003:OEG:858403.858415,
 author = {Newman, Ian and Daniels, Mats and Faulkner, Xristine},
 title = {Open Ended Group Projects a 'Tool' for More Effective Teaching},
 booktitle = {Proceedings of the Fifth Australasian Conference on Computing Education - Volume 20},
 series = {ACE '03},
 year = {2003},
 isbn = {0-909925-98-4},
 location = {Adelaide, Australia},
 pages = {95--103},
 numpages = {9},
 url = {http://dl.acm.org/citation.cfm?id=858403.858415},
 acmid = {858415},
 publisher = {Australian Computer Society, Inc.},
 address = {Darlinghurst, Australia, Australia},
 keywords = {OEPG, constructivism, motivation, problem based learning},
}

@inproceedings{Simon:2006:CCS:1151588.1151594,
 author = {Simon, Beth and Chen, Tzu-Yi and Lewandowski, Gary and McCartney, Robert and Sanders, Kate},
 title = {Commonsense Computing: What Students Know Before We Teach (Episode 1: Sorting)},
 booktitle = {Proceedings of the Second International Workshop on Computing Education Research},
 series = {ICER '06},
 year = {2006},
 isbn = {1-59593-494-4},
 location = {Canterbury, United Kingdom},
 pages = {29--40},
 numpages = {12},
 url = {http://doi.acm.org/10.1145/1151588.1151594},
 doi = {10.1145/1151588.1151594},
 acmid = {1151594},
 publisher = {ACM},
 address = {New York, NY, USA},
 keywords = {CS1, beginner, constructivism, na\"{\i}ve, preconceptions, resources, sorting},
}

@inproceedings{Binemann-Zdanowicz:2004:STC:967900.968088,
 author = {Binemann-Zdanowicz, Aleksander},
 title = {SiteLang::Edu: Towards a Context-driven e-Learning Content Utilization Model},
 booktitle = {Proceedings of the 2004 ACM Symposium on Applied Computing},
 series = {SAC '04},
 year = {2004},
 isbn = {1-58113-812-1},
 location = {Nicosia, Cyprus},
 pages = {924--928},
 numpages = {5},
 url = {http://doi.acm.org/10.1145/967900.968088},
 doi = {10.1145/967900.968088},
 acmid = {968088},
 publisher = {ACM},
 address = {New York, NY, USA},
 keywords = {ASM, constructivism, didactics, e-learning, learner context},
}

@inproceedings{Stephenson:2007:UEC:1362550.1362577,
 author = {Stephenson, JE and Morris, WB and Tempest, HG and Griffin, DK and Mileham, A and Payne, AM},
 title = {The Use of an e-Learning Constructivist Solution in Workplace Learning},
 booktitle = {Proceedings of the 14th European Conference on Cognitive Ergonomics: Invent! Explore!},
 series = {ECCE '07},
 year = {2007},
 isbn = {978-1-84799-849-1},
 location = {London, United Kingdom},
 pages = {133--138},
 numpages = {6},
 url = {http://doi.acm.org/10.1145/1362550.1362577},
 doi = {10.1145/1362550.1362577},
 acmid = {1362577},
 publisher = {ACM},
 address = {New York, NY, USA},
 keywords = {constructivism, e-learning, interactivity, simulations, workplace learning},
}

@inproceedings{Bry:1989:LPC:73721.73725,
 author = {Bry, F.},
 title = {Logic Programming As Constructivism: A Formalization and Its Application to Databases},
 booktitle = {Proceedings of the Eighth ACM SIGACT-SIGMOD-SIGART Symposium on Principles of Database Systems},
 series = {PODS '89},
 year = {1989},
 isbn = {0-89791-308-6},
 location = {Philadelphia, Pennsylvania, USA},
 pages = {34--50},
 numpages = {17},
 url = {http://doi.acm.org/10.1145/73721.73725},
 doi = {10.1145/73721.73725},
 acmid = {73725},
 publisher = {ACM},
 address = {New York, NY, USA},
}

@inproceedings{Li:2017:CLL:3097983.3097994,
 author = {Li, Xiaoli and Huan, Jun},
 title = {Constructivism Learning: A Learning Paradigm for Transparent Predictive Analytics},
 booktitle = {Proceedings of the 23rd ACM SIGKDD International Conference on Knowledge Discovery and Data Mining},
 series = {KDD '17},
 year = {2017},
 isbn = {978-1-4503-4887-4},
 location = {Halifax, NS, Canada},
 pages = {285--294},
 numpages = {10},
 url = {http://doi.acm.org/10.1145/3097983.3097994},
 doi = {10.1145/3097983.3097994},
 acmid = {3097994},
 publisher = {ACM},
 address = {New York, NY, USA},
 keywords = {constructivisim learning, dynamic task construction, sequential dirichlet process, transparent machine learning},
}

@article{McKeown:2004:UML:1050231.1050236,
 author = {McKeown, Jim},
 title = {The Use of a Multimedia Lesson to Increase Novice Programmers' Understanding of Programming Array Concepts},
 journal = {J. Comput. Sci. Coll.},
 issue_date = {April 2004},
 volume = {19},
 number = {4},
 month = apr,
 year = {2004},
 issn = {1937-4771},
 pages = {39--50},
 numpages = {12},
 url = {http://dl.acm.org/citation.cfm?id=1050231.1050236},
 acmid = {1050236},
 publisher = {Consortium for Computing Sciences in Colleges},
 address = {USA},
 keywords = {constructivism, instructional design, mental models, multimedia, programming},
}

@inproceedings{Hoebe:2004:VMN:1005220.1005223,
 author = {Hoebe, Misja N. and Bosma, Rien},
 title = {Visualizing Multiple Network Perspectives},
 booktitle = {Proceedings of the Conference on Dutch Directions in HCI},
 series = {Dutch HCI '04},
 year = {2004},
 isbn = {1-58113-944-6},
 location = {Amsterdam, The Netherlands},
 pages = {2--},
 url = {http://doi.acm.org/10.1145/1005220.1005223},
 doi = {10.1145/1005220.1005223},
 acmid = {1005223},
 publisher = {ACM},
 address = {New York, NY, USA},
 keywords = {constructivism, semantic web, social networks, visualization},
}

@inproceedings{Monserrat:2018:NIC:3205851.3205853,
 author = {Monserrat, Toni-Jan Keith P. and Pitagan, Ferdinand and Albacea, Eliezer},
 title = {Narrative Instructional Creation Toolkit for Interactive Platforms for Learning},
 booktitle = {Proceedings of the Asian HCI Symposium'18 on Emerging Research Collection},
 series = {Asian HCI Symposium'18},
 year = {2018},
 isbn = {978-1-4503-5641-1},
 location = {Montreal, QC, Canada},
 pages = {5--8},
 numpages = {4},
 url = {http://doi.acm.org/10.1145/3205851.3205853},
 doi = {10.1145/3205851.3205853},
 acmid = {3205853},
 publisher = {ACM},
 address = {New York, NY, USA},
 keywords = {Constructivism, Interactive learning platforms, Narrative method},
}

@inproceedings{Ben-Ari:1998:CCS:273133.274308,
 author = {Ben-Ari, Mordechai},
 title = {Constructivism in Computer Science Education},
 booktitle = {Proceedings of the Twenty-ninth SIGCSE Technical Symposium on Computer Science Education},
 series = {SIGCSE '98},
 year = {1998},
 isbn = {0-89791-994-7},
 location = {Atlanta, Georgia, USA},
 pages = {257--261},
 numpages = {5},
 url = {http://doi.acm.org/10.1145/273133.274308},
 doi = {10.1145/273133.274308},
 acmid = {274308},
 publisher = {ACM},
 address = {New York, NY, USA},
}

@article{Ben-Ari:1998:CCS:274790.274308,
 author = {Ben-Ari, Mordechai},
 title = {Constructivism in Computer Science Education},
 journal = {SIGCSE Bull.},
 issue_date = {Mar. 1998},
 volume = {30},
 number = {1},
 month = mar,
 year = {1998},
 issn = {0097-8418},
 pages = {257--261},
 numpages = {5},
 url = {http://doi.acm.org/10.1145/274790.274308},
 doi = {10.1145/274790.274308},
 acmid = {274308},
 publisher = {ACM},
 address = {New York, NY, USA},
}

@inproceedings{Oulasvirta:2005:CTA:1094562.1094597,
 author = {Oulasvirta, Antti and Tamminen, Sakari and H\"{o}\"{o}k, Kristina},
 title = {Comparing Two Approaches to Context: Realism and Constructivism},
 booktitle = {Proceedings of the 4th Decennial Conference on Critical Computing: Between Sense and Sensibility},
 series = {CC '05},
 year = {2005},
 isbn = {1-59593-203-8},
 location = {Aarhus, Denmark},
 pages = {195--198},
 numpages = {4},
 url = {http://doi.acm.org/10.1145/1094562.1094597},
 doi = {10.1145/1094562.1094597},
 acmid = {1094597},
 publisher = {ACM},
 address = {New York, NY, USA},
 keywords = {constructivism, context, context-awareneness, ethnomethodology, realism, social navigation, ubiquitous computing},
}

@inproceedings{Bruns:2005:WTA:1104973.1104976,
 author = {Bruns, Axel and Humphreys, Sal},
 title = {Wikis in Teaching and Assessment: The M/Cyclopedia Project},
 booktitle = {Proceedings of the 2005 International Symposium on Wikis},
 series = {WikiSym '05},
 year = {2005},
 isbn = {1-59593-111-2},
 location = {San Diego, California},
 pages = {25--32},
 numpages = {8},
 url = {http://doi.acm.org/10.1145/1104973.1104976},
 doi = {10.1145/1104973.1104976},
 acmid = {1104976},
 publisher = {ACM},
 address = {New York, NY, USA},
 keywords = {assessment, pedagogy, social constructivism, tertiary education, wiki},
}

@inproceedings{Stinson:1995:EII:222020.222823,
 author = {Stinson, John E. and Milter, Richard G.},
 title = {The Enabling Impact of Information Technology: The Case of the Ohio University MBA},
 booktitle = {The First International Conference on Computer Support for Collaborative Learning},
 series = {CSCL '95},
 year = {1995},
 isbn = {0-8058-2243-7},
 location = {Indiana Univ., Bloomington, Indiana, USA},
 pages = {333--336},
 numpages = {4},
 url = {https://doi.org/10.3115/222020.222823},
 doi = {10.3115/222020.222823},
 acmid = {222823},
 publisher = {L. Erlbaum Associates Inc.},
 address = {Hillsdale, NJ, USA},
 keywords = {cognitive constructivism, collaboration, information technology, teamwork},
}

@inproceedings{McCartney:2009:CCA:1584322.1584330,
 author = {McCartney, Robert and Bouvier, Dennis J. and Chen, Tzu-Yi and Lewandowski, Gary and Sanders, Kate and Simon, Beth and VanDeGrift, Tammy},
 title = {Commonsense Computing (Episode 5): Algorithm Efficiency and Balloon Testing},
 booktitle = {Proceedings of the Fifth International Workshop on Computing Education Research Workshop},
 series = {ICER '09},
 year = {2009},
 isbn = {978-1-60558-615-1},
 location = {Berkeley, CA, USA},
 pages = {51--62},
 numpages = {12},
 url = {http://doi.acm.org/10.1145/1584322.1584330},
 doi = {10.1145/1584322.1584330},
 acmid = {1584330},
 publisher = {ACM},
 address = {New York, NY, USA},
 keywords = {algoirithm analysis, commonsense, constructivism, preconceptions, water balloons},
}

@inproceedings{Jackson:1999:PCV:298151.298219,
 author = {Jackson, Randolph L. and Taylor, Wayne and Winn, William},
 title = {Peer Collaboration and Virtual Environments: A Preliminary Investigation of Multi-participant Virtual Reality Applied in Science Education},
 booktitle = {Proceedings of the 1999 ACM Symposium on Applied Computing},
 series = {SAC '99},
 year = {1999},
 isbn = {1-58113-086-4},
 location = {San Antonio, Texas, USA},
 pages = {121--125},
 numpages = {5},
 url = {http://doi.acm.org/10.1145/298151.298219},
 doi = {10.1145/298151.298219},
 acmid = {298219},
 publisher = {ACM},
 address = {New York, NY, USA},
 keywords = {collaboration (CSCL), conceptual change, constructivism, virtual reality},
}

@article{Ferguson:2003:OCM:767598.767649,
 author = {Ferguson, Ernest},
 title = {Object-oriented Concept Mapping Using UML Class Diagrams},
 journal = {J. Comput. Sci. Coll.},
 issue_date = {April 2003},
 volume = {18},
 number = {4},
 month = apr,
 year = {2003},
 issn = {1937-4771},
 pages = {344--354},
 numpages = {11},
 url = {http://dl.acm.org/citation.cfm?id=767598.767649},
 acmid = {767649},
 publisher = {Consortium for Computing Sciences in Colleges},
 address = {USA},
 keywords = {UML, concept maps, conceptual change, constructivism},
}

@inproceedings{Venkatesan:2014:CLT:2641580.2641629,
 author = {Venkatesan, Hari and Biuk-Aghai, Robert P. and Notari, Michele},
 title = {Collaborative Learning of Translation: The Case of TransWiki in Macao},
 booktitle = {Proceedings of The International Symposium on Open Collaboration},
 series = {OpenSym '14},
 year = {2014},
 isbn = {978-1-4503-3016-9},
 location = {Berlin, Germany},
 pages = {45:1--45:10},
 articleno = {45},
 numpages = {10},
 url = {http://doi.acm.org/10.1145/2641580.2641629},
 doi = {10.1145/2641580.2641629},
 acmid = {2641629},
 publisher = {ACM},
 address = {New York, NY, USA},
 keywords = {Wiki, collaborative learning, social constructivism, translation},
}

@inproceedings{Blikstein:2012:BMM:2307096.2307150,
 author = {Blikstein, Paulo and Fuhrmann, Tamar and Greene, Daniel and Salehi, Shima},
 title = {Bifocal Modeling: Mixing Real and Virtual Labs for Advanced Science Learning},
 booktitle = {Proceedings of the 11th International Conference on Interaction Design and Children},
 series = {IDC '12},
 year = {2012},
 isbn = {978-1-4503-1007-9},
 location = {Bremen, Germany},
 pages = {296--299},
 numpages = {4},
 url = {http://doi.acm.org/10.1145/2307096.2307150},
 doi = {10.1145/2307096.2307150},
 acmid = {2307150},
 publisher = {ACM},
 address = {New York, NY, USA},
 keywords = {computer modeling, constructivism, physical computing, sensing},
}

@inproceedings{Blikstein:2013:MLA:2460296.2460316,
 author = {Blikstein, Paulo},
 title = {Multimodal Learning Analytics},
 booktitle = {Proceedings of the Third International Conference on Learning Analytics and Knowledge},
 series = {LAK '13},
 year = {2013},
 isbn = {978-1-4503-1785-6},
 location = {Leuven, Belgium},
 pages = {102--106},
 numpages = {5},
 url = {http://doi.acm.org/10.1145/2460296.2460316},
 doi = {10.1145/2460296.2460316},
 acmid = {2460316},
 publisher = {ACM},
 address = {New York, NY, USA},
 keywords = {assessment, constructionism, constructivism, learning analytics, multimodal interaction},
}

@inproceedings{Dark:2005:UET:1107622.1107630,
 author = {Dark, Melissa J. and Winstead, Jeanne},
 title = {Using Educational Theory and Moral Psychology to Inform the Teaching of Ethics in Computing},
 booktitle = {Proceedings of the 2Nd Annual Conference on Information Security Curriculum Development},
 series = {InfoSecCD '05},
 year = {2005},
 isbn = {1-59593-261-5},
 location = {Kennesaw, Georgia},
 pages = {27--31},
 numpages = {5},
 url = {http://doi.acm.org/10.1145/1107622.1107630},
 doi = {10.1145/1107622.1107630},
 acmid = {1107630},
 publisher = {ACM},
 address = {New York, NY, USA},
 keywords = {constructivism, critical theory, ethics, moral development},
}

@inproceedings{Howard:2009:TCA:1569901.1570065,
 author = {Howard, Gerard David and Bull, Larry and Lanzi, Pier-Luca},
 title = {Towards Continuous Actions in Continuous Space and Time Using Self-adaptive Constructivism in Neural XCSF},
 booktitle = {Proceedings of the 11th Annual Conference on Genetic and Evolutionary Computation},
 series = {GECCO '09},
 year = {2009},
 isbn = {978-1-60558-325-9},
 location = {Montreal, Qu\&\#233;bec, Canada},
 pages = {1219--1226},
 numpages = {8},
 url = {http://doi.acm.org/10.1145/1569901.1570065},
 doi = {10.1145/1569901.1570065},
 acmid = {1570065},
 publisher = {ACM},
 address = {New York, NY, USA},
 keywords = {constructivism, continuous environments, learning classifier systems, neural networks, self-adaptation},
}

@inproceedings{Seol:2012:UMA:2380552.2380591,
 author = {Seol, Sunmi and Sharp, Aaron and Kim, Paul},
 title = {Use of a Mobile Application to Promote Scientific Discovery Learning: Students' Perceptions Towards and Practical Adoption of a Mobile Application},
 booktitle = {Proceedings of the 13th Annual Conference on Information Technology Education},
 series = {SIGITE '12},
 year = {2012},
 isbn = {978-1-4503-1464-0},
 location = {Calgary, Alberta, Canada},
 pages = {121--126},
 numpages = {6},
 url = {http://doi.acm.org/10.1145/2380552.2380591},
 doi = {10.1145/2380552.2380591},
 acmid = {2380591},
 publisher = {ACM},
 address = {New York, NY, USA},
 keywords = {constructivism, mobile application, mobile document, scientific discovery learning},
}

@inproceedings{Howard:2008:SCN:1389095.1389364,
 author = {Howard, Gerard D. and Bull, Larry and Lanzi, Pier-Luca},
 title = {Self-adaptive Constructivism in Neural XCS and XCSF},
 booktitle = {Proceedings of the 10th Annual Conference on Genetic and Evolutionary Computation},
 series = {GECCO '08},
 year = {2008},
 isbn = {978-1-60558-130-9},
 location = {Atlanta, GA, USA},
 pages = {1389--1396},
 numpages = {8},
 url = {http://doi.acm.org/10.1145/1389095.1389364},
 doi = {10.1145/1389095.1389364},
 acmid = {1389364},
 publisher = {ACM},
 address = {New York, NY, USA},
 keywords = {constructivism, learning classifier systems, neural networks, reinforcement learning, self-adaptation},
}

@inproceedings{Dittert:2014:TCO:2639189.2639202,
 author = {Dittert, Nadine},
 title = {TechSportiv: Constructing Objects-to-think-with for Physical Education},
 booktitle = {Proceedings of the 8th Nordic Conference on Human-Computer Interaction: Fun, Fast, Foundational},
 series = {NordiCHI '14},
 year = {2014},
 isbn = {978-1-4503-2542-4},
 location = {Helsinki, Finland},
 pages = {569--577},
 numpages = {9},
 url = {http://doi.acm.org/10.1145/2639189.2639202},
 doi = {10.1145/2639189.2639202},
 acmid = {2639202},
 publisher = {ACM},
 address = {New York, NY, USA},
 keywords = {children, construction kits, constructionism, constructivism, education, physical education, sports},
}

@inproceedings{Barbatsis:2011:EGC:2038476.2038488,
 author = {Barbatsis, Kostas and Economou, Daphne and Papamagkana, Ioanna and Loukas, Dimos},
 title = {3D Environments with Games Characteristics for Teaching History: The VRLerna Case Study},
 booktitle = {Proceedings of the 29th ACM International Conference on Design of Communication},
 series = {SIGDOC '11},
 year = {2011},
 isbn = {978-1-4503-0936-3},
 location = {Pisa, Italy},
 pages = {59--66},
 numpages = {8},
 url = {http://doi.acm.org/10.1145/2038476.2038488},
 doi = {10.1145/2038476.2038488},
 acmid = {2038488},
 publisher = {ACM},
 address = {New York, NY, USA},
 keywords = {constructivism, history education, motivation, video games, virtual environments},
}

@inproceedings{Esper:2012:EHA:2361276.2361297,
 author = {Esper, Sarah and Simon, Beth and Cutts, Quintin},
 title = {Exploratory Homeworks: An Active Learning Tool for Textbook Reading},
 booktitle = {Proceedings of the Ninth Annual International Conference on International Computing Education Research},
 series = {ICER '12},
 year = {2012},
 isbn = {978-1-4503-1604-0},
 location = {Auckland, New Zealand},
 pages = {105--110},
 numpages = {6},
 url = {http://doi.acm.org/10.1145/2361276.2361297},
 doi = {10.1145/2361276.2361297},
 acmid = {2361297},
 publisher = {ACM},
 address = {New York, NY, USA},
 keywords = {active learning, cognitive apprenticeship, constructivism, cs0, kolb learning cycle},
}

@inproceedings{Holz:2007:SRS:1227310.1227424,
 author = {Holz, Hilary and Applin, Anne and Joel, William},
 title = {Status Report of the SIGCSE Committee on Teaching Computer Science Research Methods},
 booktitle = {Proceedings of the 38th SIGCSE Technical Symposium on Computer Science Education},
 series = {SIGCSE '07},
 year = {2007},
 isbn = {1-59593-361-1},
 location = {Covington, Kentucky, USA},
 pages = {327--328},
 numpages = {2},
 url = {http://doi.acm.org/10.1145/1227310.1227424},
 doi = {10.1145/1227310.1227424},
 acmid = {1227424},
 publisher = {ACM},
 address = {New York, NY, USA},
 keywords = {constructivism, learning activities, pedagogy, research methods, situated learning},
}

@article{Holz:2007:SRS:1227504.1227424,
 author = {Holz, Hilary and Applin, Anne and Joel, William},
 title = {Status Report of the SIGCSE Committee on Teaching Computer Science Research Methods},
 journal = {SIGCSE Bull.},
 issue_date = {March 2007},
 volume = {39},
 number = {1},
 month = mar,
 year = {2007},
 issn = {0097-8418},
 pages = {327--328},
 numpages = {2},
 url = {http://doi.acm.org/10.1145/1227504.1227424},
 doi = {10.1145/1227504.1227424},
 acmid = {1227424},
 publisher = {ACM},
 address = {New York, NY, USA},
 keywords = {constructivism, learning activities, pedagogy, research methods, situated learning},
}

@inproceedings{deJong:1995:TCD:222020.222075,
 author = {de Jong, Frank P. C. M. and Mensink, Jos G. B.},
 title = {Training Cops' Decisions in Deadly Force Through Reflection by Use of a Powerful Learning Environment},
 booktitle = {The First International Conference on Computer Support for Collaborative Learning},
 series = {CSCL '95},
 year = {1995},
 isbn = {0-8058-2243-7},
 location = {Indiana Univ., Bloomington, Indiana, USA},
 pages = {89--93},
 numpages = {5},
 url = {https://doi.org/10.3115/222020.222075},
 doi = {10.3115/222020.222075},
 acmid = {222075},
 publisher = {L. Erlbaum Associates Inc.},
 address = {Hillsdale, NJ, USA},
 keywords = {advanced problem solving, constructivism, hypermedia, powerful learning environment, vocational training},
}

@inproceedings{Zhu:2016:ILS:3014033.3014038,
 author = {Zhu, Xiaoming and Sun, Bo and Luo, Yanlin},
 title = {Interactive Learning System "VisMis" for Scientific Visualization Course},
 booktitle = {Proceedings of the 3rd Asia-Europe Symposium on Simulation \& Serious Gaming},
 series = {VRCAI '16},
 year = {2016},
 isbn = {978-1-4503-4693-1},
 location = {Zhuhai, China},
 pages = {177--184},
 numpages = {8},
 url = {http://doi.acm.org/10.1145/3014033.3014038},
 doi = {10.1145/3014033.3014038},
 acmid = {3014038},
 publisher = {ACM},
 address = {New York, NY, USA},
 keywords = {constructivism, interactive learning, multi-modal interaction, scientific visualization, volume visualization},
}

@inproceedings{Davis:2017:HBT:3078072.3079755,
 author = {Davis, Richard Lee and Orta Martinez, Melisa and Schneider, Oliver and MacLean, Karon E. and Okamura, Allison M. and Blikstein, Paulo},
 title = {The Haptic Bridge: Towards a Theory for Haptic-Supported Learning},
 booktitle = {Proceedings of the 2017 Conference on Interaction Design and Children},
 series = {IDC '17},
 year = {2017},
 isbn = {978-1-4503-4921-5},
 location = {Stanford, California, USA},
 pages = {51--60},
 numpages = {10},
 url = {http://doi.acm.org/10.1145/3078072.3079755},
 doi = {10.1145/3078072.3079755},
 acmid = {3079755},
 publisher = {ACM},
 address = {New York, NY, USA},
 keywords = {constructivism, dynamic visualizations, guided discovery, haptic-feedback devices},
}

@inproceedings{Hong:2017:PTC:3141151.3141153,
 author = {Hong, Huang-Yao and Lin, Pei-Yi and Hung, Guo-Tsai},
 title = {Preservice Teachers' Conceptions of Creative Teaching Through Knowledge Building Practices},
 booktitle = {Proceedings of the 2017 International Conference on E-Education, E-Business and E-Technology},
 series = {ICEBT 2017},
 year = {2017},
 isbn = {978-1-4503-5331-1},
 location = {Toronto, ON, Canada},
 pages = {1--3},
 numpages = {3},
 url = {http://doi.acm.org/10.1145/3141151.3141153},
 doi = {10.1145/3141151.3141153},
 acmid = {3141153},
 publisher = {ACM},
 address = {New York, NY, USA},
 keywords = {Preservice teachers, constructivism, creative teaching, knowledge-building, teaching conceptions},
}

@inproceedings{Blikstein:2014:RPI:2593968.2597649,
 author = {Blikstein, Paulo},
 title = {Reempowering Powerful Ideas: Designers' Mission in the Age of Ubiquitous Technology},
 booktitle = {Proceedings of the 2014 Conference on Interaction Design and Children},
 series = {IDC '14},
 year = {2014},
 isbn = {978-1-4503-2272-0},
 location = {Aarhus, Denmark},
 pages = {1--4},
 numpages = {4},
 url = {http://doi.acm.org/10.1145/2593968.2597649},
 doi = {10.1145/2593968.2597649},
 acmid = {2597649},
 publisher = {ACM},
 address = {New York, NY, USA},
 keywords = {constructionism, constructivism, education, interaction design, makers' movement, physical computing, robotics},
}

@inproceedings{Yamashita:2007:SBH:1240866.1241079,
 author = {Yamashita, Jun and Kato, Hiroshi and Ichimaru, Toshiaki and Suzuki, Hideyuki},
 title = {Sounding Board: A Handheld Device for Mutual Assessment in Education},
 booktitle = {CHI '07 Extended Abstracts on Human Factors in Computing Systems},
 series = {CHI EA '07},
 year = {2007},
 isbn = {978-1-59593-642-4},
 location = {San Jose, CA, USA},
 pages = {2783--2788},
 numpages = {6},
 url = {http://doi.acm.org/10.1145/1240866.1241079},
 doi = {10.1145/1240866.1241079},
 acmid = {1241079},
 publisher = {ACM},
 address = {New York, NY, USA},
 keywords = {collaborative learning, educational assessment, ethnomethodology, mutual assessment, social constructivism},
}

@inproceedings{Huron:2014:CV:2598510.2598566,
 author = {Huron, Samuel and Carpendale, Sheelagh and Thudt, Alice and Tang, Anthony and Mauerer, Michael},
 title = {Constructive Visualization},
 booktitle = {Proceedings of the 2014 Conference on Designing Interactive Systems},
 series = {DIS '14},
 year = {2014},
 isbn = {978-1-4503-2902-6},
 location = {Vancouver, BC, Canada},
 pages = {433--442},
 numpages = {10},
 url = {http://doi.acm.org/10.1145/2598510.2598566},
 doi = {10.1145/2598510.2598566},
 acmid = {2598566},
 publisher = {ACM},
 address = {New York, NY, USA},
 keywords = {assembling, construction, constructionism, constructivism, design, education, visual literacy., visualization},
}

@inproceedings{Ligorio:2002:EST:1658616.1658750,
 author = {Ligorio, Maria Beatrice and Talamo, Alessandra and Simons, Robert-Jan},
 title = {Examining Synchronous Tutoring in a Virtual World},
 booktitle = {Proceedings of the Conference on Computer Support for Collaborative Learning: Foundations for a CSCL Community},
 series = {CSCL '02},
 year = {2002},
 location = {Boulder, Colorado},
 pages = {615--616},
 numpages = {2},
 url = {http://dl.acm.org/citation.cfm?id=1658616.1658750},
 acmid = {1658750},
 publisher = {International Society of the Learning Sciences},
 keywords = {constructivism, discourse analysis, new learning, on-line tutorship, virtual community},
}

@article{Holz:2006:RMC:1189136.1189180,
 author = {Holz, Hilary J. and Applin, Anne and Haberman, Bruria and Joyce, Donald and Purchase, Helen and Reed, Catherine},
 title = {Research Methods in Computing: What Are They, and How Should We Teach Them?},
 journal = {SIGCSE Bull.},
 issue_date = {December 2006},
 volume = {38},
 number = {4},
 month = jun,
 year = {2006},
 issn = {0097-8418},
 pages = {96--114},
 numpages = {19},
 url = {http://doi.acm.org/10.1145/1189136.1189180},
 doi = {10.1145/1189136.1189180},
 acmid = {1189180},
 publisher = {ACM},
 address = {New York, NY, USA},
 keywords = {constructivism, learning activities, pedagogy, research methods, situated learning},
}

@inproceedings{Holz:2006:RMC:1189215.1189180,
 author = {Holz, Hilary J. and Applin, Anne and Haberman, Bruria and Joyce, Donald and Purchase, Helen and Reed, Catherine},
 title = {Research Methods in Computing: What Are They, and How Should We Teach Them?},
 booktitle = {Working Group Reports on ITiCSE on Innovation and Technology in Computer Science Education},
 series = {ITiCSE-WGR '06},
 year = {2006},
 isbn = {1-59593-603-3},
 location = {Bologna, Italy},
 pages = {96--114},
 numpages = {19},
 url = {http://doi.acm.org/10.1145/1189215.1189180},
 doi = {10.1145/1189215.1189180},
 acmid = {1189180},
 publisher = {ACM},
 address = {New York, NY, USA},
 keywords = {constructivism, learning activities, pedagogy, research methods, situated learning},
}

@inproceedings{Thevathayan:2015:SDN:2729094.2742609,
 author = {Thevathayan, Charles and Hamilton, Margaret},
 title = {Supporting Diverse Novice Programming Cohorts Through Flexible and Incremental Visual Constructivist Pathways},
 booktitle = {Proceedings of the 2015 ACM Conference on Innovation and Technology in Computer Science Education},
 series = {ITiCSE '15},
 year = {2015},
 isbn = {978-1-4503-3440-2},
 location = {Vilnius, Lithuania},
 pages = {296--301},
 numpages = {6},
 url = {http://doi.acm.org/10.1145/2729094.2742609},
 doi = {10.1145/2729094.2742609},
 acmid = {2742609},
 publisher = {ACM},
 address = {New York, NY, USA},
 keywords = {constructivism, diversity in the classroom, learning programming, motivation, visualisation},
}

@article{Ensley:2010:HAP:1709424.1709443,
 author = {Ensley, Douglas},
 title = {A Hands-on Approach to Proof and Abstraction},
 journal = {SIGCSE Bull.},
 issue_date = {December 2009},
 volume = {41},
 number = {4},
 month = jan,
 year = {2010},
 issn = {0097-8418},
 pages = {45--47},
 numpages = {3},
 url = {http://doi.acm.org/10.1145/1709424.1709443},
 doi = {10.1145/1709424.1709443},
 acmid = {1709443},
 publisher = {ACM},
 address = {New York, NY, USA},
 keywords = {active learning, constructivism, counterexample, mathematical proof, predicate logic},
}

@inproceedings{Powers:2003:BRI:611892.611979,
 author = {Powers, Kris D.},
 title = {Breadth-also: A Rationale and Implementation},
 booktitle = {Proceedings of the 34th SIGCSE Technical Symposium on Computer Science Education},
 series = {SIGCSE '03},
 year = {2003},
 isbn = {1-58113-648-X},
 location = {Reno, Navada, USA},
 pages = {243--247},
 numpages = {5},
 url = {http://doi.acm.org/10.1145/611892.611979},
 doi = {10.1145/611892.611979},
 acmid = {611979},
 publisher = {ACM},
 address = {New York, NY, USA},
 keywords = {CS1, CS2, breadth-also, breadth-first, constructivism, spacing, spiraling},
}

@article{Powers:2003:BRI:792548.611979,
 author = {Powers, Kris D.},
 title = {Breadth-also: A Rationale and Implementation},
 journal = {SIGCSE Bull.},
 issue_date = {January 2003},
 volume = {35},
 number = {1},
 month = jan,
 year = {2003},
 issn = {0097-8418},
 pages = {243--247},
 numpages = {5},
 url = {http://doi.acm.org/10.1145/792548.611979},
 doi = {10.1145/792548.611979},
 acmid = {611979},
 publisher = {ACM},
 address = {New York, NY, USA},
 keywords = {CS1, CS2, breadth-also, breadth-first, constructivism, spacing, spiraling},
}

@inproceedings{Hazzan:2006:CPS:1137661.1137673,
 author = {Hazzan, Orit and Dubinsky, Yael},
 title = {A Cognitive Perspective on Software Development Methods: The Case of Extreme Programming},
 booktitle = {Proceedings of the 2006 International Workshop on Workshop on Interdisciplinary Software Engineering Research},
 series = {WISER '06},
 year = {2006},
 isbn = {1-59593-409-X},
 location = {Shanghai, China},
 pages = {53--56},
 numpages = {4},
 url = {http://doi.acm.org/10.1145/1137661.1137673},
 doi = {10.1145/1137661.1137673},
 acmid = {1137673},
 publisher = {ACM},
 address = {New York, NY, USA},
 keywords = {agile software development methods, cognitive theories, constructivism, extreme programming},
}

@inproceedings{Hadjerrouit:1999:CAO:305786.305910,
 author = {Hadjerrouit, Said},
 title = {A Constructivist Approach to Object-oriented Design and Programming},
 booktitle = {Proceedings of the 4th Annual SIGCSE/SIGCUE ITiCSE Conference on Innovation and Technology in Computer Science Education},
 series = {ITiCSE '99},
 year = {1999},
 isbn = {1-58113-087-2},
 location = {Cracow, Poland},
 pages = {171--174},
 numpages = {4},
 url = {http://doi.acm.org/10.1145/305786.305910},
 doi = {10.1145/305786.305910},
 acmid = {305910},
 publisher = {ACM},
 address = {New York, NY, USA},
 keywords = {Java, constructivism, object-oriented design and programming, paradigms of learning},
}

@article{Hadjerrouit:1999:CAO:384267.305910,
 author = {Hadjerrouit, Said},
 title = {A Constructivist Approach to Object-oriented Design and Programming},
 journal = {SIGCSE Bull.},
 issue_date = {Sept. 1999},
 volume = {31},
 number = {3},
 month = jun,
 year = {1999},
 issn = {0097-8418},
 pages = {171--174},
 numpages = {4},
 url = {http://doi.acm.org/10.1145/384267.305910},
 doi = {10.1145/384267.305910},
 acmid = {305910},
 publisher = {ACM},
 address = {New York, NY, USA},
 keywords = {Java, constructivism, object-oriented design and programming, paradigms of learning},
}

@inproceedings{Blikstein:2012:BMS:2388676.2388729,
 author = {Blikstein, Paulo},
 title = {Bifocal Modeling: A Study on the Learning Outcomes of Comparing Physical and Computational Models Linked in Real Time},
 booktitle = {Proceedings of the 14th ACM International Conference on Multimodal Interaction},
 series = {ICMI '12},
 year = {2012},
 isbn = {978-1-4503-1467-1},
 location = {Santa Monica, California, USA},
 pages = {257--264},
 numpages = {8},
 url = {http://doi.acm.org/10.1145/2388676.2388729},
 doi = {10.1145/2388676.2388729},
 acmid = {2388729},
 publisher = {ACM},
 address = {New York, NY, USA},
 keywords = {bifocal modeling, computer modeling, constructivism, physical computing, sensing},
}

@inproceedings{Ramnarine-Rieks:2013:LGD:2655780.2655944,
 author = {Ramnarine-Rieks, Angela},
 title = {Learning by Game Design: Exploring Its Potential in Undergraduate Information Literacy Instruction},
 booktitle = {Proceedings of the 76th ASIS\&T Annual Meeting: Beyond the Cloud: Rethinking Information Boundaries},
 series = {ASIST '13},
 year = {2013},
 isbn = {0-87715-545-3},
 location = {Montreal, Quebec, Canada},
 pages = {164:1--164:4},
 articleno = {164},
 numpages = {4},
 url = {http://dl.acm.org/citation.cfm?id=2655780.2655944},
 acmid = {2655944},
 publisher = {American Society for Information Science},
 address = {Silver Springs, MD, USA},
 keywords = {constructionism, constructivism, information literacy, knowledge as design, learning by game design},
}

@inproceedings{Corbit:2002:MVW:1658616.1658788,
 author = {Corbit, Margaret and DeVarco, Bonnie},
 title = {3D Multi-user Virtual Worlds for Education: Knowledge Building in the Vlearn3D.Org Community},
 booktitle = {Proceedings of the Conference on Computer Support for Collaborative Learning: Foundations for a CSCL Community},
 series = {CSCL '02},
 year = {2002},
 location = {Boulder, Colorado},
 pages = {685--686},
 numpages = {2},
 url = {http://dl.acm.org/citation.cfm?id=1658616.1658788},
 acmid = {1658788},
 publisher = {International Society of the Learning Sciences},
 keywords = {avatars, collaborative virtual environments, constructivism, desktop 3D, knowledge building, knowledge networks, knowledge space, virtual worlds},
}

@inproceedings{Gardner:2011:ENC:2016039.2016057,
 author = {Gardner, David and Demuynck, Marie-Anne and Zhang, Jian},
 title = {Engaging Non-majors in Computer Literacy Courses},
 booktitle = {Proceedings of the 49th Annual Southeast Regional Conference},
 series = {ACM-SE '11},
 year = {2011},
 isbn = {978-1-4503-0686-7},
 location = {Kennesaw, Georgia},
 pages = {36--41},
 numpages = {6},
 url = {http://doi.acm.org/10.1145/2016039.2016057},
 doi = {10.1145/2016039.2016057},
 acmid = {2016057},
 publisher = {ACM},
 address = {New York, NY, USA},
 keywords = {computational thinking, computer literacy, constructivism, distance education, hybrid course, online course, social network},
}

@inproceedings{Hernandez:2011:FEL:2024288.2024332,
 author = {Hern\'{a}ndez, Rocael and Guetl, Christian and Amado-Salvatierra, Hector R.},
 title = {Facebook for e-Moderation: A Latin-American Experience},
 booktitle = {Proceedings of the 11th International Conference on Knowledge Management and Knowledge Technologies},
 series = {i-KNOW '11},
 year = {2011},
 isbn = {978-1-4503-0732-1},
 location = {Graz, Austria},
 pages = {37:1--37:4},
 articleno = {37},
 numpages = {4},
 url = {http://doi.acm.org/10.1145/2024288.2024332},
 doi = {10.1145/2024288.2024332},
 acmid = {2024332},
 publisher = {ACM},
 address = {New York, NY, USA},
 keywords = {CSCL, Facebook on education, constructivism, e-learning, e-moderation, scaffolding, social network sites, technology-enhanced learning},
}

@inproceedings{Birchfield:2009:EML:1597956.1597965,
 author = {Birchfield, David and Campana, Ellen and Hatton, Sarah and Johnson-Glenberg, Mina and Kelliher, Aisling and Olson, Loren and Martinez, Christopher and Savvides, Philippos and Tolentino, Lisa and Uysal, Sibel},
 title = {Embodied and Mediated Learning in SMALLab: A Student-centered Mixed-reality Environment},
 booktitle = {ACM SIGGRAPH 2009 Emerging Technologies},
 series = {SIGGRAPH '09},
 year = {2009},
 isbn = {978-1-60558-833-9},
 location = {New Orleans, Louisiana},
 pages = {9:1--9:1},
 articleno = {9},
 numpages = {1},
 url = {http://doi.acm.org/10.1145/1597956.1597965},
 doi = {10.1145/1597956.1597965},
 acmid = {1597965},
 publisher = {ACM},
 address = {New York, NY, USA},
 keywords = {K-12 education, constructivism, experiential media, interactivity, learning, situated multimedia, student centered learning environments},
}

@inproceedings{Lim:2009:SNA:1551950.1551967,
 author = {Lim, Hwee Ling},
 title = {Social Network Analysis: Measuring Symmetry of Information Flow in Virtual Learning Groups},
 booktitle = {Proceedings of the 2009 Conference on Information Science, Technology and Applications},
 series = {ISTA '09},
 year = {2009},
 isbn = {978-1-60558-478-2},
 location = {Kuwait, Kuwait},
 pages = {40--44},
 numpages = {5},
 url = {http://doi.acm.org/10.1145/1551950.1551967},
 doi = {10.1145/1551950.1551967},
 acmid = {1551967},
 publisher = {ACM},
 address = {New York, NY, USA},
 keywords = {collaborative learning, computer-mediated communication, social network analysis, sociocultural constructivism, synchronous computer-mediated communication},
}

@inproceedings{Puntambekar:1999:IAI:1150240.1150297,
 author = {Puntambekar, Sadhana},
 title = {An Integrated Approach to Individual and Collaborative Learning in a Web-based Learning Environment},
 booktitle = {Proceedings of the 1999 Conference on Computer Support for Collaborative Learning},
 series = {CSCL '99},
 year = {1999},
 location = {Palo Alto, California},
 articleno = {57},
 url = {http://dl.acm.org/citation.cfm?id=1150240.1150297},
 acmid = {1150297},
 publisher = {International Society of the Learning Sciences},
 keywords = {cognitive tools, collaborative spaces, constructivism, individual and collaborative learning, problem-based learning, scaffolding},
}

@inproceedings{Spyropoulou:2013:ECE:2491845.2491882,
 author = {Spyropoulou, Maria and Ntourou, Dimitra and Simaki, Vasiliki and Malagkoniari, Dionysia and Koumpouri, Athanasia and Sorra, Maria},
 title = {Evaluating the Correspondence of Educational Software to Learning Theories},
 booktitle = {Proceedings of the 17th Panhellenic Conference on Informatics},
 series = {PCI '13},
 year = {2013},
 isbn = {978-1-4503-1969-0},
 location = {Thessaloniki, Greece},
 pages = {250--257},
 numpages = {8},
 url = {http://doi.acm.org/10.1145/2491845.2491882},
 doi = {10.1145/2491845.2491882},
 acmid = {2491882},
 publisher = {ACM},
 address = {New York, NY, USA},
 keywords = {behaviorism, cognitivism, constructivism, educational software, educational websites, evaluation, instructional design, learning theories, online learning},
}

@article{McKenna:2004:CIP:1026487.1008041,
 author = {McKenna, Peter and Laycock, Ben},
 title = {Constructivist or Instructivist: Pedagogical Concepts Practically Applied to a Computer Learning Environment},
 journal = {SIGCSE Bull.},
 issue_date = {September 2004},
 volume = {36},
 number = {3},
 month = jun,
 year = {2004},
 issn = {0097-8418},
 pages = {166--170},
 numpages = {5},
 url = {http://doi.acm.org/10.1145/1026487.1008041},
 doi = {10.1145/1026487.1008041},
 acmid = {1008041},
 publisher = {ACM},
 address = {New York, NY, USA},
 keywords = {CAI, computer assisted instruction, constructivism, e-learning, learning models, learning technology},
}

@inproceedings{McKenna:2004:CIP:1007996.1008041,
 author = {McKenna, Peter and Laycock, Ben},
 title = {Constructivist or Instructivist: Pedagogical Concepts Practically Applied to a Computer Learning Environment},
 booktitle = {Proceedings of the 9th Annual SIGCSE Conference on Innovation and Technology in Computer Science Education},
 series = {ITiCSE '04},
 year = {2004},
 isbn = {1-58113-836-9},
 location = {Leeds, United Kingdom},
 pages = {166--170},
 numpages = {5},
 url = {http://doi.acm.org/10.1145/1007996.1008041},
 doi = {10.1145/1007996.1008041},
 acmid = {1008041},
 publisher = {ACM},
 address = {New York, NY, USA},
 keywords = {CAI, computer assisted instruction, constructivism, e-learning, learning models, learning technology},
}

@inproceedings{King:2002:CMA:581710.581725,
 author = {King, Mike},
 title = {Computers and Modern Art: Digital Art Museum},
 booktitle = {Proceedings of the 4th Conference on Creativity \& Cognition},
 series = {C\&\#38;C '02},
 year = {2002},
 isbn = {1-58113-465-7},
 location = {Loughborough, UK},
 pages = {88--94},
 numpages = {7},
 url = {http://doi.acm.org/10.1145/581710.581725},
 doi = {10.1145/581710.581725},
 acmid = {581725},
 publisher = {ACM},
 address = {New York, NY, USA},
 keywords = {Constructivism, Cubism, Modernism, art movements, computer art, digital art, digital art museum, fine art},
}

@inproceedings{Nijholt:2012:CII:2388676.2388725,
 author = {Nijholt, Anton},
 title = {Child-computer Interaction: ICMI 2012 Special Session},
 booktitle = {Proceedings of the 14th ACM International Conference on Multimodal Interaction},
 series = {ICMI '12},
 year = {2012},
 isbn = {978-1-4503-1467-1},
 location = {Santa Monica, California, USA},
 pages = {231--232},
 numpages = {2},
 url = {http://doi.acm.org/10.1145/2388676.2388725},
 doi = {10.1145/2388676.2388725},
 acmid = {2388725},
 publisher = {ACM},
 address = {New York, NY, USA},
 keywords = {child-computer interaction, children, constructivism, games, interaction design, tangible interfaces, virtual reality},
}

@inproceedings{Miller:2012:MTC:2148131.2148185,
 author = {Miller, Andrea and Rosenbaum, Claire and Blikstein, Paulo},
 title = {MagneTracks: A Tangible Constructionist Toolkit for Newtonian Physics},
 booktitle = {Proceedings of the Sixth International Conference on Tangible, Embedded and Embodied Interaction},
 series = {TEI '12},
 year = {2012},
 isbn = {978-1-4503-1174-8},
 location = {Kingston, Ontario, Canada},
 pages = {253--256},
 numpages = {4},
 url = {http://doi.acm.org/10.1145/2148131.2148185},
 doi = {10.1145/2148131.2148185},
 acmid = {2148185},
 publisher = {ACM},
 address = {New York, NY, USA},
 keywords = {cognitive load, constructionism, constructivism, design, dynamic tangible interaction, scaffolding, vertical interfaces},
}

@inproceedings{Buffardi:2014:ASM:2556325.2567861,
 author = {Buffardi, Kevin and Edwards, Stephen H.},
 title = {Adaptive and Social Mechanisms for Automated Improvement of eLearning Materials},
 booktitle = {Proceedings of the First ACM Conference on Learning @ Scale Conference},
 series = {L@S '14},
 year = {2014},
 isbn = {978-1-4503-2669-8},
 location = {Atlanta, Georgia, USA},
 pages = {165--166},
 numpages = {2},
 url = {http://doi.acm.org/10.1145/2556325.2567861},
 doi = {10.1145/2556325.2567861},
 acmid = {2567861},
 publisher = {ACM},
 address = {New York, NY, USA},
 keywords = {active learning, adaptive feedback, automated assessment, computer-supported cooperative learning (cscl), internet-scale data, item response theory, social constructivism},
}

@inproceedings{Lally:2002:CCL:1658616.1658640,
 author = {Lally, Vic and de Laat, Maarten},
 title = {Cracking the Code: Learning to Collaborate and Collaborating to Learn in a Networked Environment},
 booktitle = {Proceedings of the Conference on Computer Support for Collaborative Learning: Foundations for a CSCL Community},
 series = {CSCL '02},
 year = {2002},
 location = {Boulder, Colorado},
 pages = {160--168},
 numpages = {9},
 url = {http://dl.acm.org/citation.cfm?id=1658616.1658640},
 acmid = {1658640},
 publisher = {International Society of the Learning Sciences},
 keywords = {collaborative teaching and learning, content analysis, on-line tutoring, social constructivism},
}

@inproceedings{Thevathayan:2017:CAP:3013499.3013510,
 author = {Thevathayan, Charles and Spichkova, Maria and Hamilton, Margaret},
 title = {Combining Agile Practices with Incremental Visual Tasks},
 booktitle = {Proceedings of the Nineteenth Australasian Computing Education Conference},
 series = {ACE '17},
 year = {2017},
 isbn = {978-1-4503-4823-2},
 location = {Geelong, VIC, Australia},
 pages = {103--112},
 numpages = {10},
 url = {http://doi.acm.org/10.1145/3013499.3013510},
 doi = {10.1145/3013499.3013510},
 acmid = {3013510},
 publisher = {ACM},
 address = {New York, NY, USA},
 keywords = {Computer Science education, Software Engineering education, active learning, constructivism, incremental learning, test-driven approach, visualisation},
}

@inproceedings{Zviel-Girshin:2016:MSI:2897134.2897140,
 author = {Zviel-Girshin, Rina and Rosenberg, Nathan},
 title = {Montessori + SE + ICT = SEET: Using SE to Teach SE},
 booktitle = {Proceedings of the 5th International Workshop on Theory-Oriented Software Engineering},
 series = {TOSE '16},
 year = {2016},
 isbn = {978-1-4503-4174-5},
 location = {Austin, Texas},
 pages = {1--7},
 numpages = {7},
 url = {http://doi.acm.org/10.1145/2897134.2897140},
 doi = {10.1145/2897134.2897140},
 acmid = {2897140},
 publisher = {ACM},
 address = {New York, NY, USA},
 keywords = {SE education, constructivism, lab-based learning, montessori, organic paradigm, project-based learning},
}

@inproceedings{Petri:2015:PGJ:2786567.2801610,
 author = {Petri, Anja and Schindler, Christian and Slany, Wolfgang and Spieler, Bernadette and Smith, Jonathan},
 title = {Pocket Game Jams: A Constructionist Approach at Schools},
 booktitle = {Proceedings of the 17th International Conference on Human-Computer Interaction with Mobile Devices and Services Adjunct},
 series = {MobileHCI '15},
 year = {2015},
 isbn = {978-1-4503-3653-6},
 location = {Copenhagen, Denmark},
 pages = {1207--1211},
 numpages = {5},
 url = {http://doi.acm.org/10.1145/2786567.2801610},
 doi = {10.1145/2786567.2801610},
 acmid = {2801610},
 publisher = {ACM},
 address = {New York, NY, USA},
 keywords = {Game Jam, Pocket Code, Pocket Game Jam, constructionism, constructivism, educational application, learning by doing},
}

@inproceedings{Hazzan:2006:TFS:1134285.1134396,
 author = {Hazzan, Orit and Dubinsky, Yael},
 title = {Teaching Framework for Software Development Methods},
 booktitle = {Proceedings of the 28th International Conference on Software Engineering},
 series = {ICSE '06},
 year = {2006},
 isbn = {1-59593-375-1},
 location = {Shanghai, China},
 pages = {703--706},
 numpages = {4},
 url = {http://doi.acm.org/10.1145/1134285.1134396},
 doi = {10.1145/1134285.1134396},
 acmid = {1134396},
 publisher = {ACM},
 address = {New York, NY, USA},
 keywords = {active learning, constructivism, learning, software development methods, software engineering, software engineering education, teaching},
}

@article{Gil-Fuentetaja:2019:CMC:3313804.3283253,
 author = {Gil-Fuentetaja, Ion and Economou, Maria},
 title = {Communicating Museum Collections Information Online: Analysis of the Philosophy of Communication Extending the Constructivist Approach},
 journal = {J. Comput. Cult. Herit.},
 issue_date = {February 2019},
 volume = {12},
 number = {1},
 month = feb,
 year = {2019},
 issn = {1556-4673},
 pages = {3:1--3:16},
 articleno = {3},
 numpages = {16},
 url = {http://doi.acm.org/10.1145/3283253},
 doi = {10.1145/3283253},
 acmid = {3283253},
 publisher = {ACM},
 address = {New York, NY, USA},
 keywords = {Museum online catalogues, communication philosophy, communication strategy, constructivism, museum digital collections},
}

@inproceedings{Chee:2002:CSL:1658616.1658789,
 author = {Chee, Yam San and Hooi, Chit Meng},
 title = {C-VISions: Socialized Learning Through Collaborative, Virtual, Interactive Simulations},
 booktitle = {Proceedings of the Conference on Computer Support for Collaborative Learning: Foundations for a CSCL Community},
 series = {CSCL '02},
 year = {2002},
 location = {Boulder, Colorado},
 pages = {687--696},
 numpages = {10},
 url = {http://dl.acm.org/citation.cfm?id=1658616.1658789},
 acmid = {1658789},
 publisher = {International Society of the Learning Sciences},
 keywords = {collaborative learning, constructivism, desktop virtual reality, experiential learning, interactive simulations, networked virtual environments},
}

@inproceedings{Soloway:1996:LTP:238386.238476,
 author = {Soloway, Elliot and Jackson, Shari L. and Klein, Jonathan and Quintana, Chris and Reed, James and Spitulnik, Jeff and Stratford, Steven J. and Studer, Scott and Eng, Jim and Scala, Nancy},
 title = {Learning Theory in Practice: Case Studies of Learner-centered Design},
 booktitle = {Proceedings of the SIGCHI Conference on Human Factors in Computing Systems},
 series = {CHI '96},
 year = {1996},
 isbn = {0-89791-777-4},
 location = {Vancouver, British Columbia, Canada},
 pages = {189--196},
 numpages = {8},
 url = {http://doi.acm.org/10.1145/238386.238476},
 doi = {10.1145/238386.238476},
 acmid = {238476},
 publisher = {ACM},
 address = {New York, NY, USA},
 keywords = {case study, constructivism, educational applications, learner-centered design, scaffolding, science applications, socioculturalism},
}

@inproceedings{Birchfield:2006:SMP:1179295.1179329,
 author = {Birchfield, David and Ciufo, Thomas and Minyard, Gary},
 title = {SMALLab: A Mediated Platform for Education},
 booktitle = {ACM SIGGRAPH 2006 Educators Program},
 series = {SIGGRAPH '06},
 year = {2006},
 isbn = {1-59593-364-6},
 location = {Boston, Massachusetts},
 articleno = {33},
 url = {http://doi.acm.org/10.1145/1179295.1179329},
 doi = {10.1145/1179295.1179329},
 acmid = {1179329},
 publisher = {ACM},
 address = {New York, NY, USA},
 keywords = {K-12 education, constructivism, experiential media, interactivity, learning, situated multimedia, student centered learning environments},
}

@inproceedings{Doshi:2017:CCT:3078072.3091986,
 author = {Doshi, Sonia and Hojjat, Kimiya and Lin, Anita and Blikstein, Paulo},
 title = {Cool Cities A Tangible User Interface for Thinking Critically About Climate Change},
 booktitle = {Proceedings of the 2017 Conference on Interaction Design and Children},
 series = {IDC '17},
 year = {2017},
 isbn = {978-1-4503-4921-5},
 location = {Stanford, California, USA},
 pages = {709--712},
 numpages = {4},
 url = {http://doi.acm.org/10.1145/3078072.3091986},
 doi = {10.1145/3078072.3091986},
 acmid = {3091986},
 publisher = {ACM},
 address = {New York, NY, USA},
 keywords = {constructivism, environmental science education, negotiation, peer-to-peer learning, tangible user interfaces},
}

@article{Sorva:2013:NMI:2483710.2483713,
 author = {Sorva, Juha},
 title = {Notional Machines and Introductory Programming Education},
 journal = {Trans. Comput. Educ.},
 issue_date = {June 2013},
 volume = {13},
 number = {2},
 month = jul,
 year = {2013},
 issn = {1946-6226},
 pages = {8:1--8:31},
 articleno = {8},
 numpages = {31},
 url = {http://doi.acm.org/10.1145/2483710.2483713},
 doi = {10.1145/2483710.2483713},
 acmid = {2483713},
 publisher = {ACM},
 address = {New York, NY, USA},
 keywords = {CS1, Notional machine, constructivism, introductory programming education, literature review, mental models, misconceptions, phenomenography, threshold concepts},
}

@inproceedings{Caceres:2007:CMJ:1276318.1276373,
 author = {C\'{a}ceres, Enrique},
 title = {A Constructivist Model for the Judicial Determination of Facts},
 booktitle = {Proceedings of the 11th International Conference on Artificial Intelligence and Law},
 series = {ICAIL '07},
 year = {2007},
 isbn = {978-1-59593-680-6},
 location = {Stanford, California},
 pages = {285--286},
 numpages = {2},
 url = {http://doi.acm.org/10.1145/1276318.1276373},
 doi = {10.1145/1276318.1276373},
 acmid = {1276373},
 publisher = {ACM},
 address = {New York, NY, USA},
 keywords = {applied legal epistemology, judicial determination of facts, judicial reasoning about evidence, legal constructivism},
}

@inproceedings{Fountain:2007:CEV:1296951.1296956,
 author = {Fountain, Ren{\'e}e M.B.},
 title = {Conceptual Enhancement via Textual Plurality:: A Pedagogical Wiki Bow Towards Collaborative Structuration},
 booktitle = {Proceedings of the 2007 International Symposium on Wikis},
 series = {WikiSym '07},
 year = {2007},
 isbn = {978-1-59593-861-9},
 location = {Montreal, Quebec, Canada},
 pages = {43--46},
 numpages = {4},
 url = {http://doi.acm.org/10.1145/1296951.1296956},
 doi = {10.1145/1296951.1296956},
 acmid = {1296956},
 publisher = {ACM},
 address = {New York, NY, USA},
 keywords = {co-elaboration, collaboration, communal constructivism, concept development, higher education, intertextuality, intratextuality, technology, wikis},
}

@inproceedings{AlAgha:2009:TCA:1557914.1557926,
 author = {AlAgha, Iyad and Burd, Liz},
 title = {Towards a Constructivist Approach to Learning from Hypertext},
 booktitle = {Proceedings of the 20th ACM Conference on Hypertext and Hypermedia},
 series = {HT '09},
 year = {2009},
 isbn = {978-1-60558-486-7},
 location = {Torino, Italy},
 pages = {51--56},
 numpages = {6},
 url = {http://doi.acm.org/10.1145/1557914.1557926},
 doi = {10.1145/1557914.1557926},
 acmid = {1557926},
 publisher = {ACM},
 address = {New York, NY, USA},
 keywords = {adaptable hypertext, constructivism, hypertext layering, knowledge construction, meta-cognitive tool, navigation planning},
}

@inproceedings{Doubleday:2004:SEL:1029533.1029569,
 author = {Doubleday, Nancy and Kurtz, Steve},
 title = {Shared Extensible Learning Spaces},
 booktitle = {Proceedings of the 5th Conference on Information Technology Education},
 series = {CITC5 '04},
 year = {2004},
 isbn = {1-58113-936-5},
 location = {Salt Lake City, UT, USA},
 pages = {144--148},
 numpages = {5},
 url = {http://doi.acm.org/10.1145/1029533.1029569},
 doi = {10.1145/1029533.1029569},
 acmid = {1029569},
 publisher = {ACM},
 address = {New York, NY, USA},
 keywords = {active learning, agent-based modeling, complex adaptive systems, constructivism, emergence, scaffolding, simulation, smart actors, visualization},
}

@article{D'mello:2013:AAA:2395123.2395128,
 author = {D'mello, Sidney and Graesser, Art},
 title = {AutoTutor and Affective Autotutor: Learning by Talking with Cognitively and Emotionally Intelligent Computers That Talk Back},
 journal = {ACM Trans. Interact. Intell. Syst.},
 issue_date = {December 2012},
 volume = {2},
 number = {4},
 month = jan,
 year = {2013},
 issn = {2160-6455},
 pages = {23:1--23:39},
 articleno = {23},
 numpages = {39},
 url = {http://doi.acm.org/10.1145/2395123.2395128},
 doi = {10.1145/2395123.2395128},
 acmid = {2395128},
 publisher = {ACM},
 address = {New York, NY, USA},
 keywords = {Intelligent tutoring systems, affect detection and synthesis, affective computing, constructivism, deep learning, natural language understanding, student modeling, user modeling},
}

@inproceedings{deBeer:2015:FIP:2797433.2797468,
 author = {de Beer, Patrick and Angelov, Samuil},
 title = {Fontys ICT, Partners in Education Program: Intensifying Collaborations Between Higher Education and Software Industry},
 booktitle = {Proceedings of the 2015 European Conference on Software Architecture Workshops},
 series = {ECSAW '15},
 year = {2015},
 isbn = {978-1-4503-3393-1},
 location = {Dubrovnik, Cavtat, Croatia},
 pages = {33:1--33:4},
 articleno = {33},
 numpages = {4},
 url = {http://doi.acm.org/10.1145/2797433.2797468},
 doi = {10.1145/2797433.2797468},
 acmid = {2797468},
 publisher = {ACM},
 address = {New York, NY, USA},
 keywords = {Education, collaboration, cooperation, employers, higher vocational education, industry partners, sharing experience, social constructivism, software engineering, visible learning},
}

@article{Goel:2006:IMI:1243481.1243483,
 author = {Goel, Sanjay and Pon, Damira and Bloniarz, Peter and Bangert-Drowns, Robert and Berg, George and Delio, Vince and Iwan, Laura and Hurbanek, Thomas and Schuman, Sandoor P. and Gangolly, Jagdish and Baykal, Adnan and Hobbs, Jon},
 title = {Innovative Model for Information Assurance Curriculum: A Teaching Hospital},
 journal = {J. Educ. Resour. Comput.},
 issue_date = {September 2006},
 volume = {6},
 number = {3},
 month = sep,
 year = {2006},
 issn = {1531-4278},
 articleno = {2},
 url = {http://doi.acm.org/10.1145/1243481.1243483},
 doi = {10.1145/1243481.1243483},
 acmid = {1243483},
 publisher = {ACM},
 address = {New York, NY, USA},
 keywords = {Education, case-based learning, cases, constructivism, information assurance, information security education, learning, problem-based learning, teaching hospital},
}

@article{Bellotti:2009:EEV:1541895.1541903,
 author = {Bellotti, F. and Berta, R. and Gloria, A. De and Primavera, L.},
 title = {Enhancing the Educational Value of Video Games},
 journal = {Comput. Entertain.},
 issue_date = {June 2009},
 volume = {7},
 number = {2},
 month = jun,
 year = {2009},
 issn = {1544-3574},
 pages = {23:1--23:18},
 articleno = {23},
 numpages = {18},
 url = {http://doi.acm.org/10.1145/1541895.1541903},
 doi = {10.1145/1541895.1541903},
 acmid = {1541903},
 publisher = {ACM},
 address = {New York, NY, USA},
 keywords = {Serious games, constructivism, educational games, repertory grid technique, technology enhanced learning, video game test and evaluation, video games, virtual worlds},
}

@article{Soldz:1993:BRK:165482.1064763,
 note = {Reviewer-Soldz, Stephen},
 title = {Book Review: Knowledge Acquisition As Modeling. Edited by Kenneth M. Ford and Jeffrey M. Bradshaw (John Wiley \& Sons)},
 journal = {SIGART Bull.},
 issue_date = {Oct. 1993},
 volume = {4},
 number = {4},
 month = oct,
 year = {1993},
 issn = {0163-5719},
 pages = {11--13},
 numpages = {3},
 url = {http://doi.acm.org/10.1145/165482.1064763},
 doi = {10.1145/165482.1064763},
 acmid = {1064763},
 publisher = {ACM},
 address = {New York, NY, USA},
}

@inproceedings{KnowledgeForum\&\#174;JapanResearchGroup:2005:PRC:1149293.1149335,
 author = {Knowledge Forum\textregistered Japan Research Group and Oshima, Jun},
 title = {Progressive Refinement of a CSCL-based Lesson Plan for Improving Student Learning As Knowledge Building in the Period for the Integrated Study},
 booktitle = {Proceedings of th 2005 Conference on Computer Support for Collaborative Learning: Learning 2005: The Next 10 Years!},
 series = {CSCL '05},
 year = {2005},
 isbn = {0-8058-5782-6},
 location = {Taipei, Taiwan},
 pages = {321--330},
 numpages = {10},
 url = {http://dl.acm.org/citation.cfm?id=1149293.1149335},
 acmid = {1149335},
 publisher = {International Society of the Learning Sciences},
 keywords = {design principles, design studies, knowledge building, the period for the integrated study},
}

@inproceedings{Santana:2008:UAB:1666091.1666096,
 author = {Santana, Luiz Henrique Zambom and de Souza, Wanderley Lopes and do Prado, Antonio Francisco},
 title = {Um Ambiente Baseado Na Web 2.0 Para Educa\c{C}Ao M\'{E}Dica Construtivista},
 booktitle = {Proceedings of the 14th Brazilian Symposium on Multimedia and the Web},
 series = {WebMedia '08},
 year = {2008},
 isbn = {978-1-60558-170-5},
 location = {Vila Velha, Brazil},
 pages = {12--19},
 numpages = {8},
 url = {http://doi.acm.org/10.1145/1666091.1666096},
 doi = {10.1145/1666091.1666096},
 acmid = {1666096},
 publisher = {ACM},
 address = {New York, NY, USA},
 keywords = {content creation and sharing, medical education, questionnaires, web 2.0},
}

@inproceedings{Cheng:1972:CMC:800194.805890,
 author = {Cheng, Henry},
 title = {Constructive Mathematics and Computer Science},
 booktitle = {Proceedings of the ACM Annual Conference - Volume 2},
 series = {ACM '72},
 year = {1972},
 location = {Boston, Massachusetts, USA},
 pages = {986--990},
 numpages = {5},
 url = {http://doi.acm.org/10.1145/800194.805890},
 doi = {10.1145/800194.805890},
 acmid = {805890},
 publisher = {ACM},
 address = {New York, NY, USA},
 keywords = {Data types, Formal constructive mathematics, Implication, Informal constructive mathematics, Intuitionism, Principle of the excluded middle},
}

@inproceedings{Stahl:2010:CMC:1854509.1854520,
 author = {Stahl, Gerry},
 title = {Computer Mediation of Collaborative Mathematical Exploration},
 booktitle = {Proceedings of the 9th International Conference of the Learning Sciences - Volume 2},
 series = {ICLS '10},
 year = {2010},
 location = {Chicago, Illinois},
 pages = {30--33},
 numpages = {4},
 url = {http://dl.acm.org/citation.cfm?id=1854509.1854520},
 acmid = {1854520},
 publisher = {International Society of the Learning Sciences},
}

@inproceedings{Hidalgo-Cespedes:2014:ALA:2632320.2632326,
 author = {Hidalgo-C{\'e}spedes, Jeisson},
 title = {Allegories for Learning Abstract Programming Concepts},
 booktitle = {Proceedings of the Tenth Annual Conference on International Computing Education Research},
 series = {ICER '14},
 year = {2014},
 isbn = {978-1-4503-2755-8},
 location = {Glasgow, Scotland, United Kingdom},
 pages = {149--150},
 numpages = {2},
 url = {http://doi.acm.org/10.1145/2632320.2632326},
 doi = {10.1145/2632320.2632326},
 acmid = {2632326},
 publisher = {ACM},
 address = {New York, NY, USA},
 keywords = {allegory, learning, metaphor, programming language},
}

@inproceedings{Hidalgo-Cespedes:2014:PMM:2591708.2602661,
 author = {Hidalgo-C{\'e}spedes, Jeisson and Mar\'{\i}n-Ravent\'{o}s, Gabriela and Lara-Villagr\'{a}n, Vladimir},
 title = {Playing with Metaphors: A Methodology to Design Video Games for Learning Abstract Programming Concepts},
 booktitle = {Proceedings of the 2014 Conference on Innovation \&\#38; Technology in Computer Science Education},
 series = {ITiCSE '14},
 year = {2014},
 isbn = {978-1-4503-2833-3},
 location = {Uppsala, Sweden},
 pages = {348--348},
 numpages = {1},
 url = {http://doi.acm.org/10.1145/2591708.2602661},
 doi = {10.1145/2591708.2602661},
 acmid = {2602661},
 publisher = {ACM},
 address = {New York, NY, USA},
 keywords = {learning, metaphor, programming language, video game},
}

@inproceedings{Sarkar:2016:CDI:2851581.2892547,
 author = {Sarkar, Advait},
 title = {Constructivist Design for Interactive Machine Learning},
 booktitle = {Proceedings of the 2016 CHI Conference Extended Abstracts on Human Factors in Computing Systems},
 series = {CHI EA '16},
 year = {2016},
 isbn = {978-1-4503-4082-3},
 location = {San Jose, California, USA},
 pages = {1467--1475},
 numpages = {9},
 url = {http://doi.acm.org/10.1145/2851581.2892547},
 doi = {10.1145/2851581.2892547},
 acmid = {2892547},
 publisher = {ACM},
 address = {New York, NY, USA},
 keywords = {analytics, constructivist design, end-user programming, interactive machine learning, learning environments},
}

@inproceedings{Yukawa:2005:SCS:1149293.1149389,
 author = {Yukawa, Joyce},
 title = {Story-lines: A Case Study of Online Learning Using Narrative Analysis},
 booktitle = {Proceedings of th 2005 Conference on Computer Support for Collaborative Learning: Learning 2005: The Next 10 Years!},
 series = {CSCL '05},
 year = {2005},
 isbn = {0-8058-5782-6},
 location = {Taipei, Taiwan},
 pages = {732--736},
 numpages = {5},
 url = {http://dl.acm.org/citation.cfm?id=1149293.1149389},
 acmid = {1149389},
 publisher = {International Society of the Learning Sciences},
 keywords = {action research, affective domain, co-construction of knowledge, co-reflection, distance learning, narrative analysis, wiki},
}

@inproceedings{Chiu:2010:MSL:1920331.1920484,
 author = {Chiu, Ming-Hsin},
 title = {Making Sense of Library 2.0 Through Technological Frames},
 booktitle = {Proceedings of the 73rd ASIS\&T Annual Meeting on Navigating Streams in an Information Ecosystem - Volume 47},
 series = {ASIS\&\#38;T '10},
 year = {2010},
 location = {Pittsburgh, Pennsylvania},
 pages = {112:1--112:2},
 articleno = {112},
 numpages = {2},
 url = {http://dl.acm.org/citation.cfm?id=1920331.1920484},
 acmid = {1920484},
 publisher = {American Society for Information Science},
 address = {Silver Springs, MD, USA},
 keywords = {academic libraries, library 2.0, social construction of technology, technological frames},
}

@inproceedings{Monfort:2013:CBA:2536536.2536566,
 author = {Monfort, Val{\'e}rie and Khemaja, Maha},
 title = {A Context Based Approach to Adapt Training Strategy for Handicraft Women from Third World Countries},
 booktitle = {Proceedings of the First International Conference on Technological Ecosystem for Enhancing Multiculturality},
 series = {TEEM '13},
 year = {2013},
 isbn = {978-1-4503-2345-1},
 location = {Salamanca, Spain},
 pages = {197--204},
 numpages = {8},
 url = {http://doi.acm.org/10.1145/2536536.2536566},
 doi = {10.1145/2536536.2536566},
 acmid = {2536566},
 publisher = {ACM},
 address = {New York, NY, USA},
 keywords = {context, new technologies, ontology, profile, social and cultural education, social web semantic},
}

@inproceedings{Tedre:2013:EAE:2526968.2526979,
 author = {Tedre, Matti and Pajunen, John},
 title = {An Easy Approach to Epistemology and Ontology in Computing Theses},
 booktitle = {Proceedings of the 13th Koli Calling International Conference on Computing Education Research},
 series = {Koli Calling '13},
 year = {2013},
 isbn = {978-1-4503-2482-3},
 location = {Koli, Finland},
 pages = {97--104},
 numpages = {8},
 url = {http://doi.acm.org/10.1145/2526968.2526979},
 doi = {10.1145/2526968.2526979},
 acmid = {2526979},
 publisher = {ACM},
 address = {New York, NY, USA},
 keywords = {computer science education, computing education, epistemology, ontology, philosophy, research paradigms, thesis work},
}

@inproceedings{Srinivasan:2007:CAT:1248820.1248896,
 author = {Srinivasan, Jayakanth and Lundqvist, Kristina},
 title = {A Constructivist Approach to Teaching Software Processes},
 booktitle = {Proceedings of the 29th International Conference on Software Engineering},
 series = {ICSE '07},
 year = {2007},
 isbn = {0-7695-2828-7},
 pages = {664--672},
 numpages = {9},
 url = {https://doi.org/10.1109/ICSE.2007.6},
 doi = {10.1109/ICSE.2007.6},
 acmid = {1248896},
 publisher = {IEEE Computer Society},
 address = {Washington, DC, USA},
}

@inproceedings{Kibuku:2018:FET:3283458.3283492,
 author = {Kibuku, Rachael Njeri and Ochieng, Daniel Orwa},
 title = {Formulating an e-Learning Theory: A Grounded Theory Approach},
 booktitle = {Proceedings of the Second African Conference for Human Computer Interaction: Thriving Communities},
 series = {AfriCHI '18},
 year = {2018},
 isbn = {978-1-4503-6558-1},
 location = {Windhoek, Namibia},
 pages = {37:1--37:5},
 articleno = {37},
 numpages = {5},
 url = {http://doi.acm.org/10.1145/3283458.3283492},
 doi = {10.1145/3283458.3283492},
 acmid = {3283492},
 publisher = {ACM},
 address = {New York, NY, USA},
 keywords = {connectivism, e-learning, learning, pedagogy, theory},
}

@inproceedings{Ouadoud:2018:GMC:3286606.3286816,
 author = {Ouadoud, Mohammed and Chkouri, Mohamed Yassin},
 title = {Generate a Meta-Model Content for Disciplinary Information Space of Learning Management System Compatible with IMS-LD},
 booktitle = {Proceedings of the 3rd International Conference on Smart City Applications},
 series = {SCA '18},
 year = {2018},
 isbn = {978-1-4503-6562-8},
 location = {Tetouan, Morocco},
 pages = {39:1--39:8},
 articleno = {39},
 numpages = {8},
 url = {http://doi.acm.org/10.1145/3286606.3286816},
 doi = {10.1145/3286606.3286816},
 acmid = {3286816},
 publisher = {ACM},
 address = {New York, NY, USA},
 keywords = {LMS, disciplinary information space},
}

@inproceedings{Xu:2015:IIN:2723576.2723663,
 author = {Xu, Zhenhua and Makos, Alexandra},
 title = {Investigating the Impact of a Notification System on Student Behaviors in a Discourse-intensive Hybrid Course: A Case Study},
 booktitle = {Proceedings of the Fifth International Conference on Learning Analytics And Knowledge},
 series = {LAK '15},
 year = {2015},
 isbn = {978-1-4503-3417-4},
 location = {Poughkeepsie, New York},
 pages = {402--403},
 numpages = {2},
 url = {http://doi.acm.org/10.1145/2723576.2723663},
 doi = {10.1145/2723576.2723663},
 acmid = {2723663},
 publisher = {ACM},
 address = {New York, NY, USA},
 keywords = {notification system, self-expectancy, student online behavior},
}

@inproceedings{Wilson:2018:IDL:3290511.3290522,
 author = {Wilson, Marie Florence and Salis, Carole and Murgia, Fabrizio},
 title = {The Innovative Didactic Labs of the Iscol@ Project},
 booktitle = {Proceedings of the 10th International Conference on Education Technology and Computers},
 series = {ICETC '18},
 year = {2018},
 isbn = {978-1-4503-6517-8},
 location = {Tokyo, Japan},
 pages = {129--135},
 numpages = {7},
 url = {http://doi.acm.org/10.1145/3290511.3290522},
 doi = {10.1145/3290511.3290522},
 acmid = {3290522},
 publisher = {ACM},
 address = {New York, NY, USA},
 keywords = {collaborative learning, cooperation with industry in teaching, extracurricular activities, mobile learning, school dropout prevention, technology enhanced learning},
}

@inproceedings{Pullen:2018:TNP:3197091.3197137,
 author = {Pullen, J. Mark},
 title = {Teaching Network Protocol Concepts in an Open-source Simulation Environment},
 booktitle = {Proceedings of the 23rd Annual ACM Conference on Innovation and Technology in Computer Science Education},
 series = {ITiCSE 2018},
 year = {2018},
 isbn = {978-1-4503-5707-4},
 location = {Larnaca, Cyprus},
 pages = {165--169},
 numpages = {5},
 url = {http://doi.acm.org/10.1145/3197091.3197137},
 doi = {10.1145/3197091.3197137},
 acmid = {3197137},
 publisher = {ACM},
 address = {New York, NY, USA},
 keywords = {Network protocols, simulation, teaching computer networking},
}

@inproceedings{Schaffner:1996:ETA:1161135.1161247,
 author = {Schaffner, Andrew and Madigan, David},
 title = {Educational Tools for the Advancement of Undergraduate Statistics Education},
 booktitle = {Proceedings of the 1996 International Conference on Learning Sciences},
 series = {ICLS '96},
 year = {1996},
 isbn = {1-880094-23-1},
 location = {Evanston, Illinois},
 pages = {587--588},
 numpages = {2},
 url = {http://dl.acm.org/citation.cfm?id=1161135.1161247},
 acmid = {1161247},
 publisher = {International Society of the Learning Sciences},
}

@article{Vat:2001:THS:507758.377445,
 author = {Vat, Kam Hou},
 title = {Teaching HCI with Scenario-based Design: The Constructivist's Synthesis},
 journal = {SIGCSE Bull.},
 issue_date = {Sept. 2001},
 volume = {33},
 number = {3},
 month = jun,
 year = {2001},
 issn = {0097-8418},
 pages = {9--12},
 numpages = {4},
 url = {http://doi.acm.org/10.1145/507758.377445},
 doi = {10.1145/507758.377445},
 acmid = {377445},
 publisher = {ACM},
 address = {New York, NY, USA},
}

@inproceedings{Vat:2001:THS:377435.377445,
 author = {Vat, Kam Hou},
 title = {Teaching HCI with Scenario-based Design: The Constructivist's Synthesis},
 booktitle = {Proceedings of the 6th Annual Conference on Innovation and Technology in Computer Science Education},
 series = {ITiCSE '01},
 year = {2001},
 isbn = {1-58113-330-8},
 location = {Canterbury, United Kingdom},
 pages = {9--12},
 numpages = {4},
 url = {http://doi.acm.org/10.1145/377435.377445},
 doi = {10.1145/377435.377445},
 acmid = {377445},
 publisher = {ACM},
 address = {New York, NY, USA},
}

@inproceedings{Ouadoud:2018:DIM:3286606.3286817,
 author = {Ouadoud, Mohammed and Chafiq, Tarik and Chkouri, Mohamed Yassin},
 title = {Designing an IMS-LD Model for Disciplinary Information Space of Learning Management System},
 booktitle = {Proceedings of the 3rd International Conference on Smart City Applications},
 series = {SCA '18},
 year = {2018},
 isbn = {978-1-4503-6562-8},
 location = {Tetouan, Morocco},
 pages = {40:1--40:9},
 articleno = {40},
 numpages = {9},
 url = {http://doi.acm.org/10.1145/3286606.3286817},
 doi = {10.1145/3286606.3286817},
 acmid = {3286817},
 publisher = {ACM},
 address = {New York, NY, USA},
 keywords = {LMS, disciplinary information space},
}

@inproceedings{Mihajlov:2016:EDI:2996267.2996277,
 author = {Mihajlov, Martin and Law, Effie Lai-Chong and Springett, Mark},
 title = {The Effect of Dyadic Interactions on Learning Rotate Gesture for Technology-Na\"{I}Ve Older Adults},
 booktitle = {Proceedings of the International Symposium on Interactive Technology and Ageing Populations},
 series = {ITAP '16},
 year = {2016},
 isbn = {978-1-4503-4746-4},
 location = {Kochi, Japan},
 pages = {99--108},
 numpages = {10},
 url = {http://doi.acm.org/10.1145/2996267.2996277},
 doi = {10.1145/2996267.2996277},
 acmid = {2996277},
 publisher = {ACM},
 address = {New York, NY, USA},
 keywords = {Game, Older adult, Rotate, Social interaction, Touch},
}

@article{Dousson:1999:EHC:347127.347130,
 author = {Dousson, Xavier},
 title = {Effective Homology of a Classifying Space},
 journal = {SIGSAM Bull.},
 issue_date = {Sept.1999},
 volume = {33},
 number = {3},
 month = sep,
 year = {1999},
 issn = {0163-5824},
 pages = {2--9},
 numpages = {8},
 url = {http://doi.acm.org/10.1145/347127.347130},
 doi = {10.1145/347127.347130},
 acmid = {347130},
 publisher = {ACM},
 address = {New York, NY, USA},
}

@inproceedings{Magalong:2019:EFC:3306500.3306540,
 author = {Magalong, Salvador John M. and Palomar, Brando C.},
 title = {Effects of Flipped Classroom Approach Using Gooru Learning Management System on Students' Physics Achievement},
 booktitle = {Proceedings of the 10th International Conference on E-Education, E-Business, E-Management and E-Learning},
 series = {IC4E '19},
 year = {2019},
 isbn = {978-1-4503-6602-1},
 location = {Tokyo, Japan},
 pages = {75--78},
 numpages = {4},
 url = {http://doi.acm.org/10.1145/3306500.3306540},
 doi = {10.1145/3306500.3306540},
 acmid = {3306540},
 publisher = {ACM},
 address = {New York, NY, USA},
 keywords = {flipped classroom, learning management system, physics achievement, teaching of physics},
}

@article{Mareschal:1992:BRM:130700.1063243,
 note = {Reviewer-Mareschal, Denis},
 title = {Book Review: Made-Up Minds: A Constructivist Approach to Artificial Intelligence By Gary Drescher (MIT Press, 1991)},
 journal = {SIGART Bull.},
 issue_date = {April 1992},
 volume = {3},
 number = {2},
 month = apr,
 year = {1992},
 issn = {0163-5719},
 pages = {29--30},
 numpages = {2},
 url = {http://doi.acm.org/10.1145/130700.1063243},
 doi = {10.1145/130700.1063243},
 acmid = {1063243},
 publisher = {ACM},
 address = {New York, NY, USA},
}

@inproceedings{vanderMeij:1992:CAM:147001.147003,
 author = {van der Meij, Hans},
 title = {A Critical Assessment of the Minimalist Approach to Documentation},
 booktitle = {Proceedings of the 10th Annual International Conference on Systems Documentation},
 series = {SIGDOC '92},
 year = {1992},
 isbn = {0-89791-532-1},
 location = {Ottawa, Ontario, Canada},
 pages = {7--17},
 numpages = {11},
 url = {http://doi.acm.org/10.1145/147001.147003},
 doi = {10.1145/147001.147003},
 acmid = {147003},
 publisher = {ACM},
 address = {New York, NY, USA},
}

@inproceedings{Kutay:2006:UCP:1151869.1151886,
 author = {Kutay, Cat and Lister, Raymond},
 title = {Up Close and Pedagogical: Computing Academics Talk About Teaching},
 booktitle = {Proceedings of the 8th Australasian Conference on Computing Education - Volume 52},
 series = {ACE '06},
 year = {2006},
 isbn = {1-920682-34-1},
 location = {Hobart, Australia},
 pages = {125--134},
 numpages = {10},
 url = {http://dl.acm.org/citation.cfm?id=1151869.1151886},
 acmid = {1151886},
 publisher = {Australian Computer Society, Inc.},
 address = {Darlinghurst, Australia, Australia},
 keywords = {communities of practise, phenomenography, social constructivist learning},
}

@inproceedings{Vagianou:2006:PWS:1315803.1315816,
 author = {Vagianou, Evgenia},
 title = {Program Working Storage: A Beginner's Model},
 booktitle = {Proceedings of the 6th Baltic Sea Conference on Computing Education Research: Koli Calling 2006},
 series = {Baltic Sea '06},
 year = {2006},
 location = {Uppsala, Sweden},
 pages = {69--76},
 numpages = {8},
 url = {http://doi.acm.org/10.1145/1315803.1315816},
 doi = {10.1145/1315803.1315816},
 acmid = {1315816},
 publisher = {ACM},
 address = {New York, NY, USA},
 keywords = {constructivist instruction, introductory programming, preconceptions, teaching programming, threshold concepts},
}

@inproceedings{Singh:2019:USA:3304221.3319767,
 author = {Singh, Shaveen and Meyer, Bernd},
 title = {Using Social Annotations to Augment the Learning Space and Learner Experience},
 booktitle = {Proceedings of the 2019 ACM Conference on Innovation and Technology in Computer Science Education},
 series = {ITiCSE '19},
 year = {2019},
 isbn = {978-1-4503-6301-3},
 location = {Aberdeen, Scotland Uk},
 pages = {527--533},
 numpages = {7},
 url = {http://doi.acm.org/10.1145/3304221.3319767},
 doi = {10.1145/3304221.3319767},
 acmid = {3319767},
 publisher = {ACM},
 address = {New York, NY, USA},
 keywords = {annotations, digital education, engagement, situated cognition},
}

@inproceedings{Yang:2019:CSP:3338147.3338164,
 author = {Yang, Yang and Zuo, Mingzhang and Wang, Wenqian},
 title = {A Case Study of Pupils' Scaffolding Learning Experience Supported by Information Technology},
 booktitle = {Proceedings of the 2019 4th International Conference on Distance Education and Learning},
 series = {ICDEL 2019},
 year = {2019},
 isbn = {978-1-4503-6265-8},
 location = {Shanghai, China},
 pages = {112--117},
 numpages = {6},
 url = {http://doi.acm.org/10.1145/3338147.3338164},
 doi = {10.1145/3338147.3338164},
 acmid = {3338164},
 publisher = {ACM},
 address = {New York, NY, USA},
 keywords = {Scaffolding, case study, information technology, scaffolding functions, scaffolding learning experience},
}

@inproceedings{Rafaeli:2006:WUT:1149453.1149461,
 author = {Rafaeli, Sheizaf},
 title = {Wiki Uses in Teaching and Learning},
 booktitle = {Proceedings of the 2006 International Symposium on Wikis},
 series = {WikiSym '06},
 year = {2006},
 isbn = {1-59593-413-8},
 location = {Odense, Denmark},
 pages = {15--16},
 numpages = {2},
 url = {http://doi.acm.org/10.1145/1149453.1149461},
 doi = {10.1145/1149453.1149461},
 acmid = {1149461},
 publisher = {ACM},
 address = {New York, NY, USA},
}

@inproceedings{Panchoo:2018:LAR:3234698.3234721,
 author = {Panchoo, Shireen},
 title = {Learning Analytics: Requirements for Enhanced Learner-Content Interactions in an Online Environment},
 booktitle = {Proceedings of the Fourth International Conference on Engineering \& MIS 2018},
 series = {ICEMIS '18},
 year = {2018},
 isbn = {978-1-4503-6392-1},
 location = {Istanbul, Turkey},
 pages = {23:1--23:6},
 articleno = {23},
 numpages = {6},
 url = {http://doi.acm.org/10.1145/3234698.3234721},
 doi = {10.1145/3234698.3234721},
 acmid = {3234721},
 publisher = {ACM},
 address = {New York, NY, USA},
 keywords = {activity theory, chat, content analysis, content-learning interactions, learning analytics, online tutoring},
}

@article{Almstrum:2002:IET:637610.544471,
 author = {Almstrum, Vicki L. and Ginat, David and Hazzan, Orit and Morley, Tom},
 title = {Import and Export to/from Computing Science Education: The Case of Mathematics Education Research},
 journal = {SIGCSE Bull.},
 issue_date = {September 2002},
 volume = {34},
 number = {3},
 month = jun,
 year = {2002},
 issn = {0097-8418},
 pages = {193--194},
 numpages = {2},
 url = {http://doi.acm.org/10.1145/637610.544471},
 doi = {10.1145/637610.544471},
 acmid = {544471},
 publisher = {ACM},
 address = {New York, NY, USA},
}

@inproceedings{Almstrum:2002:IET:544414.544471,
 author = {Almstrum, Vicki L. and Ginat, David and Hazzan, Orit and Morley, Tom},
 title = {Import and Export to/from Computing Science Education: The Case of Mathematics Education Research},
 booktitle = {Proceedings of the 7th Annual Conference on Innovation and Technology in Computer Science Education},
 series = {ITiCSE '02},
 year = {2002},
 isbn = {1-58113-499-1},
 location = {Aarhus, Denmark},
 pages = {193--194},
 numpages = {2},
 url = {http://doi.acm.org/10.1145/544414.544471},
 doi = {10.1145/544414.544471},
 acmid = {544471},
 publisher = {ACM},
 address = {New York, NY, USA},
}

@inproceedings{Tutty:2006:TCI:1151869.1151899,
 author = {Tutty, Jodi and White, Barbara},
 title = {Tablet Classroom Interactions},
 booktitle = {Proceedings of the 8th Australasian Conference on Computing Education - Volume 52},
 series = {ACE '06},
 year = {2006},
 isbn = {1-920682-34-1},
 location = {Hobart, Australia},
 pages = {229--233},
 numpages = {5},
 url = {http://dl.acm.org/citation.cfm?id=1151869.1151899},
 acmid = {1151899},
 publisher = {Australian Computer Society, Inc.},
 address = {Darlinghurst, Australia, Australia},
 keywords = {communities of practice, mobile learning, novice programming},
}

