@inproceedings{Bares:2019:AGB:3287324.3287435,
 author = {Bares, William H. and Manaris, Bill and McCauley, Ren{\'e}e and Moore, Christine},
 title = {Achieving Gender Balance Through Creative Expression},
 booktitle = {Proceedings of the 50th ACM Technical Symposium on Computer Science Education},
 series = {SIGCSE '19},
 year = {2019},
 isbn = {978-1-4503-5890-3},
 location = {Minneapolis, MN, USA},
 pages = {293--299},
 numpages = {7},
 url = {http://doi.acm.org/10.1145/3287324.3287435},
 doi = {10.1145/3287324.3287435},
 acmid = {3287435},
 publisher = {ACM},
 address = {New York, NY, USA},
 keywords = {art, broadening participation, contextualized computing, creativity, curriculum},
}

@inproceedings{Dommel:2005:CAC:1095242.1095248,
 author = {Dommel, H. P.},
 title = {The Challenges of Ambient Collaboration},
 booktitle = {Proceedings of the 2005 Conference on Diversity in Computing},
 series = {TAPIA '05},
 year = {2005},
 isbn = {1-59593-257-7},
 location = {Albuquerque, New Mexico, USA},
 pages = {10--13},
 numpages = {4},
 url = {http://doi.acm.org/10.1145/1095242.1095248},
 doi = {10.1145/1095242.1095248},
 acmid = {1095248},
 publisher = {ACM},
 address = {New York, NY, USA},
 keywords = {ambient media, contextual computing, tetherless group workspaces, ubiquitous collaboration},
}

@inproceedings{Dickmann:2010:SIE:1894345.1894362,
 author = {Dickmann, Lutz and Lensing, Tobias and Porzel, Robert and Malaka, Rainer and Lischka, Christoph},
 title = {Sketch-based Interfaces: Exploiting Spatio-temporal Context for Automatic Stroke Grouping},
 booktitle = {Proceedings of the 10th International Conference on Smart Graphics},
 series = {SG'10},
 year = {2010},
 isbn = {3-642-13543-9, 978-3-642-13543-9},
 location = {Banff, Canada},
 pages = {139--151},
 numpages = {13},
 url = {http://dl.acm.org/citation.cfm?id=1894345.1894362},
 acmid = {1894362},
 publisher = {Springer-Verlag},
 address = {Berlin, Heidelberg},
 keywords = {contextual computing, reservoir computing, sketch-based interfaces, stroke grouping},
}

@inproceedings{Chen:2018:TAL:3173574.3174111,
 author = {Chen, Tsai-Wei and Sundar, S. Shyam},
 title = {This App Would Like to Use Your Current Location to Better Serve You: Importance of User Assent and System Transparency in Personalized Mobile Services},
 booktitle = {Proceedings of the 2018 CHI Conference on Human Factors in Computing Systems},
 series = {CHI '18},
 year = {2018},
 isbn = {978-1-4503-5620-6},
 location = {Montreal QC, Canada},
 pages = {537:1--537:13},
 articleno = {537},
 numpages = {13},
 url = {http://doi.acm.org/10.1145/3173574.3174111},
 doi = {10.1145/3173574.3174111},
 acmid = {3174111},
 publisher = {ACM},
 address = {New York, NY, USA},
 keywords = {contextual computing, location-aware computing, privacy, usability study, user experience design},
}

@inproceedings{Porter:2013:RNO:2445196.2445248,
 author = {Porter, Leo and Simon, Beth},
 title = {Retaining Nearly One-third More Majors with a Trio of Instructional Best Practices in CS1},
 booktitle = {Proceeding of the 44th ACM Technical Symposium on Computer Science Education},
 series = {SIGCSE '13},
 year = {2013},
 isbn = {978-1-4503-1868-6},
 location = {Denver, Colorado, USA},
 pages = {165--170},
 numpages = {6},
 url = {http://doi.acm.org/10.1145/2445196.2445248},
 doi = {10.1145/2445196.2445248},
 acmid = {2445248},
 publisher = {ACM},
 address = {New York, NY, USA},
 keywords = {active learning, contextualized computing, pair programming, peer instruction, student-centric learning},
}

@inproceedings{Chen:2019:MSI:3290605.3300805,
 author = {Chen, Fanglin and Xia, Kewei and Dhabalia, Karan and Hong, Jason I.},
 title = {MessageOnTap: A Suggestive Interface to Facilitate Messaging-related Tasks},
 booktitle = {Proceedings of the 2019 CHI Conference on Human Factors in Computing Systems},
 series = {CHI '19},
 year = {2019},
 isbn = {978-1-4503-5970-2},
 location = {Glasgow, Scotland Uk},
 pages = {575:1--575:14},
 articleno = {575},
 numpages = {14},
 url = {http://doi.acm.org/10.1145/3290605.3300805},
 doi = {10.1145/3290605.3300805},
 acmid = {3300805},
 publisher = {ACM},
 address = {New York, NY, USA},
 keywords = {contextual computing, messaging/communication, information seeking \& search, personal data/tracking, productivity, text/speech/language, user experience design},
}

@inproceedings{LaMarche:2013:UIC:2493394.2493423,
 author = {La Marche, Jeffrey Steven},
 title = {User Interface Computation As a Contextualized Approach for Introductory Computing Instruction},
 booktitle = {Proceedings of the Ninth Annual International ACM Conference on International Computing Education Research},
 series = {ICER '13},
 year = {2013},
 isbn = {978-1-4503-2243-0},
 location = {San Diego, San California, USA},
 pages = {179--180},
 numpages = {2},
 url = {http://doi.acm.org/10.1145/2493394.2493423},
 doi = {10.1145/2493394.2493423},
 acmid = {2493423},
 publisher = {ACM},
 address = {New York, NY, USA},
 keywords = {active learning, contextualized computing, cs1, pair programming, peer instruction, programming, user interface computation},
}

@article{Guzdial:2010:CCE:1869746.1869747,
 author = {Guzdial, Mark},
 title = {Does Contextualized Computing Education Help?},
 journal = {ACM Inroads},
 issue_date = {December 2010},
 volume = {1},
 number = {4},
 month = dec,
 year = {2010},
 issn = {2153-2184},
 pages = {4--6},
 numpages = {3},
 url = {http://doi.acm.org/10.1145/1869746.1869747},
 doi = {10.1145/1869746.1869747},
 acmid = {1869747},
 publisher = {ACM},
 address = {New York, NY, USA},
 keywords = {assessment, context, psychology},
}

@inproceedings{Guzdial:2009:CCE:1862712.1862714,
 author = {Guzdial, Mark},
 title = {Contextualized Computing Education of Programming},
 booktitle = {Proceedings of the Eleventh Australasian Conference on Computing Education - Volume 95},
 series = {ACE '09},
 year = {2009},
 isbn = {978-1-920682-76-7},
 location = {Wellington, New Zealand},
 pages = {3--3},
 numpages = {1},
 url = {http://dl.acm.org/citation.cfm?id=1862712.1862714},
 acmid = {1862714},
 publisher = {Australian Computer Society, Inc.},
 address = {Darlinghurst, Australia, Australia},
}

@inproceedings{Maleki:2010:PMC:1878537.1878723,
 author = {Maleki, Maryam M. and Woodbury, Robert F.},
 title = {Programming in the Model: Contextualizing Computer Programming in CAD Models},
 booktitle = {Proceedings of the 2010 Spring Simulation Multiconference},
 series = {SpringSim '10},
 year = {2010},
 isbn = {978-1-4503-0069-8},
 location = {Orlando, Florida},
 pages = {178:1--178:7},
 articleno = {178},
 numpages = {7},
 url = {https://doi.org/10.1145/1878537.1878723},
 doi = {10.1145/1878537.1878723},
 acmid = {1878723},
 publisher = {Society for Computer Simulation International},
 address = {San Diego, CA, USA},
 keywords = {direct manipulation, end-user programming, scripting, visual programming},
}

@article{Pitkow:2002:PS:567498.567526,
 author = {Pitkow, James and Sch\"{u}tze, Hinrich and Cass, Todd and Cooley, Rob and Turnbull, Don and Edmonds, Andy and Adar, Eytan and Breuel, Thomas},
 title = {Personalized Search},
 journal = {Commun. ACM},
 issue_date = {September 2002},
 volume = {45},
 number = {9},
 month = sep,
 year = {2002},
 issn = {0001-0782},
 pages = {50--55},
 numpages = {6},
 url = {http://doi.acm.org/10.1145/567498.567526},
 doi = {10.1145/567498.567526},
 acmid = {567526},
 publisher = {ACM},
 address = {New York, NY, USA},
}

@inproceedings{Starner:2000:MTC:325737.325864,
 author = {Starner, Thad and Leibe, Bastian and Singletary, Brad and Pair, Jarrell},
 title = {MIND-WARPING: Towards Creating a Compelling Collaborative Augmented Reality Game},
 booktitle = {Proceedings of the 5th International Conference on Intelligent User Interfaces},
 series = {IUI '00},
 year = {2000},
 isbn = {1-58113-134-8},
 location = {New Orleans, Louisiana, USA},
 pages = {256--259},
 numpages = {4},
 url = {http://doi.acm.org/10.1145/325737.325864},
 doi = {10.1145/325737.325864},
 acmid = {325864},
 publisher = {ACM},
 address = {New York, NY, USA},
 keywords = {augmented reality, computer vision, wearable computing},
}

@article{Gobetamann:2002:LMA:592600.592606,
 author = {Go{\$\beta\$}mann, Joachim and Specht, Marcus},
 title = {Location Models for Augmented Environments},
 journal = {Personal Ubiquitous Comput.},
 issue_date = {December 2002},
 volume = {6},
 number = {5-6},
 month = jan,
 year = {2002},
 issn = {1617-4909},
 pages = {334--340},
 numpages = {7},
 url = {http://dx.doi.org/10.1007/s007790200038},
 doi = {10.1007/s007790200038},
 acmid = {592606},
 publisher = {Springer-Verlag},
 address = {London, UK, UK},
 keywords = {3D sound, Audio-augmented environments, Augmented reality, Context-aware information, Location models},
}

@inproceedings{Xu:2016:CCH:2839509.2844611,
 author = {Xu, Dianna and Cadle, Aaron and Thompson, Darby and Wolz, Ursula and Greenberg, Ira and Kumar, Deepak},
 title = {Creative Computation in High School},
 booktitle = {Proceedings of the 47th ACM Technical Symposium on Computing Science Education},
 series = {SIGCSE '16},
 year = {2016},
 isbn = {978-1-4503-3685-7},
 location = {Memphis, Tennessee, USA},
 pages = {273--278},
 numpages = {6},
 url = {http://doi.acm.org/10.1145/2839509.2844611},
 doi = {10.1145/2839509.2844611},
 acmid = {2844611},
 publisher = {ACM},
 address = {New York, NY, USA},
 keywords = {creative computation, cs0, cs1, education, k-12, pedagogy, processing.},
}

@inproceedings{Card:2005:AUI:1040830.1040831,
 author = {Card, Stuart},
 title = {Attention-reactive User Interface for Sensemaking},
 booktitle = {Proceedings of the 10th International Conference on Intelligent User Interfaces},
 series = {IUI '05},
 year = {2005},
 isbn = {1-58113-894-6},
 location = {San Diego, California, USA},
 pages = {2--2},
 numpages = {1},
 url = {http://doi.acm.org/10.1145/1040830.1040831},
 doi = {10.1145/1040830.1040831},
 acmid = {1040831},
 publisher = {ACM},
 address = {New York, NY, USA},
}

@inproceedings{Uludag:2011:IIS:2047594.2047645,
 author = {Uludag, Suleyman and Karakus, Murat and Turner, Stephen W.},
 title = {Implementing IT0/CS0 with Scratch, App Inventor Forandroid, and Lego Mindstorms},
 booktitle = {Proceedings of the 2011 Conference on Information Technology Education},
 series = {SIGITE '11},
 year = {2011},
 isbn = {978-1-4503-1017-8},
 location = {West Point, New York, USA},
 pages = {183--190},
 numpages = {8},
 url = {http://doi.acm.org/10.1145/2047594.2047645},
 doi = {10.1145/2047594.2047645},
 acmid = {2047645},
 publisher = {ACM},
 address = {New York, NY, USA},
 keywords = {CS education, CS0, IT education, IT0, computer science for non-majors, information literacy, introductory programming, novice programming environments},
}

@inproceedings{Ricci:2010:CR:1869652.1869664,
 author = {Ricci, Francesco},
 title = {The Context of a Recommendation},
 booktitle = {Proceedings of the Workshop on Context-Aware Movie Recommendation},
 series = {CAMRa '10},
 year = {2010},
 isbn = {978-1-4503-0258-6},
 location = {Barcelona, Spain},
 pages = {1--1},
 numpages = {1},
 url = {http://doi.acm.org/10.1145/1869652.1869664},
 doi = {10.1145/1869652.1869664},
 acmid = {1869664},
 publisher = {ACM},
 address = {New York, NY, USA},
}

@article{Guzdial:2010:MEN:1858449.1858450,
 author = {Guzdial, Mark},
 title = {Meeting Everyone's Need for Computing},
 journal = {J. Comput. Sci. Coll.},
 issue_date = {October 2010},
 volume = {26},
 number = {1},
 month = oct,
 year = {2010},
 issn = {1937-4771},
 pages = {5--5},
 numpages = {1},
 url = {http://dl.acm.org/citation.cfm?id=1858449.1858450},
 acmid = {1858450},
 publisher = {Consortium for Computing Sciences in Colleges},
 address = {USA},
}

@article{Foner:2015:FPG:2887747.2804310,
 author = {Foner, Kenneth},
 title = {Functional Pearl: Getting a Quick Fix on Comonads},
 journal = {SIGPLAN Not.},
 issue_date = {December 2015},
 volume = {50},
 number = {12},
 month = aug,
 year = {2015},
 issn = {0362-1340},
 pages = {106--117},
 numpages = {12},
 url = {http://doi.acm.org/10.1145/2887747.2804310},
 doi = {10.1145/2887747.2804310},
 acmid = {2804310},
 publisher = {ACM},
 address = {New York, NY, USA},
 keywords = {Haskell, closed comonads, modal logic, spreadsheets},
}

@inproceedings{Foner:2015:FPG:2804302.2804310,
 author = {Foner, Kenneth},
 title = {Functional Pearl: Getting a Quick Fix on Comonads},
 booktitle = {Proceedings of the 2015 ACM SIGPLAN Symposium on Haskell},
 series = {Haskell '15},
 year = {2015},
 isbn = {978-1-4503-3808-0},
 location = {Vancouver, BC, Canada},
 pages = {106--117},
 numpages = {12},
 url = {http://doi.acm.org/10.1145/2804302.2804310},
 doi = {10.1145/2804302.2804310},
 acmid = {2804310},
 publisher = {ACM},
 address = {New York, NY, USA},
 keywords = {Haskell, closed comonads, modal logic, spreadsheets},
}

@inproceedings{Saad:2009:ATC:1631728.1631786,
 author = {Saad, Ashraf and Wang, Andy},
 title = {Adopting Threads for Computing Education: Lessons Learned to Date from an Nsf Cpath Project},
 booktitle = {Proceedings of the 10th ACM Conference on SIG-information Technology Education},
 series = {SIGITE '09},
 year = {2009},
 isbn = {978-1-60558-765-3},
 location = {Fairfax, Virginia, USA},
 pages = {203--204},
 numpages = {2},
 url = {http://doi.acm.org/10.1145/1631728.1631786},
 doi = {10.1145/1631728.1631786},
 acmid = {1631786},
 publisher = {ACM},
 address = {New York, NY, USA},
 keywords = {computing education, nsf cpath project},
}

@inproceedings{Wang:2008:STT:1414558.1414609,
 author = {Wang, Andy Ju An},
 title = {A Security Thread in a Thread-based Curriculum},
 booktitle = {Proceedings of the 9th ACM SIGITE Conference on Information Technology Education},
 series = {SIGITE '08},
 year = {2008},
 isbn = {978-1-60558-329-7},
 location = {Cincinnati, OH, USA},
 pages = {193--200},
 numpages = {8},
 url = {http://doi.acm.org/10.1145/1414558.1414609},
 doi = {10.1145/1414558.1414609},
 acmid = {1414609},
 publisher = {ACM},
 address = {New York, NY, USA},
 keywords = {information assurance education, information security, it curriculum, threads model},
}

@proceedings{Hawthorne:2019:3287324,
 title = {SIGCSE '19: Proceedings of the 50th ACM Technical Symposium on Computer Science Education},
 year = {2019},
 isbn = {978-1-4503-5890-3},
 location = {Minneapolis, MN, USA},
 publisher = {ACM},
 address = {New York, NY, USA},
}

