@inproceedings{Kawas:2009:HHI:1599301.1599316,
 author = {Kawas, Saba Hashem},
 title = {H-link 3D: Hyper-learning Interface and Navigational Toolkit in 3D Virtual Worlds Experimental Interface Design for Cobalt, a Croquet Metaverse},
 booktitle = {SIGGRAPH '09: Posters},
 series = {SIGGRAPH '09},
 year = {2009},
 location = {New Orleans, Louisiana},
 pages = {15:1--15:1},
 articleno = {15},
 numpages = {1},
 url = {http://doi.acm.org/10.1145/1599301.1599316},
 doi = {10.1145/1599301.1599316},
 acmid = {1599316},
 publisher = {ACM},
 address = {New York, NY, USA},
}

@inproceedings{Ngoon:2016:OCP:2818052.2874328,
 author = {Ngoon, Tricia J. and Chen, Rachel and Deutsch, Amit and Lip, Sean},
 title = {Oppia: A Community of Peer Learners to Make Conversational Learning Experiences},
 booktitle = {Proceedings of the 19th ACM Conference on Computer Supported Cooperative Work and Social Computing Companion},
 series = {CSCW '16 Companion},
 year = {2016},
 isbn = {978-1-4503-3950-6},
 location = {San Francisco, California, USA},
 pages = {73--76},
 numpages = {4},
 url = {http://doi.acm.org/10.1145/2818052.2874328},
 doi = {10.1145/2818052.2874328},
 acmid = {2874328},
 publisher = {ACM},
 address = {New York, NY, USA},
 keywords = {collective intelligence, online education, peer learning},
}

@inproceedings{Sharples:2016:EPS:2876034.2896321,
 author = {Sharples, Mike},
 title = {Effective Pedagogy at Scale: Social Learning and Citizen Inquiry},
 booktitle = {Proceedings of the Third (2016) ACM Conference on Learning @ Scale},
 series = {L@S '16},
 year = {2016},
 isbn = {978-1-4503-3726-7},
 location = {Edinburgh, Scotland, UK},
 pages = {339--340},
 numpages = {2},
 url = {http://doi.acm.org/10.1145/2876034.2896321},
 doi = {10.1145/2876034.2896321},
 acmid = {2896321},
 publisher = {ACM},
 address = {New York, NY, USA},
}

@inproceedings{Raffle:2007:JES:1282040.1282074,
 author = {Raffle, Hayes and Vaucelle, Cati and Wang, Ruibing and Ishii, Hiroshi},
 title = {Jabberstamp: Embedding Sound and Voice in Traditional Drawings},
 booktitle = {ACM SIGGRAPH 2007 Educators Program},
 series = {SIGGRAPH '07},
 year = {2007},
 isbn = {978-1-4503-1830-3},
 location = {San Diego, California},
 articleno = {32},
 url = {http://doi.acm.org/10.1145/1282040.1282074},
 doi = {10.1145/1282040.1282074},
 acmid = {1282074},
 publisher = {ACM},
 address = {New York, NY, USA},
}

@inproceedings{Cubric:2008:ALT:1822258.1822296,
 author = {Cubric, Marija},
 title = {Agile Learning \& Teaching with Wikis: Building a Pattern},
 booktitle = {Proceedings of the 4th International Symposium on Wikis},
 series = {WikiSym '08},
 year = {2008},
 isbn = {978-1-60558-128-6},
 location = {Porto, Portugal},
 pages = {28:1--28:2},
 articleno = {28},
 numpages = {2},
 url = {http://doi.acm.org/10.1145/1822258.1822296},
 doi = {10.1145/1822258.1822296},
 acmid = {1822296},
 publisher = {ACM},
 address = {New York, NY, USA},
 keywords = {agile development, blended learning, wikis},
}

@article{Li:2004:ICA:975817.975824,
 author = {Li, Xiaotong},
 title = {Informational Cascades in IT Adoption},
 journal = {Commun. ACM},
 issue_date = {April 2004},
 volume = {47},
 number = {4},
 month = apr,
 year = {2004},
 issn = {0001-0782},
 pages = {93--97},
 numpages = {5},
 url = {http://doi.acm.org/10.1145/975817.975824},
 doi = {10.1145/975817.975824},
 acmid = {975824},
 publisher = {ACM},
 address = {New York, NY, USA},
}

@inproceedings{Pedro:2013:ARV:2487788.2488149,
 author = {Pedro, Saulo D.S. and Appel, Ana Paula and Hruschka,Jr., Estevam R.},
 title = {Autonomously Reviewing and Validating the Knowledge Base of a Never-ending Learning System},
 booktitle = {Proceedings of the 22Nd International Conference on World Wide Web},
 series = {WWW '13 Companion},
 year = {2013},
 isbn = {978-1-4503-2038-2},
 location = {Rio de Janeiro, Brazil},
 pages = {1195--1204},
 numpages = {10},
 url = {http://doi.acm.org/10.1145/2487788.2488149},
 doi = {10.1145/2487788.2488149},
 acmid = {2488149},
 publisher = {ACM},
 address = {New York, NY, USA},
 keywords = {active learning, anomaly link detection, graph mining, never-ending-learning, question answering},
}

@article{Parente:2006:CCT:1127564.1127571,
 author = {Parente, Peter},
 title = {Clique: A Conversant, Task-based Audio Display for GUI Applications},
 journal = {SIGACCESS Access. Comput.},
 issue_date = {January 2006},
 number = {84},
 month = jan,
 year = {2006},
 issn = {1558-2337},
 pages = {34--37},
 numpages = {4},
 url = {http://doi.acm.org/10.1145/1127564.1127571},
 doi = {10.1145/1127564.1127571},
 acmid = {1127571},
 publisher = {ACM},
 address = {New York, NY, USA},
}

@inproceedings{Druin:2002:WWK:506443.506555,
 author = {Druin, Allison and Strommen, Erik and Barranca, Matt and Sacher, Heiko and Tatar, Deborah G. and Solloway, Elliot},
 title = {The World of Wireless and Kids},
 booktitle = {CHI '02 Extended Abstracts on Human Factors in Computing Systems},
 series = {CHI EA '02},
 year = {2002},
 isbn = {1-58113-454-1},
 location = {Minneapolis, Minnesota, USA},
 pages = {704--705},
 numpages = {2},
 url = {http://doi.acm.org/10.1145/506443.506555},
 doi = {10.1145/506443.506555},
 acmid = {506555},
 publisher = {ACM},
 address = {New York, NY, USA},
 keywords = {children, educational applications, wireless technologies},
}

@inproceedings{Vermeeren:2016:ICF:2851581.2856482,
 author = {Vermeeren, Arnold P.O.S. and Calvi, Licia and Sabiescu, Amalia and Trocchianesi, Raffaella and Stuedahl, Dagny and Giaccardi, Elisa},
 title = {Involving the Crowd in Future Museum Experience Design},
 booktitle = {Proceedings of the 2016 CHI Conference Extended Abstracts on Human Factors in Computing Systems},
 series = {CHI EA '16},
 year = {2016},
 isbn = {978-1-4503-4082-3},
 location = {San Jose, California, USA},
 pages = {3347--3354},
 numpages = {8},
 url = {http://doi.acm.org/10.1145/2851581.2856482},
 doi = {10.1145/2851581.2856482},
 acmid = {2856482},
 publisher = {ACM},
 address = {New York, NY, USA},
 keywords = {crowds, design, experience, museum systems, museums},
}

@inproceedings{Karampiperis:2005:DLS:1062745.1062893,
 author = {Karampiperis, Pythagoras and Sampson, Demetrios},
 title = {Designing Learning Services: From Content-based to Activity-based Learning Systems},
 booktitle = {Special Interest Tracks and Posters of the 14th International Conference on World Wide Web},
 series = {WWW '05},
 year = {2005},
 isbn = {1-59593-051-5},
 location = {Chiba, Japan},
 pages = {1110--1111},
 numpages = {2},
 url = {http://doi.acm.org/10.1145/1062745.1062893},
 doi = {10.1145/1062745.1062893},
 acmid = {1062893},
 publisher = {ACM},
 address = {New York, NY, USA},
 keywords = {architectures, authoring tools, learning activities, learning design, reusability},
}

@inproceedings{Crook:2005:IRC:1149293.1149306,
 author = {Crook, Charles},
 title = {ICT Can Recover Collaborative Tutorial Conversation and Position It Within Undergraduate Curricula},
 booktitle = {Proceedings of th 2005 Conference on Computer Support for Collaborative Learning: Learning 2005: The Next 10 Years!},
 series = {CSCL '05},
 year = {2005},
 isbn = {0-8058-5782-6},
 location = {Taipei, Taiwan},
 pages = {91--95},
 numpages = {5},
 url = {http://dl.acm.org/citation.cfm?id=1149293.1149306},
 acmid = {1149306},
 publisher = {International Society of the Learning Sciences},
 keywords = {interact ional practices, tutorial conversation, university},
}

@inproceedings{Hernandez:2011:FEL:2024288.2024332,
 author = {Hern\'{a}ndez, Rocael and Guetl, Christian and Amado-Salvatierra, Hector R.},
 title = {Facebook for e-Moderation: A Latin-American Experience},
 booktitle = {Proceedings of the 11th International Conference on Knowledge Management and Knowledge Technologies},
 series = {i-KNOW '11},
 year = {2011},
 isbn = {978-1-4503-0732-1},
 location = {Graz, Austria},
 pages = {37:1--37:4},
 articleno = {37},
 numpages = {4},
 url = {http://doi.acm.org/10.1145/2024288.2024332},
 doi = {10.1145/2024288.2024332},
 acmid = {2024332},
 publisher = {ACM},
 address = {New York, NY, USA},
 keywords = {CSCL, Facebook on education, constructivism, e-learning, e-moderation, scaffolding, social network sites, technology-enhanced learning},
}

@article{Neal:2006:PEE:1125912.1125914,
 author = {Neal, Lisa},
 title = {Predictions for 2006: E-Learning Experts Map the Road Ahead},
 journal = {eLearn},
 issue_date = {January 2006},
 volume = {2006},
 number = {1},
 month = jan,
 year = {2006},
 issn = {1535-394X},
 pages = {1--},
 url = {http://doi.acm.org/10.1145/1125912.1125914},
 doi = {10.1145/1125912.1125914},
 acmid = {1125914},
 publisher = {ACM},
 address = {New York, NY, USA},
}

@inproceedings{Sriram:2015:SCC:2743065.2743104,
 author = {Sriram, R. and Geetha, S. and Madhusudanan, J. and Iyappan, P. and Venkatesan, V. Prasanna and Ganesan, M.},
 title = {A Study on Context-aware Computing Framework in Pervasive Healthcare},
 booktitle = {Proceedings of the 2015 International Conference on Advanced Research in Computer Science Engineering \&\#38; Technology (ICARCSET 2015)},
 series = {ICARCSET '15},
 year = {2015},
 isbn = {978-1-4503-3441-9},
 location = {Unnao, India},
 pages = {39:1--39:5},
 articleno = {39},
 numpages = {5},
 url = {http://doi.acm.org/10.1145/2743065.2743104},
 doi = {10.1145/2743065.2743104},
 acmid = {2743104},
 publisher = {ACM},
 address = {New York, NY, USA},
 keywords = {Context awareness, Context-Aware Real-time Assistant (CARA) system, Context-aware computing, Emergency, Fuzzy logic, Self-learning, Self-learning context aware framework, Situation aware, Ubiquitous Context-aware Healthcare Service (UCHS)},
}

@inproceedings{Nimkoompai:2018:ISR:3301326.3301379,
 author = {Nimkoompai, Apichaya and Jaruvongrangsee, Chan and Sirikongtham, Puwadol},
 title = {Integration of Speech Recognition into Virtual Classroom to Enhance Learning Achievement},
 booktitle = {Proceedings of the 2018 VII International Conference on Network, Communication and Computing},
 series = {ICNCC 2018},
 year = {2018},
 isbn = {978-1-4503-6553-6},
 location = {Taipei City, Taiwan},
 pages = {49--52},
 numpages = {4},
 url = {http://doi.acm.org/10.1145/3301326.3301379},
 doi = {10.1145/3301326.3301379},
 acmid = {3301379},
 publisher = {ACM},
 address = {New York, NY, USA},
 keywords = {Virtual, Virtual Classroom, Virtual Reality, Voice Recognition},
}

@inproceedings{Tucker:2009:MLJ:1566445.1566469,
 author = {Tucker, Tia G. and Winchester,III, Woodrow W.},
 title = {Mobile Learning for Just-in-time Applications},
 booktitle = {Proceedings of the 47th Annual Southeast Regional Conference},
 series = {ACM-SE 47},
 year = {2009},
 isbn = {978-1-60558-421-8},
 location = {Clemson, South Carolina},
 pages = {17:1--17:5},
 articleno = {17},
 numpages = {5},
 url = {http://doi.acm.org/10.1145/1566445.1566469},
 doi = {10.1145/1566445.1566469},
 acmid = {1566469},
 publisher = {ACM},
 address = {New York, NY, USA},
 keywords = {education, just-in-time training, mobile-learning (m-learning), socio-technical system},
}

@inproceedings{PetersonBishop:2015:UID:2737856.2737903,
 author = {Peterson Bishop, Ann and Fisher, Karen E.},
 title = {Using ICT Design to Learn About Immigrant Teens from Myanmar},
 booktitle = {Proceedings of the Seventh International Conference on Information and Communication Technologies and Development},
 series = {ICTD '15},
 year = {2015},
 isbn = {978-1-4503-3163-0},
 location = {Singapore, Singapore},
 pages = {56:1--56:4},
 articleno = {56},
 numpages = {4},
 url = {http://doi.acm.org/10.1145/2737856.2737903},
 doi = {10.1145/2737856.2737903},
 acmid = {2737903},
 publisher = {ACM},
 address = {New York, NY, USA},
 keywords = {Myanmar, cultural probes, design thinking, immigrants, refugees, teens, youth},
}

@inproceedings{West:2014:KBC:2566486.2568032,
 author = {West, Robert and Gabrilovich, Evgeniy and Murphy, Kevin and Sun, Shaohua and Gupta, Rahul and Lin, Dekang},
 title = {Knowledge Base Completion via Search-based Question Answering},
 booktitle = {Proceedings of the 23rd International Conference on World Wide Web},
 series = {WWW '14},
 year = {2014},
 isbn = {978-1-4503-2744-2},
 location = {Seoul, Korea},
 pages = {515--526},
 numpages = {12},
 url = {http://doi.acm.org/10.1145/2566486.2568032},
 doi = {10.1145/2566486.2568032},
 acmid = {2568032},
 publisher = {ACM},
 address = {New York, NY, USA},
 keywords = {freebase, information extraction, slot filling},
}

@inproceedings{Kunzmann:2015:FMS:2809563.2809575,
 author = {Kunzmann, Christine and Schmidt, Andreas P. and Wolf, Carmen},
 title = {Facilitating Maturing of Socio-technical Patterns Through Social Learning Approaches},
 booktitle = {Proceedings of the 15th International Conference on Knowledge Technologies and Data-driven Business},
 series = {i-KNOW '15},
 year = {2015},
 isbn = {978-1-4503-3721-2},
 location = {Graz, Austria},
 pages = {24:1--24:7},
 articleno = {24},
 numpages = {7},
 url = {http://doi.acm.org/10.1145/2809563.2809575},
 doi = {10.1145/2809563.2809575},
 acmid = {2809575},
 publisher = {ACM},
 address = {New York, NY, USA},
 keywords = {design patterns, design process, knowledge maturing process, peer coaching, social learning, socio-technical patterns},
}

@inproceedings{Ting:1974:OIA:800182.810408,
 author = {Ting, T. C. and Jensen, A. P.},
 title = {An On-line Interactive Audiographic Learning System},
 booktitle = {Proceedings of the 1974 Annual Conference - Volume 1},
 series = {ACM '74},
 year = {1974},
 pages = {239--244},
 numpages = {6},
 url = {http://doi.acm.org/10.1145/800182.810408},
 doi = {10.1145/800182.810408},
 acmid = {810408},
 publisher = {ACM},
 address = {New York, NY, USA},
 keywords = {Audiographic learning, Data base, Instructional module, Learner-system interaction},
}

@inproceedings{Kou:2016:RPD:2967934.2968078,
 author = {Kou, Yubo and Gui, Xinning and Kow, Yong Ming},
 title = {Ranking Practices and Distinction in League of Legends},
 booktitle = {Proceedings of the 2016 Annual Symposium on Computer-Human Interaction in Play},
 series = {CHI PLAY '16},
 year = {2016},
 isbn = {978-1-4503-4456-2},
 location = {Austin, Texas, USA},
 pages = {4--9},
 numpages = {6},
 url = {http://doi.acm.org/10.1145/2967934.2968078},
 doi = {10.1145/2967934.2968078},
 acmid = {2968078},
 publisher = {ACM},
 address = {New York, NY, USA},
 keywords = {league of legends, moba, multiplayer online battle arena, player experience, ranking},
}

@inproceedings{Venter:2015:BVO:2815782.2815804,
 author = {Venter, Isabella M. and Blignaut, R{\'e}nette J. and Renaud, Karen V.},
 title = {Blinkered Views of Out-Group Mobile Phone Usage: Moving Towards Less Stereotyping of "Others"},
 booktitle = {Proceedings of the 2015 Annual Research Conference on South African Institute of Computer Scientists and Information Technologists},
 series = {SAICSIT '15},
 year = {2015},
 isbn = {978-1-4503-3683-3},
 location = {Stellenbosch, South Africa},
 pages = {37:1--37:9},
 articleno = {37},
 numpages = {9},
 url = {http://doi.acm.org/10.1145/2815782.2815804},
 doi = {10.1145/2815782.2815804},
 acmid = {2815804},
 publisher = {ACM},
 address = {New York, NY, USA},
 keywords = {Age-group, awareness, mobile phones, perception, pre-conceptions, stereotyping},
}

@inproceedings{Wee:2008:RMP:1599871.1599928,
 author = {Wee, Juan Dee and Looi, Chee-Kit},
 title = {Re-inventing Maths Problem Design: Using Guided Collaborative Critique (GCC) in Chat Environments},
 booktitle = {Proceedings of the 8th International Conference on International Conference for the Learning Sciences - Volume 2},
 series = {ICLS'08},
 year = {2008},
 location = {Utrecht, The Netherlands},
 pages = {459--466},
 numpages = {8},
 url = {http://dl.acm.org/citation.cfm?id=1599871.1599928},
 acmid = {1599928},
 publisher = {International Society of the Learning Sciences},
 keywords = {collaborative environment, computer-mediated communication, mathematical discourse, uptakes},
}

@inproceedings{Siewiorek:2010:LWI:1854360.1854427,
 author = {Siewiorek, Anna and Gegenfurtner, Andreas},
 title = {Leading to Win: The Influence of Leadership Styles on Team Performance During a Computer Game Training},
 booktitle = {Proceedings of the 9th International Conference of the Learning Sciences - Volume 1},
 series = {ICLS '10},
 year = {2010},
 location = {Chicago, Illinois},
 pages = {524--531},
 numpages = {8},
 url = {http://dl.acm.org/citation.cfm?id=1854360.1854427},
 acmid = {1854427},
 publisher = {International Society of the Learning Sciences},
}

@inproceedings{Zhang:2016:CME:2915926.2915952,
 author = {Zhang, Juzheng and Thalmann, Nadia Magnenat and Zheng, Jianmin},
 title = {Combining Memory and Emotion With Dialog on Social Companion: A Review},
 booktitle = {Proceedings of the 29th International Conference on Computer Animation and Social Agents},
 series = {CASA '16},
 year = {2016},
 isbn = {978-1-4503-4745-7},
 location = {Geneva, Switzerland},
 pages = {1--9},
 numpages = {9},
 url = {http://doi.acm.org/10.1145/2915926.2915952},
 doi = {10.1145/2915926.2915952},
 acmid = {2915952},
 publisher = {ACM},
 address = {New York, NY, USA},
 keywords = {Affective Computing, Episodic Memory, Natural Language Dialog, Social Companion},
}

@inproceedings{Wells:2004:CKS:979968.980013,
 author = {Wells, Marilyn A. and Brook, Phillip W.},
 title = {Conversational KM: Student Driven Learning},
 booktitle = {Proceedings of the Sixth Australasian Conference on Computing Education - Volume 30},
 series = {ACE '04},
 year = {2004},
 location = {Dunedin, New Zealand},
 pages = {335--341},
 numpages = {7},
 url = {http://dl.acm.org/citation.cfm?id=979968.980013},
 acmid = {980013},
 publisher = {Australian Computer Society, Inc.},
 address = {Darlinghurst, Australia, Australia},
 keywords = {Web-based learning, collaboration, cooperation, knowledge acquisition, knowledge management, knowledge sharing},
}

@inproceedings{Marx:1994:PPF:192426.192439,
 author = {Marx, Matt and Schmandt, Chris},
 title = {Putting People First: Specifying Proper Names in Speech Interfaces},
 booktitle = {Proceedings of the 7th Annual ACM Symposium on User Interface Software and Technology},
 series = {UIST '94},
 year = {1994},
 isbn = {0-89791-657-3},
 location = {Marina del Rey, California, USA},
 pages = {29--37},
 numpages = {9},
 url = {http://doi.acm.org/10.1145/192426.192439},
 doi = {10.1145/192426.192439},
 acmid = {192439},
 publisher = {ACM},
 address = {New York, NY, USA},
 keywords = {conversational systems, error-repair, speech recognition, user interface},
}

@inproceedings{Raffle:2007:JES:1297277.1297306,
 author = {Raffle, Hayes and Vaucelle, Cati and Wang, Ruibing and Ishii, Hiroshi},
 title = {Jabberstamp: Embedding Sound and Voice in Traditional Drawings},
 booktitle = {Proceedings of the 6th International Conference on Interaction Design and Children},
 series = {IDC '07},
 year = {2007},
 isbn = {978-1-59593-747-6},
 location = {Aalborg, Denmark},
 pages = {137--144},
 numpages = {8},
 url = {http://doi.acm.org/10.1145/1297277.1297306},
 doi = {10.1145/1297277.1297306},
 acmid = {1297306},
 publisher = {ACM},
 address = {New York, NY, USA},
 keywords = {children, drawing, learning, literacy, storytelling, tangible interface, toy},
}

@inproceedings{Grant:2007:MGM:1282040.1282053,
 author = {Grant, Lyndsay and Daanen, Hans and Benford, Steve and Hampshire, Alastair and Drozd, Adam and Greenhalgh, Chris},
 title = {MobiMissions: The Game of Missions for Mobile Phones},
 booktitle = {ACM SIGGRAPH 2007 Educators Program},
 series = {SIGGRAPH '07},
 year = {2007},
 isbn = {978-1-4503-1830-3},
 location = {San Diego, California},
 articleno = {12},
 url = {http://doi.acm.org/10.1145/1282040.1282053},
 doi = {10.1145/1282040.1282053},
 acmid = {1282053},
 publisher = {ACM},
 address = {New York, NY, USA},
 keywords = {games, learning, locative, mobile phones},
}

@inproceedings{Wolf:1998:ECM:274644.274710,
 author = {Wolf, Catherine G. and Zadrozny, Wlodek},
 title = {Evolution of the Conversation Machine: A Case Study of Bringing Advanced Technology to the Marketplace},
 booktitle = {Proceedings of the SIGCHI Conference on Human Factors in Computing Systems},
 series = {CHI '98},
 year = {1998},
 isbn = {0-201-30987-4},
 location = {Los Angeles, California, USA},
 pages = {488--495},
 numpages = {8},
 url = {http://dx.doi.org/10.1145/274644.274710},
 doi = {10.1145/274644.274710},
 acmid = {274710},
 publisher = {ACM Press/Addison-Wesley Publishing Co.},
 address = {New York, NY, USA},
 keywords = {business transformation, design rationale, natural language, requirements, speech recognition},
}

@inproceedings{Parente:2009:OBC:1520340.1520363,
 author = {Parente, Peter and Bishop, Gary},
 title = {Out from Behind the Curtain: Learning from a Human Auditory Display},
 booktitle = {CHI '09 Extended Abstracts on Human Factors in Computing Systems},
 series = {CHI EA '09},
 year = {2009},
 isbn = {978-1-60558-247-4},
 location = {Boston, MA, USA},
 pages = {2575--2584},
 numpages = {10},
 url = {http://doi.acm.org/10.1145/1520340.1520363},
 doi = {10.1145/1520340.1520363},
 acmid = {1520363},
 publisher = {ACM},
 address = {New York, NY, USA},
 keywords = {auditory display, formative evaluation, ideal interaction, qualitative evaluation, requirements gathering},
}

@inproceedings{Schlesinger:2018:LTR:3173574.3173889,
 author = {Schlesinger, Ari and O'Hara, Kenton P. and Taylor, Alex S.},
 title = {Let's Talk About Race: Identity, Chatbots, and AI},
 booktitle = {Proceedings of the 2018 CHI Conference on Human Factors in Computing Systems},
 series = {CHI '18},
 year = {2018},
 isbn = {978-1-4503-5620-6},
 location = {Montreal QC, Canada},
 pages = {315:1--315:14},
 articleno = {315},
 numpages = {14},
 url = {http://doi.acm.org/10.1145/3173574.3173889},
 doi = {10.1145/3173574.3173889},
 acmid = {3173889},
 publisher = {ACM},
 address = {New York, NY, USA},
 keywords = {artificial intelligence, chatbots, race},
}

@inproceedings{Liu:2019:BTM:3290605.3300602,
 author = {Liu, Guanhong and Ding, Xianghua and Yu, Chun and Gao, Lan and Chi, Xingyu and Shi, Yuanchun},
 title = {\&\#34;I Bought This for Me to Look More Ordinary\&\#34;: A Study of Blind People Doing Online Shopping},
 booktitle = {Proceedings of the 2019 CHI Conference on Human Factors in Computing Systems},
 series = {CHI '19},
 year = {2019},
 isbn = {978-1-4503-5970-2},
 location = {Glasgow, Scotland Uk},
 pages = {372:1--372:11},
 articleno = {372},
 numpages = {11},
 url = {http://doi.acm.org/10.1145/3290605.3300602},
 doi = {10.1145/3290605.3300602},
 acmid = {3300602},
 publisher = {ACM},
 address = {New York, NY, USA},
 keywords = {blindness, online shopping, ordinariness, visual impairment},
}

@inproceedings{Noor:2016:SMD:2857546.2857582,
 author = {Noor, Myzan Bt and Bakar, Farahwahida Bt Mohd@Abu and Hasbullah, Siti Salwa Bt},
 title = {The Social Media Dialogue Through Ubiquitous Interactivity to Children's Cognitive Development},
 booktitle = {Proceedings of the 10th International Conference on Ubiquitous Information Management and Communication},
 series = {IMCOM '16},
 year = {2016},
 isbn = {978-1-4503-4142-4},
 location = {Danang, Viet Nam},
 pages = {35:1--35:9},
 articleno = {35},
 numpages = {9},
 url = {http://doi.acm.org/10.1145/2857546.2857582},
 doi = {10.1145/2857546.2857582},
 acmid = {2857582},
 publisher = {ACM},
 address = {New York, NY, USA},
 keywords = {The social media, children's intellectual understandings, cognitive learning development, interactivity environment, social sentiments, technological devices, ubiquitous technology},
}

@inproceedings{LaLuz-Houchin:2011:ICP:2079216.2079251,
 author = {La Luz-Houchin, Susana B.},
 title = {Interest-based Converge Process: Facilitating Negotiation in Collaborative Design},
 booktitle = {Procedings of the Second Conference on Creativity and Innovation in Design},
 series = {DESIRE '11},
 year = {2011},
 isbn = {978-1-4503-0754-3},
 location = {Eindhoven, Netherlands},
 pages = {233--244},
 numpages = {12},
 url = {http://doi.acm.org/10.1145/2079216.2079251},
 doi = {10.1145/2079216.2079251},
 acmid = {2079251},
 publisher = {ACM},
 address = {New York, NY, USA},
 keywords = {collaborative design, conflict management, converging, design process, interest based negotiation},
}

@inproceedings{Ahmad:2007:TAC:1255175.1255268,
 author = {Ahmad, Faisal and de la Chica, Sebastian and Butcher, Kirsten and Sumner, Tamara and Martin, James H.},
 title = {Towards Automatic Conceptual Personalization Tools},
 booktitle = {Proceedings of the 7th ACM/IEEE-CS Joint Conference on Digital Libraries},
 series = {JCDL '07},
 year = {2007},
 isbn = {978-1-59593-644-8},
 location = {Vancouver, BC, Canada},
 pages = {452--461},
 numpages = {10},
 url = {http://doi.acm.org/10.1145/1255175.1255268},
 doi = {10.1145/1255175.1255268},
 acmid = {1255268},
 publisher = {ACM},
 address = {New York, NY, USA},
 keywords = {competency models, digital libraries, instructional plans, knowledge maps, personalization, student misconceptions},
}

@inproceedings{Rossi:2012:RFM:2187980.2188234,
 author = {Rossi, Ryan and Gallagher, Brian and Neville, Jennifer and Henderson, Keith},
 title = {Role-dynamics: Fast Mining of Large Dynamic Networks},
 booktitle = {Proceedings of the 21st International Conference on World Wide Web},
 series = {WWW '12 Companion},
 year = {2012},
 isbn = {978-1-4503-1230-1},
 location = {Lyon, France},
 pages = {997--1006},
 numpages = {10},
 url = {http://doi.acm.org/10.1145/2187980.2188234},
 doi = {10.1145/2187980.2188234},
 acmid = {2188234},
 publisher = {ACM},
 address = {New York, NY, USA},
 keywords = {dynamic network analysis, large-scale network analysis, non-negative matrix factorization, role dynamics},
}

@inproceedings{Chen:2011:UEC:1978942.1979438,
 author = {Chen, Yunan and Ngo, Victor and Harrison, Sidney and Duong, Victoria},
 title = {Unpacking Exam-room Computing: Negotiating Computer-use in Patient-physician Interactions},
 booktitle = {Proceedings of the SIGCHI Conference on Human Factors in Computing Systems},
 series = {CHI '11},
 year = {2011},
 isbn = {978-1-4503-0228-9},
 location = {Vancouver, BC, Canada},
 pages = {3343--3352},
 numpages = {10},
 url = {http://doi.acm.org/10.1145/1978942.1979438},
 doi = {10.1145/1978942.1979438},
 acmid = {1979438},
 publisher = {ACM},
 address = {New York, NY, USA},
 keywords = {electronic medical record (emr), exam-room computing, eye contact, micro-negotiation, patient-physician interactions},
}

@inproceedings{Rossi:2013:MDB:2433396.2433479,
 author = {Rossi, Ryan A. and Gallagher, Brian and Neville, Jennifer and Henderson, Keith},
 title = {Modeling Dynamic Behavior in Large Evolving Graphs},
 booktitle = {Proceedings of the Sixth ACM International Conference on Web Search and Data Mining},
 series = {WSDM '13},
 year = {2013},
 isbn = {978-1-4503-1869-3},
 location = {Rome, Italy},
 pages = {667--676},
 numpages = {10},
 url = {http://doi.acm.org/10.1145/2433396.2433479},
 doi = {10.1145/2433396.2433479},
 acmid = {2433479},
 publisher = {ACM},
 address = {New York, NY, USA},
 keywords = {dynamic mixed-membership models, dynamic network analysis, dynamic roles, graph mining, scalable models},
}

@inproceedings{Hohnhold:2015:FLG:2783258.2788583,
 author = {Hohnhold, Henning and O'Brien, Deirdre and Tang, Diane},
 title = {Focusing on the Long-term: It's Good for Users and Business},
 booktitle = {Proceedings of the 21th ACM SIGKDD International Conference on Knowledge Discovery and Data Mining},
 series = {KDD '15},
 year = {2015},
 isbn = {978-1-4503-3664-2},
 location = {Sydney, NSW, Australia},
 pages = {1849--1858},
 numpages = {10},
 url = {http://doi.acm.org/10.1145/2783258.2788583},
 doi = {10.1145/2783258.2788583},
 acmid = {2788583},
 publisher = {ACM},
 address = {New York, NY, USA},
 keywords = {controlled experiments, randomized experiments},
}

@article{Sharples:2002:DIM:594351.594358,
 author = {Sharples, Mike and Corlett, Dan and Westmancott, Oliver},
 title = {The Design and Implementation of a Mobile Learning Resource},
 journal = {Personal Ubiquitous Comput.},
 issue_date = {May 2002},
 volume = {6},
 number = {3},
 month = jan,
 year = {2002},
 issn = {1617-4909},
 pages = {220--234},
 numpages = {15},
 url = {https://doi.org/10.1007/s007790200021},
 doi = {10.1007/s007790200021},
 acmid = {594358},
 publisher = {Springer-Verlag},
 address = {London, UK, UK},
}

@inproceedings{Syed:2018:EDR:3176349.3176397,
 author = {Syed, Rohail and Collins-Thompson, Kevyn},
 title = {Exploring Document Retrieval Features Associated with Improved Short- and Long-term Vocabulary Learning Outcomes},
 booktitle = {Proceedings of the 2018 Conference on Human Information Interaction \& Retrieval},
 series = {CHIIR '18},
 year = {2018},
 isbn = {978-1-4503-4925-3},
 location = {New Brunswick, NJ, USA},
 pages = {191--200},
 numpages = {10},
 url = {http://doi.acm.org/10.1145/3176349.3176397},
 doi = {10.1145/3176349.3176397},
 acmid = {3176397},
 publisher = {ACM},
 address = {New York, NY, USA},
 keywords = {information retrieval, long-term learning, personalization, regression models, search as learning, vocabulary learning},
}

@inproceedings{Helps:2008:ECN:1414558.1414565,
 author = {Helps, C. Richard G. and Ekstrom, J J.},
 title = {Evaluation of a Computer Networking Class in Information Technology},
 booktitle = {Proceedings of the 9th ACM SIGITE Conference on Information Technology Education},
 series = {SIGITE '08},
 year = {2008},
 isbn = {978-1-60558-329-7},
 location = {Cincinnati, OH, USA},
 pages = {259--268},
 numpages = {10},
 url = {http://doi.acm.org/10.1145/1414558.1414565},
 doi = {10.1145/1414558.1414565},
 acmid = {1414565},
 publisher = {ACM},
 address = {New York, NY, USA},
 keywords = {course design, course evaluation, networking},
}

@inproceedings{Kane:2012:WTD:2384916.2384926,
 author = {Kane, Shaun K. and Linam-Church, Barbara and Althoff, Kyle and McCall, Denise},
 title = {What We Talk About: Designing a Context-aware Communication Tool for People with Aphasia},
 booktitle = {Proceedings of the 14th International ACM SIGACCESS Conference on Computers and Accessibility},
 series = {ASSETS '12},
 year = {2012},
 isbn = {978-1-4503-1321-6},
 location = {Boulder, Colorado, USA},
 pages = {49--56},
 numpages = {8},
 url = {http://doi.acm.org/10.1145/2384916.2384926},
 doi = {10.1145/2384916.2384926},
 acmid = {2384926},
 publisher = {ACM},
 address = {New York, NY, USA},
 keywords = {accessibility, aphasia, augmented and alternative communication, context-aware computing, participatory design},
}

@inproceedings{McCarthy:2008:CCC:1460563.1460580,
 author = {McCarthy, Joseph F. and Congleton, Ben and Harper, F. Maxwell},
 title = {The Context, Content \& Community Collage: Sharing Personal Digital Media in the Physical Workplace},
 booktitle = {Proceedings of the 2008 ACM Conference on Computer Supported Cooperative Work},
 series = {CSCW '08},
 year = {2008},
 isbn = {978-1-60558-007-4},
 location = {San Diego, CA, USA},
 pages = {97--106},
 numpages = {10},
 url = {http://doi.acm.org/10.1145/1460563.1460580},
 doi = {10.1145/1460563.1460580},
 acmid = {1460580},
 publisher = {ACM},
 address = {New York, NY, USA},
 keywords = {mobile phones, online social networking services, physical spaces, proactive displays, social media, ubiquitous computing},
}

@article{Kou:2018:USR:3301392.3283827,
 author = {Kou, Yubo and Gray, Colin M. and Toombs, Austin L. and Adams, Robin S.},
 title = {Understanding Social Roles in an Online Community of Volatile Practice: A Study of User Experience Practitioners on Reddit},
 journal = {Trans. Soc. Comput.},
 issue_date = {December 2018},
 volume = {1},
 number = {4},
 month = dec,
 year = {2018},
 issn = {2469-7818},
 pages = {17:1--17:22},
 articleno = {17},
 numpages = {22},
 url = {http://doi.acm.org/10.1145/3283827},
 doi = {10.1145/3283827},
 acmid = {3283827},
 publisher = {ACM},
 address = {New York, NY, USA},
 keywords = {Social role, community of practice, online community, user experience (UX) design, volatile practice},
}

@article{Mitchell:2018:NL:3210350.3191513,
 author = {Mitchell, T. and Cohen, W. and Hruschka, E. and Talukdar, P. and Yang, B. and Betteridge, J. and Carlson, A. and Dalvi, B. and Gardner, M. and Kisiel, B. and Krishnamurthy, J. and Lao, N. and Mazaitis, K. and Mohamed, T. and Nakashole, N. and Platanios, E. and Ritter, A. and Samadi, M. and Settles, B. and Wang, R. and Wijaya, D. and Gupta, A. and Chen, X. and Saparov, A. and Greaves, M. and Welling, J.},
 title = {Never-ending Learning},
 journal = {Commun. ACM},
 issue_date = {May 2018},
 volume = {61},
 number = {5},
 month = apr,
 year = {2018},
 issn = {0001-0782},
 pages = {103--115},
 numpages = {13},
 url = {http://doi.acm.org/10.1145/3191513},
 doi = {10.1145/3191513},
 acmid = {3191513},
 publisher = {ACM},
 address = {New York, NY, USA},
}

@article{Bradesko:2017:CCC:3112649.3086686,
 author = {Brade\v{s}ko, Luka and Witbrock, Michael and Starc, Janez and Herga, Zala and Grobelnik, Marko and Mladeni\'{c}, Dunja},
 title = {Curious Cat--Mobile, Context-Aware Conversational Crowdsourcing Knowledge Acquisition},
 journal = {ACM Trans. Inf. Syst.},
 issue_date = {August 2017},
 volume = {35},
 number = {4},
 month = aug,
 year = {2017},
 issn = {1046-8188},
 pages = {33:1--33:46},
 articleno = {33},
 numpages = {46},
 url = {http://doi.acm.org/10.1145/3086686},
 doi = {10.1145/3086686},
 acmid = {3086686},
 publisher = {ACM},
 address = {New York, NY, USA},
 keywords = {Sensor and location mining, chatbots, crowdsourcing, dialogue systems, knowledge systems, location and context based knowledge acquisition, reasoning},
}

@article{Culpepper:2018:RFI:3274784.3274788,
 author = {Culpepper, J. Shane and Diaz, Fernando and Smucker, Mark D.},
 title = {Research Frontiers in Information Retrieval: Report from the Third Strategic Workshop on Information Retrieval in Lorne (SWIRL 2018)},
 journal = {SIGIR Forum},
 issue_date = {June 2018},
 volume = {52},
 number = {1},
 month = aug,
 year = {2018},
 issn = {0163-5840},
 pages = {34--90},
 numpages = {57},
 url = {http://doi.acm.org/10.1145/3274784.3274788},
 doi = {10.1145/3274784.3274788},
 acmid = {3274788},
 publisher = {ACM},
 address = {New York, NY, USA},
}

@book{Moore:2019:CUD:3304087,
 author = {Moore, Robert J. and Arar, Raphael},
 title = {Conversational UX Design: A Practitioner's Guide to the Natural Conversation Framework},
 year = {2019},
 isbn = {978-1-4503-6301-3},
 publisher = {ACM},
 address = {New York, NY, USA},
}

