@inproceedings{Hills:2008:TGF:1514402.1514405,
 author = {Hills, Damian and Pisan, Yusuf and Edmonds, Ernest},
 title = {Towards a Generic Framework for Situated Collaborative Storytelling},
 booktitle = {Proceedings of the 5th Australasian Conference on Interactive Entertainment},
 series = {IE '08},
 year = {2008},
 isbn = {978-1-60558-424-9},
 location = {Brisbane, Queensland, Australia},
 pages = {3:1--3:6},
 articleno = {3},
 numpages = {6},
 url = {http://doi.acm.org/10.1145/1514402.1514405},
 doi = {10.1145/1514402.1514405},
 acmid = {1514405},
 publisher = {ACM},
 address = {New York, NY, USA},
 keywords = {cognitive information retrieval, collaboration, conversation theory, conversational information system, interactive digital storytelling, narrative intelligence},
}

@inproceedings{Barn:2009:ERM:1506216.1506238,
 author = {Barn, Balbir S.},
 title = {On the Evaluation of Reference Models for Software Engineering Practice},
 booktitle = {Proceedings of the 2Nd India Software Engineering Conference},
 series = {ISEC '09},
 year = {2009},
 isbn = {978-1-60558-426-3},
 location = {Pune, India},
 pages = {111--116},
 numpages = {6},
 url = {http://doi.acm.org/10.1145/1506216.1506238},
 doi = {10.1145/1506216.1506238},
 acmid = {1506238},
 publisher = {ACM},
 address = {New York, NY, USA},
 keywords = {conceptual model, evaluation, reference model, variability},
}

@article{Jones:2010:MLM:1649475.1649493,
 author = {Jones, Peter H.},
 title = {ON MODELING: The Language/Action Model of Conversation: Can Conversation Perform Acts of Design?},
 journal = {Interactions},
 issue_date = {January + February 2010},
 volume = {17},
 number = {1},
 month = jan,
 year = {2010},
 issn = {1072-5520},
 pages = {70--75},
 numpages = {6},
 url = {http://doi.acm.org/10.1145/1649475.1649493},
 doi = {10.1145/1649475.1649493},
 acmid = {1649493},
 publisher = {ACM},
 address = {New York, NY, USA},
}

