@inproceedings{Ngoon:2016:OCP:2818052.2874328,
 author = {Ngoon, Tricia J. and Chen, Rachel and Deutsch, Amit and Lip, Sean},
 title = {Oppia: A Community of Peer Learners to Make Conversational Learning Experiences},
 booktitle = {Proceedings of the 19th ACM Conference on Computer Supported Cooperative Work and Social Computing Companion},
 series = {CSCW '16 Companion},
 year = {2016},
 isbn = {978-1-4503-3950-6},
 location = {San Francisco, California, USA},
 pages = {73--76},
 numpages = {4},
 url = {http://doi.acm.org/10.1145/2818052.2874328},
 doi = {10.1145/2818052.2874328},
 acmid = {2874328},
 publisher = {ACM},
 address = {New York, NY, USA},
 keywords = {collective intelligence, online education, peer learning},
}

@inproceedings{Raffle:2007:JES:1282040.1282074,
 author = {Raffle, Hayes and Vaucelle, Cati and Wang, Ruibing and Ishii, Hiroshi},
 title = {Jabberstamp: Embedding Sound and Voice in Traditional Drawings},
 booktitle = {ACM SIGGRAPH 2007 Educators Program},
 series = {SIGGRAPH '07},
 year = {2007},
 isbn = {978-1-4503-1830-3},
 location = {San Diego, California},
 articleno = {32},
 url = {http://doi.acm.org/10.1145/1282040.1282074},
 doi = {10.1145/1282040.1282074},
 acmid = {1282074},
 publisher = {ACM},
 address = {New York, NY, USA},
}

@inproceedings{Nimkoompai:2018:ISR:3301326.3301379,
 author = {Nimkoompai, Apichaya and Jaruvongrangsee, Chan and Sirikongtham, Puwadol},
 title = {Integration of Speech Recognition into Virtual Classroom to Enhance Learning Achievement},
 booktitle = {Proceedings of the 2018 VII International Conference on Network, Communication and Computing},
 series = {ICNCC 2018},
 year = {2018},
 isbn = {978-1-4503-6553-6},
 location = {Taipei City, Taiwan},
 pages = {49--52},
 numpages = {4},
 url = {http://doi.acm.org/10.1145/3301326.3301379},
 doi = {10.1145/3301326.3301379},
 acmid = {3301379},
 publisher = {ACM},
 address = {New York, NY, USA},
 keywords = {Virtual, Virtual Classroom, Virtual Reality, Voice Recognition},
}

