@inproceedings{Solomon:2019:MCL:3304221.3319791,
 author = {Solomon, Amber and Oguamanam, Vanessa and Guzdial, Mark and DiSalvo, Betsy},
 title = {Making CS Learning Visible: Case Studies on How Visibility of Student Work Supports a Community of Learners in CS Classrooms},
 booktitle = {Proceedings of the 2019 ACM Conference on Innovation and Technology in Computer Science Education},
 series = {ITiCSE '19},
 year = {2019},
 isbn = {978-1-4503-6301-3},
 location = {Aberdeen, Scotland Uk},
 pages = {161--167},
 numpages = {7},
 url = {http://doi.acm.org/10.1145/3304221.3319791},
 doi = {10.1145/3304221.3319791},
 acmid = {3319791},
 publisher = {ACM},
 address = {New York, NY, USA},
 keywords = {community of learners, defensive climates, design studio, learning environments, visibility},
}

@inproceedings{Barker:2006:DCC:1315803.1315805,
 author = {Barker, Lecia and Garvin-Doxas, Kathy and Jackson, Michele},
 title = {Defensive Climate in the Computer Science Classroom},
 booktitle = {Proceedings of the 6th Baltic Sea Conference on Computing Education Research: Koli Calling 2006},
 series = {Baltic Sea '06},
 year = {2006},
 location = {Uppsala, Sweden},
 pages = {3--},
 url = {http://doi.acm.org/10.1145/1315803.1315805},
 doi = {10.1145/1315803.1315805},
 acmid = {1315805},
 publisher = {ACM},
 address = {New York, NY, USA},
}

@article{Garvin-Doxas:2004:CCS:1060071.1060073,
 author = {Garvin-Doxas, Kathy and Barker, Lecia J.},
 title = {Communication in Computer Science Classrooms: Understanding Defensive Climates As a Means of Creating Supportive Behaviors},
 journal = {J. Educ. Resour. Comput.},
 issue_date = {March 2004},
 volume = {4},
 number = {1},
 month = mar,
 year = {2004},
 issn = {1531-4278},
 articleno = {2},
 url = {http://doi.acm.org/10.1145/1060071.1060073},
 doi = {10.1145/1060071.1060073},
 acmid = {1060073},
 publisher = {ACM},
 address = {New York, NY, USA},
 keywords = {Defensive climate, classroom communication behaviors, ethnographic research in computer science classrooms, gender and computer science education},
}

@article{Barker:2002:DCC:563517.563354,
 author = {Barker, Lecia Jane and Garvin-Doxas, Kathy and Jackson, Michele},
 title = {Defensive Climate in the Computer Science Classroom},
 journal = {SIGCSE Bull.},
 issue_date = {March 2002},
 volume = {34},
 number = {1},
 month = feb,
 year = {2002},
 issn = {0097-8418},
 pages = {43--47},
 numpages = {5},
 url = {http://doi.acm.org/10.1145/563517.563354},
 doi = {10.1145/563517.563354},
 acmid = {563354},
 publisher = {ACM},
 address = {New York, NY, USA},
}

@inproceedings{Barker:2002:DCC:563340.563354,
 author = {Barker, Lecia Jane and Garvin-Doxas, Kathy and Jackson, Michele},
 title = {Defensive Climate in the Computer Science Classroom},
 booktitle = {Proceedings of the 33rd SIGCSE Technical Symposium on Computer Science Education},
 series = {SIGCSE '02},
 year = {2002},
 isbn = {1-58113-473-8},
 location = {Cincinnati, Kentucky},
 pages = {43--47},
 numpages = {5},
 url = {http://doi.acm.org/10.1145/563340.563354},
 doi = {10.1145/563340.563354},
 acmid = {563354},
 publisher = {ACM},
 address = {New York, NY, USA},
}

@proceedings{Berglund:2006:1315803,
 title = {Baltic Sea '06: Proceedings of the 6th Baltic Sea Conference on Computing Education Research: Koli Calling 2006},
 year = {2006},
 issn = {1404-3203},
 location = {Uppsala, Sweden},
 publisher = {ACM},
 address = {New York, NY, USA},
}

