@inproceedings{Song:2007:EAV:1240624.1240755,
 author = {Song, Yaxiao and Marchionini, Gary},
 title = {Effects of Audio and Visual Surrogates for Making Sense of Digital Video},
 booktitle = {Proceedings of the SIGCHI Conference on Human Factors in Computing Systems},
 series = {CHI '07},
 year = {2007},
 isbn = {978-1-59593-593-9},
 location = {San Jose, California, USA},
 pages = {867--876},
 numpages = {10},
 url = {http://doi.acm.org/10.1145/1240624.1240755},
 doi = {10.1145/1240624.1240755},
 acmid = {1240755},
 publisher = {ACM},
 address = {New York, NY, USA},
 keywords = {dual coding, multimedia, video surrogates},
}

@inproceedings{Gu:2015:AEM:2800835.2800897,
 author = {Gu, Heng and Sanchez, Susana and Kunze, Kai and Inami, Masahiko},
 title = {An Augmented e-Reader for Multimodal Literacy},
 booktitle = {Adjunct Proceedings of the 2015 ACM International Joint Conference on Pervasive and Ubiquitous Computing and Proceedings of the 2015 ACM International Symposium on Wearable Computers},
 series = {UbiComp/ISWC'15 Adjunct},
 year = {2015},
 isbn = {978-1-4503-3575-1},
 location = {Osaka, Japan},
 pages = {353--356},
 numpages = {4},
 url = {http://doi.acm.org/10.1145/2800835.2800897},
 doi = {10.1145/2800835.2800897},
 acmid = {2800897},
 publisher = {ACM},
 address = {New York, NY, USA},
 keywords = {dual-coding, multimodal, reading, valid co-occurrences},
}

@inproceedings{Sanchez:2015:MLS:2800835.2807940,
 author = {Sanchez, Suana and Gu, Heng and Kunze, Kai and Inami, Masahiko},
 title = {Multimodal Literacy: Storytelling Across Senses},
 booktitle = {Adjunct Proceedings of the 2015 ACM International Joint Conference on Pervasive and Ubiquitous Computing and Proceedings of the 2015 ACM International Symposium on Wearable Computers},
 series = {UbiComp/ISWC'15 Adjunct},
 year = {2015},
 isbn = {978-1-4503-3575-1},
 location = {Osaka, Japan},
 pages = {1257--1260},
 numpages = {4},
 url = {http://doi.acm.org/10.1145/2800835.2807940},
 doi = {10.1145/2800835.2807940},
 acmid = {2807940},
 publisher = {ACM},
 address = {New York, NY, USA},
 keywords = {dual-coding, multimodal, reading, valid co-occurrences},
}

@inproceedings{Nord:2018:SMS:3233547.3233592,
 author = {Nord, Alex and Hornbeck, Peter and Carey, Kaitlin and Wheeler, Travis},
 title = {Splice-Aware Multiple Sequence Alignment of Protein Isoforms},
 booktitle = {Proceedings of the 2018 ACM International Conference on Bioinformatics, Computational Biology, and Health Informatics},
 series = {BCB '18},
 year = {2018},
 isbn = {978-1-4503-5794-4},
 location = {Washington, DC, USA},
 pages = {200--210},
 numpages = {11},
 url = {http://doi.acm.org/10.1145/3233547.3233592},
 doi = {10.1145/3233547.3233592},
 acmid = {3233592},
 publisher = {ACM},
 address = {New York, NY, USA},
 keywords = {alternative splicing, dual-coding exons, multiple sequence alignment, protein isoforms},
}

@inproceedings{Greenberg:2014:EIT:2567574.2567597,
 author = {Greenberg, Anne K. and Gross, Melissa and Wright, Mary C.},
 title = {Effects of Image-based and Text-based Activities on Student Learning Outcomes},
 booktitle = {Proceedings of the Fourth International Conference on Learning Analytics And Knowledge},
 series = {LAK '14},
 year = {2014},
 isbn = {978-1-4503-2664-3},
 location = {Indianapolis, Indiana, USA},
 pages = {275--276},
 numpages = {2},
 url = {http://doi.acm.org/10.1145/2567574.2567597},
 doi = {10.1145/2567574.2567597},
 acmid = {2567597},
 publisher = {ACM},
 address = {New York, NY, USA},
 keywords = {LectureTools, active learning, assessment, dual coding, visualizer-verbalizer},
}

@article{O'Toole:2012:PCP:2185520.2185535,
 author = {O'Toole, Matthew and Raskar, Ramesh and Kutulakos, Kiriakos N.},
 title = {Primal-dual Coding to Probe Light Transport},
 journal = {ACM Trans. Graph.},
 issue_date = {July 2012},
 volume = {31},
 number = {4},
 month = jul,
 year = {2012},
 issn = {0730-0301},
 pages = {39:1--39:11},
 articleno = {39},
 numpages = {11},
 url = {http://doi.acm.org/10.1145/2185520.2185535},
 doi = {10.1145/2185520.2185535},
 acmid = {2185535},
 publisher = {ACM},
 address = {New York, NY, USA},
 keywords = {coded exposure, coded illumination, inter-reflections, light transport, optical processing, primal-dual coding, scattering},
}

@article{Dostie:2006:DCT:1127442.1127475,
 author = {Dostie, Rachelle and Bergey, Carly},
 title = {Dual Coding Theory for Interactive Learning Systems},
 journal = {J. Comput. Sci. Coll.},
 issue_date = {June 2006},
 volume = {21},
 number = {6},
 month = jun,
 year = {2006},
 issn = {1937-4771},
 pages = {264--264},
 numpages = {1},
 url = {http://dl.acm.org/citation.cfm?id=1127442.1127475},
 acmid = {1127475},
 publisher = {Consortium for Computing Sciences in Colleges},
 address = {USA},
}

@inproceedings{Wang:1994:DTC:981732.981781,
 author = {Wang, Ye-Yi},
 title = {Dual-coding Theory and Connectionist Lexical Selection},
 booktitle = {Proceedings of the 32Nd Annual Meeting on Association for Computational Linguistics},
 series = {ACL '94},
 year = {1994},
 location = {Las Cruces, New Mexico},
 pages = {325--327},
 numpages = {3},
 url = {https://doi.org/10.3115/981732.981781},
 doi = {10.3115/981732.981781},
 acmid = {981781},
 publisher = {Association for Computational Linguistics},
 address = {Stroudsburg, PA, USA},
}

@inproceedings{O'Toole:2014:VLT:2614066.2614090,
 author = {O'Toole, Matthew and Kutulakos, Kiriakos N.},
 title = {Visualizing Light Transport Phenomena with a Primal-dual Coding Video Camera},
 booktitle = {ACM SIGGRAPH 2014 Emerging Technologies},
 series = {SIGGRAPH '14},
 year = {2014},
 isbn = {978-1-4503-2961-3},
 location = {Vancouver, Canada},
 pages = {26:1--26:1},
 articleno = {26},
 numpages = {1},
 url = {http://doi.acm.org/10.1145/2614066.2614090},
 doi = {10.1145/2614066.2614090},
 acmid = {2614090},
 publisher = {ACM},
 address = {New York, NY, USA},
}

@inproceedings{vanDoorn:2000:PMD:336597.336610,
 author = {van Doorn, Mark G. L. M. and de Vries, Arjen P.},
 title = {The Psychology of Multimedia Databases},
 booktitle = {Proceedings of the Fifth ACM Conference on Digital Libraries},
 series = {DL '00},
 year = {2000},
 isbn = {1-58113-231-X},
 location = {San Antonio, Texas, USA},
 pages = {1--9},
 numpages = {9},
 url = {http://doi.acm.org/10.1145/336597.336610},
 doi = {10.1145/336597.336610},
 acmid = {336610},
 publisher = {ACM},
 address = {New York, NY, USA},
 keywords = {Marr's theory of perception, Paivio's dual coding theory, cognitive psychology and information retrieval, user and domain knowledge in query formulation},
}

