@inproceedings{Wang:1994:DTC:981732.981781,
 author = {Wang, Ye-Yi},
 title = {Dual-coding Theory and Connectionist Lexical Selection},
 booktitle = {Proceedings of the 32Nd Annual Meeting on Association for Computational Linguistics},
 series = {ACL '94},
 year = {1994},
 location = {Las Cruces, New Mexico},
 pages = {325--327},
 numpages = {3},
 url = {https://doi.org/10.3115/981732.981781},
 doi = {10.3115/981732.981781},
 acmid = {981781},
 publisher = {Association for Computational Linguistics},
 address = {Stroudsburg, PA, USA},
}

@article{Dostie:2006:DCT:1127442.1127475,
 author = {Dostie, Rachelle and Bergey, Carly},
 title = {Dual Coding Theory for Interactive Learning Systems},
 journal = {J. Comput. Sci. Coll.},
 issue_date = {June 2006},
 volume = {21},
 number = {6},
 month = jun,
 year = {2006},
 issn = {1937-4771},
 pages = {264--264},
 numpages = {1},
 url = {http://dl.acm.org/citation.cfm?id=1127442.1127475},
 acmid = {1127475},
 publisher = {Consortium for Computing Sciences in Colleges},
 address = {USA},
}

@inproceedings{vanDoorn:2000:PMD:336597.336610,
 author = {van Doorn, Mark G. L. M. and de Vries, Arjen P.},
 title = {The Psychology of Multimedia Databases},
 booktitle = {Proceedings of the Fifth ACM Conference on Digital Libraries},
 series = {DL '00},
 year = {2000},
 isbn = {1-58113-231-X},
 location = {San Antonio, Texas, USA},
 pages = {1--9},
 numpages = {9},
 url = {http://doi.acm.org/10.1145/336597.336610},
 doi = {10.1145/336597.336610},
 acmid = {336610},
 publisher = {ACM},
 address = {New York, NY, USA},
 keywords = {Marr's theory of perception, Paivio's dual coding theory, cognitive psychology and information retrieval, user and domain knowledge in query formulation},
}

