@inproceedings{Hayashi:2017:NEW:3022198.3026321,
 author = {Hayashi, Yugo and Orita, Ryo and Kajiwara, Sayuri},
 title = {Negative Electronic Word-of-mouth Can Support Product Recommendation: Experimental Investigation},
 booktitle = {Companion of the 2017 ACM Conference on Computer Supported Cooperative Work and Social Computing},
 series = {CSCW '17 Companion},
 year = {2017},
 isbn = {978-1-4503-4688-7},
 location = {Portland, Oregon, USA},
 pages = {191--194},
 numpages = {4},
 url = {http://doi.acm.org/10.1145/3022198.3026321},
 doi = {10.1145/3022198.3026321},
 acmid = {3026321},
 publisher = {ACM},
 address = {New York, NY, USA},
 keywords = {elaboration theory, electronic word-of-mouth(eWOM), human experimentation, interface design, negative comments, recommender systems},
}

@inproceedings{Rizzo:2006:ODI:1142405.1142407,
 author = {Rizzo, Antonio},
 title = {The Origin and Design of Intentional Affordances},
 booktitle = {Proceedings of the 6th Conference on Designing Interactive Systems},
 series = {DIS '06},
 year = {2006},
 isbn = {1-59593-367-0},
 location = {University Park, PA, USA},
 pages = {239--240},
 numpages = {2},
 url = {http://doi.acm.org/10.1145/1142405.1142407},
 doi = {10.1145/1142405.1142407},
 acmid = {1142407},
 publisher = {ACM},
 address = {New York, NY, USA},
 keywords = {action, affordance, intention, interaction design},
}

@article{Akella:2013:MVM:2534974.2525968,
 author = {Akella, Nirupama},
 title = {Macro vs. Micro? Arguing for the Whole and Not the Chunk!},
 journal = {eLearn},
 issue_date = {10-01-2013},
 volume = {2013},
 number = {10},
 month = oct,
 year = {2013},
 issn = {1535-394X},
 articleno = {3},
 url = {http://doi.acm.org/10.1145/2534974.2525968},
 doi = {10.1145/2534974.2525968},
 acmid = {2525968},
 publisher = {ACM},
 address = {New York, NY, USA},
}

@inproceedings{Guzdial:2013:EHM:2493394.2493397,
 author = {Guzdial, Mark},
 title = {Exploring Hypotheses About Media Computation},
 booktitle = {Proceedings of the Ninth Annual International ACM Conference on International Computing Education Research},
 series = {ICER '13},
 year = {2013},
 isbn = {978-1-4503-2243-0},
 location = {San Diego, San California, USA},
 pages = {19--26},
 numpages = {8},
 url = {http://doi.acm.org/10.1145/2493394.2493397},
 doi = {10.1145/2493394.2493397},
 acmid = {2493397},
 publisher = {ACM},
 address = {New York, NY, USA},
 keywords = {assessment, broadening participation, curriculum, education research, motivation, retention, under-represented minorities, women in computing},
}

