@inproceedings{Fitzpatrick:2018:DII:3205946.3205961,
 author = {Fitzpatrick, Geraldine},
 title = {Designing For Intelligence: Intelligence For Designing},
 booktitle = {Proceedings of the 4th International Conference on Human-Computer Interaction and User Experience in Indonesia, CHIuXiD '18},
 series = {CHIuXiD '18},
 year = {2018},
 isbn = {978-1-4503-6429-4},
 location = {Yogyakarta, Indonesia},
 pages = {97--100},
 numpages = {4},
 url = {http://doi.acm.org/10.1145/3205946.3205961},
 doi = {10.1145/3205946.3205961},
 acmid = {3205961},
 publisher = {ACM},
 address = {New York, NY, USA},
 keywords = {Existential intelligence, Social emotional intelligence},
}

@inproceedings{Lisetti:2002:MMA:641007.641038,
 author = {Lisetti, Christine L. and Nasoz, Fatma},
 title = {MAUI: A Multimodal Affective User Interface},
 booktitle = {Proceedings of the Tenth ACM International Conference on Multimedia},
 series = {MULTIMEDIA '02},
 year = {2002},
 isbn = {1-58113-620-X},
 location = {Juan-les-Pins, France},
 pages = {161--170},
 numpages = {10},
 url = {http://doi.acm.org/10.1145/641007.641038},
 doi = {10.1145/641007.641038},
 acmid = {641038},
 publisher = {ACM},
 address = {New York, NY, USA},
 keywords = {affect recognition, emotions, intelligent interfaces, interface agent},
}

@inproceedings{Ranjbartabar:2018:VHM:3267851.3267854,
 author = {Ranjbartabar, Hedieh and Richards, Deborah and Makhija, Anupam},
 title = {Virtual Humans to Manage Epistemic Emotions in Educational Virtual Worlds},
 booktitle = {Proceedings of the 18th International Conference on Intelligent Virtual Agents},
 series = {IVA '18},
 year = {2018},
 isbn = {978-1-4503-6013-5},
 location = {Sydney, NSW, Australia},
 pages = {325--326},
 numpages = {2},
 url = {http://doi.acm.org/10.1145/3267851.3267854},
 doi = {10.1145/3267851.3267854},
 acmid = {3267854},
 publisher = {ACM},
 address = {New York, NY, USA},
 keywords = {Epistemic Emotions, Intelligent Virtual Agents, User Modelling},
}

@inproceedings{Battaglino:2013:AMD:2484920.2485256,
 author = {Battaglino, Cristina},
 title = {Agents with a Moral Dimension},
 booktitle = {Proceedings of the 2013 International Conference on Autonomous Agents and Multi-agent Systems},
 series = {AAMAS '13},
 year = {2013},
 isbn = {978-1-4503-1993-5},
 location = {St. Paul, MN, USA},
 pages = {1421--1422},
 numpages = {2},
 url = {http://dl.acm.org/citation.cfm?id=2484920.2485256},
 acmid = {2485256},
 publisher = {International Foundation for Autonomous Agents and Multiagent Systems},
 address = {Richland, SC},
 keywords = {intelligent emphatic agent, moral emotions, moral values},
}

@inproceedings{Diego:2018:RSP:3284179.3284213,
 author = {Diego, Maria Vaquero and Rodr\'{\i}guez-Conde, Mar\'{\i}a-Jos{\'e} and Fincias, Patricia Torrijos and Schnorr, Samuel},
 title = {Relationship Between School Performance and Emotional Intelligence with TMMS-24 in High Performance School Adolescents in Sao Paulo (Brazil)},
 booktitle = {Proceedings of the Sixth International Conference on Technological Ecosystems for Enhancing Multiculturality},
 series = {TEEM'18},
 year = {2018},
 isbn = {978-1-4503-6518-5},
 location = {Salamanca, Spain},
 pages = {185--189},
 numpages = {5},
 url = {http://doi.acm.org/10.1145/3284179.3284213},
 doi = {10.1145/3284179.3284213},
 acmid = {3284213},
 publisher = {ACM},
 address = {New York, NY, USA},
 keywords = {Emotional intelligence, academic performance, school performance},
}

@inproceedings{Ivanovic:2014:EIA:2611040.2611100,
 author = {Ivanovi\'{c}, Mirjana and Radovanovi\'{c}, Milo\v{s} and Budimac, Zoran and Mitrovi\'{c}, Dejan and Kurbalija, Vladimir and Dai, Weihui and Zhao, Weidong},
 title = {Emotional Intelligence and Agents: Survey and Possible Applications},
 booktitle = {Proceedings of the 4th International Conference on Web Intelligence, Mining and Semantics (WIMS14)},
 series = {WIMS '14},
 year = {2014},
 isbn = {978-1-4503-2538-7},
 location = {Thessaloniki, Greece},
 pages = {52:1--52:7},
 articleno = {52},
 numpages = {7},
 url = {http://doi.acm.org/10.1145/2611040.2611100},
 doi = {10.1145/2611040.2611100},
 acmid = {2611100},
 publisher = {ACM},
 address = {New York, NY, USA},
 keywords = {Emotional intelligence, emotion detection, intelligent agents},
}

@inproceedings{Eckschlager:2005:RUE:1178477.1178556,
 author = {Eckschlager, Manfred and Lankes, Michael and Bernhaupt, Regina},
 title = {Real or Unreal?: An Evaluation Setting for Emotional Characters Using Unreal Technology},
 booktitle = {Proceedings of the 2005 ACM SIGCHI International Conference on Advances in Computer Entertainment Technology},
 series = {ACE '05},
 year = {2005},
 isbn = {1-59593-110-4},
 location = {Valencia, Spain},
 pages = {375--376},
 numpages = {2},
 url = {http://doi.acm.org/10.1145/1178477.1178556},
 doi = {10.1145/1178477.1178556},
 acmid = {1178556},
 publisher = {ACM},
 address = {New York, NY, USA},
 keywords = {agent, emotion, games, intelligent interaction, user experience},
}

@inproceedings{Ma:2019:EPE:3308558.3313400,
 author = {Ma, Xiaojuan and Yang, Emily and Fung, Pascale},
 title = {Exploring Perceived Emotional Intelligence of Personality-Driven Virtual Agents in Handling User Challenges},
 booktitle = {The World Wide Web Conference},
 series = {WWW '19},
 year = {2019},
 isbn = {978-1-4503-6674-8},
 location = {San Francisco, CA, USA},
 pages = {1222--1233},
 numpages = {12},
 url = {http://doi.acm.org/10.1145/3308558.3313400},
 doi = {10.1145/3308558.3313400},
 acmid = {3313400},
 publisher = {ACM},
 address = {New York, NY, USA},
 keywords = {affective computing, dialog system, emotional intelligence, emotions, perceived emotional intelligence, personality, virtual agents},
}

@inproceedings{Dias:2013:IWY:2484920.2485041,
 author = {Dias, Jo\~{a}o and Paiva, Ana},
 title = {I Want to Be Your Friend: Establishing Relations with Emotionally Intelligent Agents},
 booktitle = {Proceedings of the 2013 International Conference on Autonomous Agents and Multi-agent Systems},
 series = {AAMAS '13},
 year = {2013},
 isbn = {978-1-4503-1993-5},
 location = {St. Paul, MN, USA},
 pages = {777--784},
 numpages = {8},
 url = {http://dl.acm.org/citation.cfm?id=2484920.2485041},
 acmid = {2485041},
 publisher = {International Foundation for Autonomous Agents and Multiagent Systems},
 address = {Richland, SC},
 keywords = {emotion regulation, emotional intelligence, relational behaviour, virtual agents},
}

@inproceedings{Picard:2010:MEI:1814433.1814434,
 author = {Picard, Rosalind W.},
 title = {Mobile Emotional Intelligence},
 booktitle = {Proceedings of the 8th International Conference on Mobile Systems, Applications, and Services},
 series = {MobiSys '10},
 year = {2010},
 isbn = {978-1-60558-985-5},
 location = {San Francisco, California, USA},
 pages = {1--2},
 numpages = {2},
 url = {http://doi.acm.org/10.1145/1814433.1814434},
 doi = {10.1145/1814433.1814434},
 acmid = {1814434},
 publisher = {ACM},
 address = {New York, NY, USA},
 keywords = {affective computing, emotion communication, emotion recognition, emotional intelligence, wearable computing},
}

@inproceedings{Bellucci:2012:REI:2523712.2523713,
 author = {Bellucci, Emilia and Venkatraman, Sitalakshmi and Muecke, Nial and Stranieri, Andrew and Abawajy, Jemal},
 title = {The Role of Emotional Intelligence on the Resolution of Disputes Involving the Electronic Health Record},
 booktitle = {Proceedings of the Fifth Australasian Workshop on Health Informatics and Knowledge Management - Volume 129},
 series = {HIKM '12},
 year = {2012},
 isbn = {978-1-921770-10-4},
 location = {Melbourne, Australia},
 pages = {3--12},
 numpages = {10},
 url = {http://dl.acm.org/citation.cfm?id=2523712.2523713},
 acmid = {2523713},
 publisher = {Australian Computer Society, Inc.},
 address = {Darlinghurst, Australia, Australia},
 keywords = {EHR, dispute resolution, electronic health record, emotional intelligence},
}

@inproceedings{Garcia-Garcia:2019:ETC:3335595.3335639,
 author = {Garcia-Garcia, Jose Maria and Caba\~{n}ero, Mar\'{\i}a del Mar and Penichet, Victor M. R. and Lozano, Mar\'{\i}a D.},
 title = {EmoTEA: Teaching Children with Autism Spectrum Disorder to Identify and Express Emotions},
 booktitle = {Proceedings of the XX International Conference on Human Computer Interaction},
 series = {Interacci\&\#243;n '19},
 year = {2019},
 isbn = {978-1-4503-7176-6},
 location = {Donostia, Gipuzkoa, Spain},
 pages = {36:1--36:8},
 articleno = {36},
 numpages = {8},
 url = {http://doi.acm.org/10.1145/3335595.3335639},
 doi = {10.1145/3335595.3335639},
 acmid = {3335639},
 publisher = {ACM},
 address = {New York, NY, USA},
 keywords = {Affective, asd, autism, computing, e-learning, emotion, emotional intelligence},
}

@inproceedings{Mazzone:2008:DDT:1463160.1463192,
 author = {Mazzone, Emanuela and Read, Janet C and Beale, Russell},
 title = {Design with and for Disaffected Teenagers},
 booktitle = {Proceedings of the 5th Nordic Conference on Human-computer Interaction: Building Bridges},
 series = {NordiCHI '08},
 year = {2008},
 isbn = {978-1-59593-704-9},
 location = {Lund, Sweden},
 pages = {290--297},
 numpages = {8},
 url = {http://doi.acm.org/10.1145/1463160.1463192},
 doi = {10.1145/1463160.1463192},
 acmid = {1463192},
 publisher = {ACM},
 address = {New York, NY, USA},
 keywords = {e-learning, emotional intelligence, informant design, participatory design, prototyping, teenagers},
}

@inproceedings{Eckschlager:2005:NNE:1056808.1056913,
 author = {Eckschlager, Manfred and Bernhaupt, Regina and Tscheligi, Manfred},
 title = {NEmESys: Neural Emotion Eliciting System},
 booktitle = {CHI '05 Extended Abstracts on Human Factors in Computing Systems},
 series = {CHI EA '05},
 year = {2005},
 isbn = {1-59593-002-7},
 location = {Portland, OR, USA},
 pages = {1347--1350},
 numpages = {4},
 url = {http://doi.acm.org/10.1145/1056808.1056913},
 doi = {10.1145/1056808.1056913},
 acmid = {1056913},
 publisher = {ACM},
 address = {New York, NY, USA},
 keywords = {agent, believability, emotion, games, intelligent interaction, user experience},
}

@inproceedings{Bose:2019:EPE:3294109.3300993,
 author = {Bose, Gautam and Lu, Marisa and Ochoa, Lucas and Lockton, Dan},
 title = {Emoto: From Phone to Emotive Robotic AI Sidekick},
 booktitle = {Proceedings of the Thirteenth International Conference on Tangible, Embedded, and Embodied Interaction},
 series = {TEI '19},
 year = {2019},
 isbn = {978-1-4503-6196-5},
 location = {Tempe, Arizona, USA},
 pages = {451--457},
 numpages = {7},
 url = {http://doi.acm.org/10.1145/3294109.3300993},
 doi = {10.1145/3294109.3300993},
 acmid = {3300993},
 publisher = {ACM},
 address = {New York, NY, USA},
 keywords = {embodied interaction, emotive, intelligent personal assistant, multimodal communication, robotics, tangible},
}

@inproceedings{Dang:2011:EMI:2052137.2052233,
 author = {Dang, Thi Hai Ha and Hutzler, Guillaume and Hoppenot, Philippe},
 title = {Emotion Modeling for Intelligent Agents - Towards a Unifying Framework},
 booktitle = {Proceedings of the 2011 IEEE/WIC/ACM International Conferences on Web Intelligence and Intelligent Agent Technology - Volume 03},
 series = {WI-IAT '11},
 year = {2011},
 isbn = {978-0-7695-4513-4},
 pages = {70--73},
 numpages = {4},
 url = {https://doi.org/10.1109/WI-IAT.2011.155},
 doi = {10.1109/WI-IAT.2011.155},
 acmid = {2052233},
 publisher = {IEEE Computer Society},
 address = {Washington, DC, USA},
 keywords = {Model of emotion, intelligent agents, human-computer interaction},
}

@inproceedings{Garcia:2015:TEC:2829875.2829888,
 author = {Garc\'{\i}a, Noem\'{\i} Marta Fuentes and Vela, Francisco Luis Guti{\'e}rrez and Rodr\'{\i}guez, Patricia Paderewski and Arcos, Rafael L\'{o}pez and Zea, Natalia Padilla},
 title = {Teaching Emotions to Children by Using Video Games},
 booktitle = {Proceedings of the XVI International Conference on Human Computer Interaction},
 series = {Interacci\&\#243;n '15},
 year = {2015},
 isbn = {978-1-4503-3463-1},
 location = {Vilanova i la Geltru, Spain},
 pages = {20:1--20:3},
 articleno = {20},
 numpages = {3},
 url = {http://doi.acm.org/10.1145/2829875.2829888},
 doi = {10.1145/2829875.2829888},
 acmid = {2829888},
 publisher = {ACM},
 address = {New York, NY, USA},
 keywords = {Childhood, Emotional Intelligence, Emotions, Game-Based Learning, Human-Computer Interaction, Video Games},
}

@inproceedings{Lewis:2008:DSI:1355238.1355241,
 author = {Lewis, Tracy L. and Smith, Wanda J. and B{\'e}langer, France and Harrington, K. Vernard},
 title = {Determining Students' Intent to Stay in It Programs: An Empirical Model},
 booktitle = {Proceedings of the 2008 ACM SIGMIS CPR Conference on Computer Personnel Doctoral Consortium and Research},
 series = {SIGMIS CPR '08},
 year = {2008},
 isbn = {978-1-60558-069-2},
 location = {Charlottesville, VA, USA},
 pages = {5--11},
 numpages = {7},
 url = {http://doi.acm.org/10.1145/1355238.1355241},
 doi = {10.1145/1355238.1355241},
 acmid = {1355241},
 publisher = {ACM},
 address = {New York, NY, USA},
 keywords = {IT resilience, IT students, emotional intelligence, ethnic identity, persistence, retention, student attrition},
}

@article{Boverie:1998:PSD:281083.281086,
 author = {Boverie, Patricia and Nagel, Liza and McGee, Melissa and Garcia, Susan},
 title = {Predictors of Satisfaction for Distance Learners: A Study of Variable Conditions},
 journal = {SIGCUE Outlook},
 issue_date = {April 1998},
 volume = {26},
 number = {2},
 month = apr,
 year = {1998},
 issn = {0163-5735},
 pages = {2--7},
 numpages = {6},
 url = {http://doi.acm.org/10.1145/281083.281086},
 doi = {10.1145/281083.281086},
 acmid = {281086},
 publisher = {ACM},
 address = {New York, NY, USA},
 keywords = {distance learners, emotional intelligence, learning strategies, learning style, self-efficacy, social presence, student satisfaction},
}

@inproceedings{Patrick:2009:IEI:1629501.1629506,
 author = {Patrick, Brian K.},
 title = {The Importance of Emotional Intelligence},
 booktitle = {Proceedings of the 37th  Annual ACM SIGUCCS Fall Conference: Communication and Collaboration},
 series = {SIGUCCS '09},
 year = {2009},
 isbn = {978-1-60558-477-5},
 location = {St. Louis, Missouri, USA},
 pages = {15--18},
 numpages = {4},
 url = {http://doi.acm.org/10.1145/1629501.1629506},
 doi = {10.1145/1629501.1629506},
 acmid = {1629506},
 publisher = {ACM},
 address = {New York, NY, USA},
 keywords = {adaptable, aptitude, behavior, emotional intelligence, emotions, empathy, experience, relationships, self-awareness, self-confidence, self-control, will},
}

@article{Krakovsky:2018:AI:3200906.3185521,
 author = {Krakovsky, Marina},
 title = {Artificial (Emotional) Intelligence},
 journal = {Commun. ACM},
 issue_date = {April 2018},
 volume = {61},
 number = {4},
 month = mar,
 year = {2018},
 issn = {0001-0782},
 pages = {18--19},
 numpages = {2},
 url = {http://doi.acm.org/10.1145/3185521},
 doi = {10.1145/3185521},
 acmid = {3185521},
 publisher = {ACM},
 address = {New York, NY, USA},
}

@inproceedings{Lee:2008:PFM:1355238.1355255,
 author = {Lee, Kyootai and Joshi, Kailash and Kim, Youngkyun},
 title = {Person-job Fit As a Moderator of the Relationship Between Emotional Intelligence and Job Performance},
 booktitle = {Proceedings of the 2008 ACM SIGMIS CPR Conference on Computer Personnel Doctoral Consortium and Research},
 series = {SIGMIS CPR '08},
 year = {2008},
 isbn = {978-1-60558-069-2},
 location = {Charlottesville, VA, USA},
 pages = {70--75},
 numpages = {6},
 url = {http://doi.acm.org/10.1145/1355238.1355255},
 doi = {10.1145/1355238.1355255},
 acmid = {1355255},
 publisher = {ACM},
 address = {New York, NY, USA},
 keywords = {creativity, emotional intelligence, information systems developers, job performance, person-job fit},
}

@inproceedings{Leite:2015:ESC:2696454.2696481,
 author = {Leite, Iolanda and McCoy, Marissa and Lohani, Monika and Ullman, Daniel and Salomons, Nicole and Stokes, Charlene and Rivers, Susan and Scassellati, Brian},
 title = {Emotional Storytelling in the Classroom: Individual Versus Group Interaction Between Children and Robots},
 booktitle = {Proceedings of the Tenth Annual ACM/IEEE International Conference on Human-Robot Interaction},
 series = {HRI '15},
 year = {2015},
 isbn = {978-1-4503-2883-8},
 location = {Portland, Oregon, USA},
 pages = {75--82},
 numpages = {8},
 url = {http://doi.acm.org/10.1145/2696454.2696481},
 doi = {10.1145/2696454.2696481},
 acmid = {2696481},
 publisher = {ACM},
 address = {New York, NY, USA},
 keywords = {child-robot interaction, emotional intelligence, interactive storytelling, socially assistive robotics, type of interaction},
}

@inproceedings{Ferreira:2018:ERS:3278252.3282285,
 author = {Ferreira, Andreia and Dominique-Ferreira, S{\'e}rgio},
 title = {How Emotional and Rational Should Be the Senior Care Management?: A Study from the Perspective of Geriatric Customers},
 booktitle = {Proceedings of the 2Nd International Conference on Business and Information Management},
 series = {ICBIM '18},
 year = {2018},
 isbn = {978-1-4503-6545-1},
 location = {Barcelona, Spain},
 pages = {85--89},
 numpages = {5},
 url = {http://doi.acm.org/10.1145/3278252.3282285},
 doi = {10.1145/3278252.3282285},
 acmid = {3282285},
 publisher = {ACM},
 address = {New York, NY, USA},
 keywords = {Emotional Intelligence, Geriatric, Senior Care Management, Senior Tourism, TEIQuest, Vavra's IG},
}

@inproceedings{Robinson:2014:CEI:2662253.2662255,
 author = {Robinson, Peter},
 title = {Computers with Emotional Intelligence},
 booktitle = {Proceedings of the XV International Conference on Human Computer Interaction},
 series = {Interacci\&\#243;n '14},
 year = {2014},
 isbn = {978-1-4503-2880-7},
 location = {Puerto de la Cruz, Tenerife, Spain},
 pages = {2:1--2:1},
 articleno = {2},
 numpages = {1},
 url = {http://doi.acm.org/10.1145/2662253.2662255},
 doi = {10.1145/2662253.2662255},
 acmid = {2662255},
 publisher = {ACM},
 address = {New York, NY, USA},
}

@inproceedings{Sagha:2015:EII:2808196.2811643,
 author = {Sagha, Hesam and Coutinho, Eduardo and Schuller, Bj\"{o}rn},
 title = {Exploring the Importance of Individual Differences to the Automatic Estimation of Emotions Induced by Music},
 booktitle = {Proceedings of the 5th International Workshop on Audio/Visual Emotion Challenge},
 series = {AVEC '15},
 year = {2015},
 isbn = {978-1-4503-3743-4},
 location = {Brisbane, Australia},
 pages = {57--63},
 numpages = {7},
 url = {http://doi.acm.org/10.1145/2808196.2811643},
 doi = {10.1145/2808196.2811643},
 acmid = {2811643},
 publisher = {ACM},
 address = {New York, NY, USA},
 keywords = {affect induction, attention, emotional intelligence, mood states, music liking, perceived music emotion, personality, physiological signals},
}

@inproceedings{Yuan:2018:ELL:3180374.3181326,
 author = {Yuan, Ling and Vu, Manh-Cuong and Nguyen, Thi-Trang-Nhung},
 title = {Ethical Leadership, Leader-member Exchange and Voice Behavior: Test of Mediation and Moderation Processes},
 booktitle = {Proceedings of the 2018 2Nd International Conference on Management Engineering, Software Engineering and Service Sciences},
 series = {ICMSS 2018},
 year = {2018},
 isbn = {978-1-4503-5431-8},
 location = {Wuhan, China},
 pages = {33--42},
 numpages = {10},
 url = {http://doi.acm.org/10.1145/3180374.3181326},
 doi = {10.1145/3180374.3181326},
 acmid = {3181326},
 publisher = {ACM},
 address = {New York, NY, USA},
 keywords = {Ethical leadership, emotional intelligence, employee voice behavior, leader-member exchange (LMX)},
}

@inproceedings{Quinn-Hughes:2008:BNT:1449956.1449960,
 author = {Quinn-Hughes, Kelly D. and Fisher, Deborah J. and Dooling, Cindy},
 title = {Blaze a New Trail to Success with Emotional Intelligence},
 booktitle = {Proceedings of the 36th  Annual ACM SIGUCCS Fall Conference: Moving Mountains, Blazing Trails},
 series = {SIGUCCS '08},
 year = {2008},
 isbn = {978-1-60558-074-6},
 location = {Portland, OR, USA},
 pages = {3--8},
 numpages = {6},
 url = {http://doi.acm.org/10.1145/1449956.1449960},
 doi = {10.1145/1449956.1449960},
 acmid = {1449960},
 publisher = {ACM},
 address = {New York, NY, USA},
 keywords = {behavior management, cognition, emotion, emotional intelligence, self-awareness, self-confidence, self-esteem, social awareness},
}

@inproceedings{Garcia-Sanjuan:2015:MEF:2829875.2829880,
 author = {Garcia-Sanjuan, Fernando and Jaen, Javier and Catala, Alejandro},
 title = {Multi-Display Environments to Foster Emotional Intelligence in Hospitalized Children},
 booktitle = {Proceedings of the XVI International Conference on Human Computer Interaction},
 series = {Interacci\&\#243;n '15},
 year = {2015},
 isbn = {978-1-4503-3463-1},
 location = {Vilanova i la Geltru, Spain},
 pages = {13:1--13:2},
 articleno = {13},
 numpages = {2},
 url = {http://doi.acm.org/10.1145/2829875.2829880},
 doi = {10.1145/2829875.2829880},
 acmid = {2829880},
 publisher = {ACM},
 address = {New York, NY, USA},
 keywords = {Child-Computer Interaction, Emotional Intelligence, Hospitalization, Multi-Display Environments (MDE), Socialization},
}

@inproceedings{Ramnani:2014:MIE:2668056.2668059,
 author = {Ramnani, Sweety and Gorthi, Ravi Prakash},
 title = {A Model to Incorporate Emotional Sensitivity into Human Computer Interactions},
 booktitle = {Proceedings of the 2014 Workshop on Emotion Representation and Modelling in Human-Computer-Interaction-Systems},
 series = {ERM4HCI '14},
 year = {2014},
 isbn = {978-1-4503-0124-4},
 location = {Istanbul, Turkey},
 pages = {25--30},
 numpages = {6},
 url = {http://doi.acm.org/10.1145/2668056.2668059},
 doi = {10.1145/2668056.2668059},
 acmid = {2668059},
 publisher = {ACM},
 address = {New York, NY, USA},
 keywords = {HCI, context identification, dialogue manager, emotions, intelligent interface design, intentions recognition, sentiment analysis},
}

@inproceedings{Lewis:2008:TSS:1404520.1404530,
 author = {Lewis, Tracy L. and Smith, Wanda J. and B{\'e}langer, France and Harrington, K. Vernard},
 title = {Are Technical and Soft Skills Required?: The Use of Structural Equation Modeling to Examine Factors Leading to Retention in the Cs Major},
 booktitle = {Proceedings of the Fourth International Workshop on Computing Education Research},
 series = {ICER '08},
 year = {2008},
 isbn = {978-1-60558-216-0},
 location = {Sydney, Australia},
 pages = {91--100},
 numpages = {10},
 url = {http://doi.acm.org/10.1145/1404520.1404530},
 doi = {10.1145/1404520.1404530},
 acmid = {1404530},
 publisher = {ACM},
 address = {New York, NY, USA},
 keywords = {CS student attrition, CS students, emotional intelligence, persistence, retention, soft skills, structural equation modeling, technical skills},
}

@inproceedings{Yang:2017:PEI:3027063.3053163,
 author = {Yang, Yang and Ma, Xiaojuan and Fung, Pascale},
 title = {Perceived Emotional Intelligence in Virtual Agents},
 booktitle = {Proceedings of the 2017 CHI Conference Extended Abstracts on Human Factors in Computing Systems},
 series = {CHI EA '17},
 year = {2017},
 isbn = {978-1-4503-4656-6},
 location = {Denver, Colorado, USA},
 pages = {2255--2262},
 numpages = {8},
 url = {http://doi.acm.org/10.1145/3027063.3053163},
 doi = {10.1145/3027063.3053163},
 acmid = {3053163},
 publisher = {ACM},
 address = {New York, NY, USA},
 keywords = {emotional intelligence, emotions, interactive dialog system, virtual agent speech and language interaction},
}

@article{Slovak:2015:TDS:2798442.2744195,
 author = {Slov\'{a}k, Petr and Fitzpatrick, Geraldine},
 title = {Teaching and Developing Social and Emotional Skills with Technology},
 journal = {ACM Trans. Comput.-Hum. Interact.},
 issue_date = {July 2015},
 volume = {22},
 number = {4},
 month = jun,
 year = {2015},
 issn = {1073-0516},
 pages = {19:1--19:34},
 articleno = {19},
 numpages = {34},
 url = {http://doi.acm.org/10.1145/2744195},
 doi = {10.1145/2744195},
 acmid = {2744195},
 publisher = {ACM},
 address = {New York, NY, USA},
 keywords = {Review, SEL, behavior change, child development, education, emotional intelligence, empathy, reflection, social emotional learning, soft skills, technology supported learning},
}

@inproceedings{Liew:2017:CCP:3027063.3048423,
 author = {Liew, Chin Chooi},
 title = {CUPA: Cube Pal for Developing Children's Emotional Intelligence and Parent-Child Relationship},
 booktitle = {Proceedings of the 2017 CHI Conference Extended Abstracts on Human Factors in Computing Systems},
 series = {CHI EA '17},
 year = {2017},
 isbn = {978-1-4503-4656-6},
 location = {Denver, Colorado, USA},
 pages = {124--129},
 numpages = {6},
 url = {http://doi.acm.org/10.1145/3027063.3048423},
 doi = {10.1145/3027063.3048423},
 acmid = {3048423},
 publisher = {ACM},
 address = {New York, NY, USA},
 keywords = {companion, emotional awareness, emotional intelligence, interaction with children, interoception, mindfulness, parent-child relationship, ritual and routine, social and emotional development},
}

@inproceedings{Al-Omair:2018:CSD:3297067.3297079,
 author = {Al-Omair, Osamah M. and Huang, Shihong},
 title = {A Comparative Study on Detection Accuracy of Cloud-Based Emotion Recognition Services},
 booktitle = {Proceedings of the 2018 International Conference on Signal Processing and Machine Learning},
 series = {SPML '18},
 year = {2018},
 isbn = {978-1-4503-6605-2},
 location = {Shanghai, China},
 pages = {142--148},
 numpages = {7},
 url = {http://doi.acm.org/10.1145/3297067.3297079},
 doi = {10.1145/3297067.3297079},
 acmid = {3297079},
 publisher = {ACM},
 address = {New York, NY, USA},
 keywords = {Affective computing, Co-adaptive systems, Emotion recognition, Facial expression recognition, Human-computer interaction, Machine emotional intelligence, Machine learning},
}

@inproceedings{Picard:2009:REI:1514095.1514098,
 author = {Picard, Rosalind W.},
 title = {Robots with Emotional Intelligence},
 booktitle = {Proceedings of the 4th ACM/IEEE International Conference on Human Robot Interaction},
 series = {HRI '09},
 year = {2009},
 isbn = {978-1-60558-404-1},
 location = {La Jolla, California, USA},
 pages = {5--6},
 numpages = {2},
 url = {http://doi.acm.org/10.1145/1514095.1514098},
 doi = {10.1145/1514095.1514098},
 acmid = {1514098},
 publisher = {ACM},
 address = {New York, NY, USA},
 keywords = {affective computing, autism, deception detection, emotion recognition, emotional intelligence, empathic technology, facial expression recognition, physiological sensing, prosody analysis, system},
}

@inproceedings{El-Nasr:1999:PPE:301136.301150,
 author = {El-Nasr, Magy Seif and Ioerger, Thomas R. and Yen, John},
 title = {PETEEI: A PET with Evolving Emotional Intelligence},
 booktitle = {Proceedings of the Third Annual Conference on Autonomous Agents},
 series = {AGENTS '99},
 year = {1999},
 isbn = {1-58113-066-X},
 location = {Seattle, Washington, USA},
 pages = {9--15},
 numpages = {7},
 url = {http://doi.acm.org/10.1145/301136.301150},
 doi = {10.1145/301136.301150},
 acmid = {301150},
 publisher = {ACM},
 address = {New York, NY, USA},
}

@inproceedings{Bryant:2019:TEI:3306618.3314319,
 author = {Bryant, De'Aira},
 title = {Towards Emotional Intelligence in Social Robots Designed for Children},
 booktitle = {Proceedings of the 2019 AAAI/ACM Conference on AI, Ethics, and Society},
 series = {AIES '19},
 year = {2019},
 isbn = {978-1-4503-6324-2},
 location = {Honolulu, HI, USA},
 pages = {547--548},
 numpages = {2},
 url = {http://doi.acm.org/10.1145/3306618.3314319},
 doi = {10.1145/3306618.3314319},
 acmid = {3314319},
 publisher = {ACM},
 address = {New York, NY, USA},
 keywords = {affective computing, algorithm transparency, children, emotion classification, emotion recognition, human-robot interaction},
}

@article{Cotler:2018:LEI:3205191.3205211,
 author = {Cotler, Jami L. and Cusack, Matthew},
 title = {Leveraging Emotional Intelligence (Soft Skills) to Maximize Career Success for Computer Science Students},
 journal = {J. Comput. Sci. Coll.},
 issue_date = {June 2018},
 volume = {33},
 number = {6},
 month = jun,
 year = {2018},
 issn = {1937-4771},
 pages = {148--153},
 numpages = {6},
 url = {http://dl.acm.org/citation.cfm?id=3205191.3205211},
 acmid = {3205211},
 publisher = {Consortium for Computing Sciences in Colleges},
 address = {USA},
}

@inproceedings{Hoey:2017:SSH:3134230.3134243,
 author = {Hoey, Jesse},
 title = {Smarter Smart Homes with Social and Emotional Intelligence},
 booktitle = {Proceedings of the 4th International Workshop on Sensor-based Activity Recognition and Interaction},
 series = {iWOAR '17},
 year = {2017},
 isbn = {978-1-4503-5223-9},
 location = {Rostock, Germany},
 pages = {1:1--1:1},
 articleno = {1},
 numpages = {1},
 url = {http://doi.acm.org/10.1145/3134230.3134243},
 doi = {10.1145/3134230.3134243},
 acmid = {3134243},
 publisher = {ACM},
 address = {New York, NY, USA},
 keywords = {Affect Control Theory, Affective Computing, Alzheimer's, Assistive Technology, Social Computing},
}

@article{Powell:2018:NEI:3144687.3144708,
 author = {Powell, Loreen and Hendon, Michalina},
 title = {The Need for an Emotional Intelligence for Information Technology Course: Framework for Educators and Academic Institutions},
 journal = {J. Comput. Sci. Coll.},
 issue_date = {January 2018},
 volume = {33},
 number = {3},
 month = jan,
 year = {2018},
 issn = {1937-4771},
 pages = {72--72},
 numpages = {1},
 url = {http://dl.acm.org/citation.cfm?id=3144687.3144708},
 acmid = {3144708},
 publisher = {Consortium for Computing Sciences in Colleges},
 address = {USA},
}

@inproceedings{Yun:2017:MSM:3154943.3154957,
 author = {Yun, Woobin and Kim, Dongsung and Kim, Jongwoo},
 title = {Multi-categorical Social Media Sentiment Analysis of Corporate Events},
 booktitle = {Proceedings of the International Conference on Electronic Commerce},
 series = {ICEC '17},
 year = {2017},
 isbn = {978-1-4503-5312-0},
 location = {Pangyo, Seongnam, Republic of Korea},
 pages = {9:1--9:8},
 articleno = {9},
 numpages = {8},
 url = {http://doi.acm.org/10.1145/3154943.3154957},
 doi = {10.1145/3154943.3154957},
 acmid = {3154957},
 publisher = {ACM},
 address = {New York, NY, USA},
 keywords = {event analysis, multi-categorical lexicon, sentiment analysis, text mining},
}

@inproceedings{Feigenblat:2016:IUY:2818052.2874316,
 author = {Feigenblat, Guy and Konopnicki, David and Shmueli\&\#45;Scheuer, Michal and Herzig, Jonathan and Shkedi, Hen},
 title = {I Understand Your Frustration},
 booktitle = {Proceedings of the 19th ACM Conference on Computer Supported Cooperative Work and Social Computing Companion},
 series = {CSCW '16 Companion},
 year = {2016},
 isbn = {978-1-4503-3950-6},
 location = {San Francisco, California, USA},
 pages = {25--28},
 numpages = {4},
 url = {http://doi.acm.org/10.1145/2818052.2874316},
 doi = {10.1145/2818052.2874316},
 acmid = {2874316},
 publisher = {ACM},
 address = {New York, NY, USA},
 keywords = {Affective computing, Conversation, Dialog, Emotions, Virtual agent},
}

@article{Smith:2007:TPC:1345375.1345429,
 author = {Smith, Wanda J. and B{\'e}langer, France and Lewis, Tracy L. and Honaker, Kristi},
 title = {Training to Persist in Computing Careers},
 journal = {SIGCSE Bull.},
 issue_date = {December 2007},
 volume = {39},
 number = {4},
 month = dec,
 year = {2007},
 issn = {0097-8418},
 pages = {119--120},
 numpages = {2},
 url = {http://doi.acm.org/10.1145/1345375.1345429},
 doi = {10.1145/1345375.1345429},
 acmid = {1345429},
 publisher = {ACM},
 address = {New York, NY, USA},
 keywords = {IT resilience, IT students, retention strategies, soft skills},
}

@inproceedings{Sandbank:2017:EME:3030024.3038260,
 author = {Sandbank, Tommy and Shmueli-Scheuer, Michal and Herzig, Jonathan and Konopnicki, David and Shaul, Rottem},
 title = {EHCTool: Managing Emotional Hotspots for Conversational Agents},
 booktitle = {Proceedings of the 22Nd International Conference on Intelligent User Interfaces Companion},
 series = {IUI '17 Companion},
 year = {2017},
 isbn = {978-1-4503-4893-5},
 location = {Limassol, Cyprus},
 pages = {125--128},
 numpages = {4},
 url = {http://doi.acm.org/10.1145/3030024.3038260},
 doi = {10.1145/3030024.3038260},
 acmid = {3038260},
 publisher = {ACM},
 address = {New York, NY, USA},
 keywords = {conversational agent, emotions, tooling},
}

@inproceedings{Smith:2007:FRR:1235000.1235017,
 author = {Smith, Wanda J. and B{\'e}langer, France and Lewis, Tracy and Honaker, Kristi},
 title = {Fostering Resilience in IT: A Resource Toolkit for Faculty},
 booktitle = {Proceedings of the 2007 ACM SIGMIS CPR Conference on Computer Personnel Research: The Global Information Technology Workforce},
 series = {SIGMIS CPR '07},
 year = {2007},
 isbn = {978-1-59593-641-7},
 location = {St. Louis, Missouri, USA},
 pages = {76--77},
 numpages = {2},
 url = {http://doi.acm.org/10.1145/1235000.1235017},
 doi = {10.1145/1235000.1235017},
 acmid = {1235017},
 publisher = {ACM},
 address = {New York, NY, USA},
 keywords = {IT resilience, IT students, soft skills, tutorial},
}

@inproceedings{Liu:2016:TTA:2901790.2901896,
 author = {Liu, Xin and London, Kati},
 title = {T.A.I: A Tangible AI Interface to Enhance Human-Artificial Intelligence (AI) Communication Beyond the Screen},
 booktitle = {Proceedings of the 2016 ACM Conference on Designing Interactive Systems},
 series = {DIS '16},
 year = {2016},
 isbn = {978-1-4503-4031-1},
 location = {Brisbane, QLD, Australia},
 pages = {281--285},
 numpages = {5},
 url = {http://doi.acm.org/10.1145/2901790.2901896},
 doi = {10.1145/2901790.2901896},
 acmid = {2901896},
 publisher = {ACM},
 address = {New York, NY, USA},
 keywords = {affective communication, shape-changing interface, social agent, tangible interface},
}

@inproceedings{vandenBroek:2010:UAS:1931344.1931350,
 author = {van den Broek, Egon L. and Nijholt, Anton and Westerink, Joyce H. D. M.},
 title = {Unveiling Affective Signals},
 booktitle = {Proceedings of the 7th International Conference on Methods and Techniques in Behavioral Research},
 series = {MB '10},
 year = {2010},
 isbn = {978-1-60558-926-8},
 location = {Eindhoven, The Netherlands},
 pages = {6:1--6:4},
 articleno = {6},
 numpages = {4},
 url = {http://doi.acm.org/10.1145/1931344.1931350},
 doi = {10.1145/1931344.1931350},
 acmid = {1931350},
 publisher = {ACM},
 address = {New York, NY, USA},
 keywords = {affect, affective computing, emotion, methods, pattern recognition, signal processing},
}

@inproceedings{Pantic:2005:AMH:1101149.1101299,
 author = {Pantic, Maja and Sebe, Nicu and Cohn, Jeffrey F. and Huang, Thomas},
 title = {Affective Multimodal Human-computer Interaction},
 booktitle = {Proceedings of the 13th Annual ACM International Conference on Multimedia},
 series = {MULTIMEDIA '05},
 year = {2005},
 isbn = {1-59593-044-2},
 location = {Hilton, Singapore},
 pages = {669--676},
 numpages = {8},
 url = {http://doi.acm.org/10.1145/1101149.1101299},
 doi = {10.1145/1101149.1101299},
 acmid = {1101299},
 publisher = {ACM},
 address = {New York, NY, USA},
 keywords = {affective computing, multimodal human-computer interaction},
}

@inproceedings{Schuller:2015:MUA:2678025.2716265,
 author = {Schuller, Bj\"{o}rn W.},
 title = {Modelling User Affect and Sentiment in Intelligent User Interfaces: A Tutorial Overview},
 booktitle = {Proceedings of the 20th International Conference on Intelligent User Interfaces},
 series = {IUI '15},
 year = {2015},
 isbn = {978-1-4503-3306-1},
 location = {Atlanta, Georgia, USA},
 pages = {443--446},
 numpages = {4},
 url = {http://doi.acm.org/10.1145/2678025.2716265},
 doi = {10.1145/2678025.2716265},
 acmid = {2716265},
 publisher = {ACM},
 address = {New York, NY, USA},
 keywords = {affective computing, intelligent interaction, opinion mining, sentiment analysis},
}

@inproceedings{Spencer:2018:DOS:3284869.3284897,
 author = {Spencer, Jak and Poggi, Juliette and Gheerawo, Rama},
 title = {Designing Out Stereotypes in Artificial Intelligence: Involving Users in the Personality Design of a Digital Assistant},
 booktitle = {Proceedings of the 4th EAI International Conference on Smart Objects and Technologies for Social Good},
 series = {Goodtechs '18},
 year = {2018},
 isbn = {978-1-4503-6581-9},
 location = {Bologna, Italy},
 pages = {130--135},
 numpages = {6},
 url = {http://doi.acm.org/10.1145/3284869.3284897},
 doi = {10.1145/3284869.3284897},
 acmid = {3284897},
 publisher = {ACM},
 address = {New York, NY, USA},
 keywords = {Digital Assistants, Human computer interaction, Interaction Design},
}

@inproceedings{Helgason:2012:BHI:2399016.2399142,
 author = {Helgason, Ingi},
 title = {Beat Haiku: Interactive Poetry Application},
 booktitle = {Proceedings of the 7th Nordic Conference on Human-Computer Interaction: Making Sense Through Design},
 series = {NordiCHI '12},
 year = {2012},
 isbn = {978-1-4503-1482-4},
 location = {Copenhagen, Denmark},
 pages = {777--778},
 numpages = {2},
 url = {http://doi.acm.org/10.1145/2399016.2399142},
 doi = {10.1145/2399016.2399142},
 acmid = {2399142},
 publisher = {ACM},
 address = {New York, NY, USA},
 keywords = {engagement, evaluation, experience design, interactive installations, optional interaction, public spaces},
}

@inproceedings{Picard:2014:AMW:2647868.2647959,
 author = {Picard, Rosalind},
 title = {Affective Media and Wearables: Surprising Findings},
 booktitle = {Proceedings of the 22Nd ACM International Conference on Multimedia},
 series = {MM '14},
 year = {2014},
 isbn = {978-1-4503-3063-3},
 location = {Orlando, Florida, USA},
 pages = {3--4},
 numpages = {2},
 url = {http://doi.acm.org/10.1145/2647868.2647959},
 doi = {10.1145/2647868.2647959},
 acmid = {2647959},
 publisher = {ACM},
 address = {New York, NY, USA},
 keywords = {affective computing, autonomic nervous system, emotion, measuring engagement, stress and frustration, wearable sensors},
}

@inproceedings{Willis:2007:EIU:1324892.1324928,
 author = {Willis, Matthew},
 title = {An Emotionally Intelligent User Interface: Modelling Emotion for User Engagement},
 booktitle = {Proceedings of the 19th Australasian Conference on Computer-Human Interaction: Entertaining User Interfaces},
 series = {OZCHI '07},
 year = {2007},
 isbn = {978-1-59593-872-5},
 location = {Adelaide, Australia},
 pages = {187--190},
 numpages = {4},
 url = {http://doi.acm.org/10.1145/1324892.1324928},
 doi = {10.1145/1324892.1324928},
 acmid = {1324928},
 publisher = {ACM},
 address = {New York, NY, USA},
 keywords = {engagement, human-computer interaction, interaction design, vision system},
}

@inproceedings{Ammar:2006:MBS:1374296.1374340,
 author = {Ammar, Mohamed Ben and Neji, Mahmoud},
 title = {A Multi-agent Based System for Affective Peer-e-learning},
 booktitle = {Proceedings of the 2Nd International Conference on Mobile Multimedia Communications},
 series = {MobiMedia '06},
 year = {2006},
 isbn = {1-59593-517-7},
 location = {Alghero, Italy},
 pages = {40:1--40:6},
 articleno = {40},
 numpages = {6},
 url = {http://doi.acm.org/10.1145/1374296.1374340},
 doi = {10.1145/1374296.1374340},
 acmid = {1374340},
 publisher = {ACM},
 address = {New York, NY, USA},
 keywords = {e-learning environment, facial interaction, multi-agents architecture, peer to peer e-learning},
}

@inproceedings{Willis:2008:RSS:1514402.1514410,
 author = {Willis, Matthew},
 title = {RoboCup As a Spectator Sport: Simulating Emotional Response in the Four-legged League},
 booktitle = {Proceedings of the 5th Australasian Conference on Interactive Entertainment},
 series = {IE '08},
 year = {2008},
 isbn = {978-1-60558-424-9},
 location = {Brisbane, Queensland, Australia},
 pages = {8:1--8:6},
 articleno = {8},
 numpages = {6},
 url = {http://doi.acm.org/10.1145/1514402.1514410},
 doi = {10.1145/1514402.1514410},
 acmid = {1514410},
 publisher = {ACM},
 address = {New York, NY, USA},
 keywords = {RoboCup, Sony Aibo, human-computer interaction, human-robot interaction, robot soccer, robots},
}

@inproceedings{Marczewski:2017:LTF:3126686.3126735,
 author = {Marczewski, Alison and Veloso, Adriano and Ziviani, Nivio},
 title = {Learning Transferable Features for Speech Emotion Recognition},
 booktitle = {Proceedings of the on Thematic Workshops of ACM Multimedia 2017},
 series = {Thematic Workshops '17},
 year = {2017},
 isbn = {978-1-4503-5416-5},
 location = {Mountain View, California, USA},
 pages = {529--536},
 numpages = {8},
 url = {http://doi.acm.org/10.1145/3126686.3126735},
 doi = {10.1145/3126686.3126735},
 acmid = {3126735},
 publisher = {ACM},
 address = {New York, NY, USA},
 keywords = {affective computing, deep learning, emotion recognition},
}

@inproceedings{MacLean:2017:THD:3132272.3135071,
 author = {MacLean, Karon},
 title = {Taking Haptic Design from Research to Practice},
 booktitle = {Proceedings of the 2017 ACM International Conference on Interactive Surfaces and Spaces},
 series = {ISS '17},
 year = {2017},
 isbn = {978-1-4503-4691-7},
 location = {Brighton, United Kingdom},
 pages = {1--1},
 numpages = {1},
 url = {http://doi.acm.org/10.1145/3132272.3135071},
 doi = {10.1145/3132272.3135071},
 acmid = {3135071},
 publisher = {ACM},
 address = {New York, NY, USA},
}

@inproceedings{Chao-Fernandez:2016:IIL:3012430.3012626,
 author = {Chao-Fern\'{a}ndez, Roc\'{\i}o and Mato-V\'{a}zquez, Dorinda and L\'{o}pez-Chao, Vicente A.},
 title = {ICT As an Interdisciplinary Learning Platform of Mathematics, Music and Arts in Secondary Education},
 booktitle = {Proceedings of the Fourth International Conference on Technological Ecosystems for Enhancing Multiculturality},
 series = {TEEM '16},
 year = {2016},
 isbn = {978-1-4503-4747-1},
 location = {Salamanca, Spain},
 pages = {919--923},
 numpages = {5},
 url = {http://doi.acm.org/10.1145/3012430.3012626},
 doi = {10.1145/3012430.3012626},
 acmid = {3012626},
 publisher = {ACM},
 address = {New York, NY, USA},
 keywords = {ICT, digital content, learning technologies, secondary education, teaching materials, website platform},
}

@inproceedings{Kalamkar:2011:ERT:1980022.1980177,
 author = {Kalamkar, N. B. and Ali, M. S.},
 title = {Emotion Recognition Through Facial Expression Analysis Using Neuro-fuzzy System},
 booktitle = {Proceedings of the International Conference \&\#38; Workshop on Emerging Trends in Technology},
 series = {ICWET '11},
 year = {2011},
 isbn = {978-1-4503-0449-8},
 location = {Mumbai, Maharashtra, India},
 pages = {719--723},
 numpages = {5},
 url = {http://doi.acm.org/10.1145/1980022.1980177},
 doi = {10.1145/1980022.1980177},
 acmid = {1980177},
 publisher = {ACM},
 address = {New York, NY, USA},
 keywords = {artificial intelligence, artificial neural network (ANN), eigenvector and eigen face, emotions, event, expression evaluation, face, face recognition, facial expressions, feature extraction, feed forward back propagation neural network, model, personal, principal component analysis (PCA), recognition, soft computing, stimuli, testing images, thought, training images, visual stimuli},
}

@inproceedings{Paiva:2018:RLP:3209219.3209268,
 author = {Paiva, Ana},
 title = {Robots That Listen to People's Hearts: The Role of Emotions in the Communication Between Humans and Social Robots},
 booktitle = {Proceedings of the 26th Conference on User Modeling, Adaptation and Personalization},
 series = {UMAP '18},
 year = {2018},
 isbn = {978-1-4503-5589-6},
 location = {Singapore, Singapore},
 pages = {175--175},
 numpages = {1},
 url = {http://doi.acm.org/10.1145/3209219.3209268},
 doi = {10.1145/3209219.3209268},
 acmid = {3209268},
 publisher = {ACM},
 address = {New York, NY, USA},
}

@inproceedings{Fincias:2013:DEE:2536536.2536627,
 author = {Fincias, Patricia Torrijos and Mart\'{\i}n Izard, Juan Francisco},
 title = {Development and Evaluation of Emotional Competences in Secondary Education Teachers: Design of an Applied Research},
 booktitle = {Proceedings of the First International Conference on Technological Ecosystem for Enhancing Multiculturality},
 series = {TEEM '13},
 year = {2013},
 isbn = {978-1-4503-2345-1},
 location = {Salamanca, Spain},
 pages = {591--595},
 numpages = {5},
 url = {http://doi.acm.org/10.1145/2536536.2536627},
 doi = {10.1145/2536536.2536627},
 acmid = {2536627},
 publisher = {ACM},
 address = {New York, NY, USA},
 keywords = {lifelong learning, teacher competences, teacher training},
}

@inproceedings{Peterson:2003:PNI:947121.947127,
 author = {Peterson, Michael and Morneau, Keith and Saad, Ashraf},
 title = {Preparing the New Information Technology Professional in Virginia},
 booktitle = {Proceedings of the 4th Conference on Information Technology Curriculum},
 series = {CITC4 '03},
 year = {2003},
 isbn = {1-58113-770-2},
 location = {Lafayette, Indiana, USA},
 pages = {28--30},
 numpages = {3},
 url = {http://doi.acm.org/10.1145/947121.947127},
 doi = {10.1145/947121.947127},
 acmid = {947127},
 publisher = {ACM},
 address = {New York, NY, USA},
 keywords = {IT education in Virginia, NSF ATE Project, information technology education},
}

@article{Beck:2012:EBL:2133366.2133368,
 author = {Beck, Aryel and Stevens, Brett and Bard, Kim A. and Ca\~{n}amero, Lola},
 title = {Emotional Body Language Displayed by Artificial Agents},
 journal = {ACM Trans. Interact. Intell. Syst.},
 issue_date = {March 2012},
 volume = {2},
 number = {1},
 month = mar,
 year = {2012},
 issn = {2160-6455},
 pages = {2:1--2:29},
 articleno = {2},
 numpages = {29},
 url = {http://doi.acm.org/10.1145/2133366.2133368},
 doi = {10.1145/2133366.2133368},
 acmid = {2133368},
 publisher = {ACM},
 address = {New York, NY, USA},
 keywords = {Human computer interactions, emotional body language, human robot interactions},
}

