@inproceedings{Petersen:2015:EEQ:2828959.2828966,
 author = {Petersen, Andrew and Spacco, Jaime and Vihavainen, Arto},
 title = {An Exploration of Error Quotient in Multiple Contexts},
 booktitle = {Proceedings of the 15th Koli Calling Conference on Computing Education Research},
 series = {Koli Calling '15},
 year = {2015},
 isbn = {978-1-4503-4020-5},
 location = {Koli, Finland},
 pages = {77--86},
 numpages = {10},
 url = {http://doi.acm.org/10.1145/2828959.2828966},
 doi = {10.1145/2828959.2828966},
 acmid = {2828966},
 publisher = {ACM},
 address = {New York, NY, USA},
 keywords = {CS1, educational data mining, learning analytics, source code snapshot analysis},
}

@inproceedings{Watson:2014:NTR:2538862.2538930,
 author = {Watson, Christopher and Li, Frederick W.B. and Godwin, Jamie L.},
 title = {No Tests Required: Comparing Traditional and Dynamic Predictors of Programming Success},
 booktitle = {Proceedings of the 45th ACM Technical Symposium on Computer Science Education},
 series = {SIGCSE '14},
 year = {2014},
 isbn = {978-1-4503-2605-6},
 location = {Atlanta, Georgia, USA},
 pages = {469--474},
 numpages = {6},
 url = {http://doi.acm.org/10.1145/2538862.2538930},
 doi = {10.1145/2538862.2538930},
 acmid = {2538930},
 publisher = {ACM},
 address = {New York, NY, USA},
 keywords = {CS1, error quotient, learning strategies, learning styles, prediction, predictors of success, programming behavior, watwin},
}

@inproceedings{Carter:2015:NPS:2787622.2787710,
 author = {Carter, Adam S. and Hundhausen, Christopher D. and Adesope, Olusola},
 title = {The Normalized Programming State Model: Predicting Student Performance in Computing Courses Based on Programming Behavior},
 booktitle = {Proceedings of the Eleventh Annual International Conference on International Computing Education Research},
 series = {ICER '15},
 year = {2015},
 isbn = {978-1-4503-3630-7},
 location = {Omaha, Nebraska, USA},
 pages = {141--150},
 numpages = {10},
 url = {http://doi.acm.org/10.1145/2787622.2787710},
 doi = {10.1145/2787622.2787710},
 acmid = {2787710},
 publisher = {ACM},
 address = {New York, NY, USA},
 keywords = {educational data mining, error quotient, learning analytics, normalized programming state model, predictive measures of student performance and achievement, watwin score},
}

@inproceedings{Becker:2016:NMQ:2899415.2899463,
 author = {Becker, Brett A.},
 title = {A New Metric to Quantify Repeated Compiler Errors for Novice Programmers},
 booktitle = {Proceedings of the 2016 ACM Conference on Innovation and Technology in Computer Science Education},
 series = {ITiCSE '16},
 year = {2016},
 isbn = {978-1-4503-4231-5},
 location = {Arequipa, Peru},
 pages = {296--301},
 numpages = {6},
 url = {http://doi.acm.org/10.1145/2899415.2899463},
 doi = {10.1145/2899415.2899463},
 acmid = {2899463},
 publisher = {ACM},
 address = {New York, NY, USA},
 keywords = {compiler errors, consecutive errors, cs1, debugging, eq, error messages, error quotient, errors, feedback, java, novice, programming, repeated errors, syntax errors},
}

@inproceedings{Ahadi:2018:SEB:3197091.3197121,
 author = {Ahadi, Alireza and Lister, Raymond and Mathieson, Luke},
 title = {Syntax Error Based Quantification of the Learning Progress of the Novice Programmer},
 booktitle = {Proceedings of the 23rd Annual ACM Conference on Innovation and Technology in Computer Science Education},
 series = {ITiCSE 2018},
 year = {2018},
 isbn = {978-1-4503-5707-4},
 location = {Larnaca, Cyprus},
 pages = {10--14},
 numpages = {5},
 url = {http://doi.acm.org/10.1145/3197091.3197121},
 doi = {10.1145/3197091.3197121},
 acmid = {3197121},
 publisher = {ACM},
 address = {New York, NY, USA},
 keywords = {programming, replication, semantic errors, student mistakes, syntactic errors},
}

@inproceedings{Jadud:2015:ACB:2787622.2787718,
 author = {Jadud, Matthew C. and Dorn, Brian},
 title = {Aggregate Compilation Behavior: Findings and Implications from 27,698 Users},
 booktitle = {Proceedings of the Eleventh Annual International Conference on International Computing Education Research},
 series = {ICER '15},
 year = {2015},
 isbn = {978-1-4503-3630-7},
 location = {Omaha, Nebraska, USA},
 pages = {131--139},
 numpages = {9},
 url = {http://doi.acm.org/10.1145/2787622.2787718},
 doi = {10.1145/2787622.2787718},
 acmid = {2787718},
 publisher = {ACM},
 address = {New York, NY, USA},
 keywords = {blackbox, bluej, novice compilation behavior},
}

