@inproceedings{Khan:2012:IEL:2157136.2157445,
 author = {Khan, Arshia A. and Lichtenberg, Tammy and Dhody, Rishika and Poualeu, Joel},
 title = {Integration of Experiential Learning and Teaching: Beyond the Walls of the Classroom, Techniques, Challenges and Merits (Abstract Only)},
 booktitle = {Proceedings of the 43rd ACM Technical Symposium on Computer Science Education},
 series = {SIGCSE '12},
 year = {2012},
 isbn = {978-1-4503-1098-7},
 location = {Raleigh, North Carolina, USA},
 pages = {683--683},
 numpages = {1},
 url = {http://doi.acm.org/10.1145/2157136.2157445},
 doi = {10.1145/2157136.2157445},
 acmid = {2157445},
 publisher = {ACM},
 address = {New York, NY, USA},
 keywords = {experiential learning},
}

@inproceedings{Spencer:2007:TAN:1409908.1409940,
 author = {Spencer, Wesley},
 title = {Teaching Advanced Network Security Concepts to High School Students in a Laboratory-based Summer Camp Environment},
 booktitle = {Proceedings of the 4th Annual Conference on Information Security Curriculum Development},
 series = {InfoSecCD '07},
 year = {2007},
 isbn = {978-1-59593-909-8},
 location = {Kennesaw, Georgia},
 pages = {29:1--29:7},
 articleno = {29},
 numpages = {7},
 url = {http://doi.acm.org/10.1145/1409908.1409940},
 doi = {10.1145/1409908.1409940},
 acmid = {1409940},
 publisher = {ACM},
 address = {New York, NY, USA},
 keywords = {experiential learning, security education},
}

@inproceedings{Brown:2014:AUT:2538862.2538964,
 author = {Brown, Christopher and Pastel, Robert and Seigel, Marika and Wallace, Charles and Ott, Linda},
 title = {Adding Unit Test Experience to a Usability Centered Project Course},
 booktitle = {Proceedings of the 45th ACM Technical Symposium on Computer Science Education},
 series = {SIGCSE '14},
 year = {2014},
 isbn = {978-1-4503-2605-6},
 location = {Atlanta, Georgia, USA},
 pages = {259--264},
 numpages = {6},
 url = {http://doi.acm.org/10.1145/2538862.2538964},
 doi = {10.1145/2538862.2538964},
 acmid = {2538964},
 publisher = {ACM},
 address = {New York, NY, USA},
 keywords = {HCI, experiential learning, unit testing},
}

@inproceedings{Derbinsky:2017:SMI:3017680.3022346,
 author = {Derbinsky, Nate and Suresh, Durga},
 title = {Sustainable Methods for Impactful Service Learning in Computer Science (Abstract Only)},
 booktitle = {Proceedings of the 2017 ACM SIGCSE Technical Symposium on Computer Science Education},
 series = {SIGCSE '17},
 year = {2017},
 isbn = {978-1-4503-4698-6},
 location = {Seattle, Washington, USA},
 pages = {723--723},
 numpages = {1},
 url = {http://doi.acm.org/10.1145/3017680.3022346},
 doi = {10.1145/3017680.3022346},
 acmid = {3022346},
 publisher = {ACM},
 address = {New York, NY, USA},
 keywords = {curriculum, experiential learning, service learning},
}

@inproceedings{Chattratichart:2007:TAD:1240866.1240890,
 author = {Chattratichart, Jarinee},
 title = {A Theory-based Approach to Designing Student Learning Context},
 booktitle = {CHI '07 Extended Abstracts on Human Factors in Computing Systems},
 series = {CHI EA '07},
 year = {2007},
 isbn = {978-1-59593-642-4},
 location = {San Jose, CA, USA},
 pages = {1721--1728},
 numpages = {8},
 url = {http://doi.acm.org/10.1145/1240866.1240890},
 doi = {10.1145/1240866.1240890},
 acmid = {1240890},
 publisher = {ACM},
 address = {New York, NY, USA},
 keywords = {HCI education, Kolb's experiential learning},
}

@inproceedings{Gorka:2007:DRC:1324302.1324309,
 author = {Gorka, Sandra and Miller, Jacob R. and Howe, Brandon J.},
 title = {Developing Realistic Capstone Projects in Conjunction with Industry},
 booktitle = {Proceedings of the 8th ACM SIGITE Conference on Information Technology Education},
 series = {SIGITE '07},
 year = {2007},
 isbn = {978-1-59593-920-3},
 location = {Destin, Florida, USA},
 pages = {27--32},
 numpages = {6},
 url = {http://doi.acm.org/10.1145/1324302.1324309},
 doi = {10.1145/1324302.1324309},
 acmid = {1324309},
 publisher = {ACM},
 address = {New York, NY, USA},
 keywords = {accreditation, capstone, curriculum, experiential learning},
}

@inproceedings{Twitchell:2007:SMG:1409908.1409919,
 author = {Twitchell, Douglas P.},
 title = {SecurityCom: A Multi-player Game for Researching and Teaching Information Security Teams},
 booktitle = {Proceedings of the 4th Annual Conference on Information Security Curriculum Development},
 series = {InfoSecCD '07},
 year = {2007},
 isbn = {978-1-59593-909-8},
 location = {Kennesaw, Georgia},
 pages = {10:1--10:1},
 articleno = {10},
 numpages = {1},
 url = {http://doi.acm.org/10.1145/1409908.1409919},
 doi = {10.1145/1409908.1409919},
 acmid = {1409919},
 publisher = {ACM},
 address = {New York, NY, USA},
 keywords = {experiential learning, gaming, security education},
}

@article{Bakar:2011:FMC:1963533.1963534,
 author = {Bakar, Ahmad Zaki Abu},
 title = {The Forgotten Majority of Computing Have-nots},
 journal = {ACM Inroads},
 issue_date = {June 2011},
 volume = {2},
 number = {2},
 month = jun,
 year = {2011},
 issn = {2153-2184},
 pages = {4--10},
 numpages = {7},
 url = {http://doi.acm.org/10.1145/1963533.1963534},
 doi = {10.1145/1963533.1963534},
 acmid = {1963534},
 publisher = {ACM},
 address = {New York, NY, USA},
 keywords = {Digital disparity, curriculum design, experiential learning},
}

@inproceedings{Burke:2018:USD:3159450.3159485,
 author = {Burke, Quinn and Bailey, Cinamon and Lyon, Louise Ann and Green, Emily},
 title = {Understanding the Software Development Industry's Perspective on Coding Boot Camps Versus Traditional 4-year Colleges},
 booktitle = {Proceedings of the 49th ACM Technical Symposium on Computer Science Education},
 series = {SIGCSE '18},
 year = {2018},
 isbn = {978-1-4503-5103-4},
 location = {Baltimore, Maryland, USA},
 pages = {503--508},
 numpages = {6},
 url = {http://doi.acm.org/10.1145/3159450.3159485},
 doi = {10.1145/3159450.3159485},
 acmid = {3159485},
 publisher = {ACM},
 address = {New York, NY, USA},
 keywords = {coding boot camps, experiential learning, industry needs},
}

@inproceedings{Homkes:2008:AS:1414558.1414564,
 author = {Homkes, Rick},
 title = {Assessing It Service-learning},
 booktitle = {Proceedings of the 9th ACM SIGITE Conference on Information Technology Education},
 series = {SIGITE '08},
 year = {2008},
 isbn = {978-1-60558-329-7},
 location = {Cincinnati, OH, USA},
 pages = {17--22},
 numpages = {6},
 url = {http://doi.acm.org/10.1145/1414558.1414564},
 doi = {10.1145/1414558.1414564},
 acmid = {1414564},
 publisher = {ACM},
 address = {New York, NY, USA},
 keywords = {experiential learning, problem-based learning, service-learning},
}

@inproceedings{Shaw:2005:EES:1082424.1082441,
 author = {Shaw, Katherine and Dermoudy, Julian},
 title = {Engendering an Empathy for Software Engineering},
 booktitle = {Proceedings of the 7th Australasian Conference on Computing Education - Volume 42},
 series = {ACE '05},
 year = {2005},
 isbn = {1-920682-24-4},
 location = {Newcastle, New South Wales, Australia},
 pages = {135--144},
 numpages = {10},
 url = {http://dl.acm.org/citation.cfm?id=1082424.1082441},
 acmid = {1082441},
 publisher = {Australian Computer Society, Inc.},
 address = {Darlinghurst, Australia, Australia},
 keywords = {experiential learning, simulation, software engineering education},
}

@inproceedings{Yumol:2012:PID:2380552.2380582,
 author = {Yumol, Ruben and Zaidi, Fahad},
 title = {Partnering with Industry to Deliver a Senior Level Course in the Bachelor of Computer Information Systems Degree Program},
 booktitle = {Proceedings of the 13th Annual Conference on Information Technology Education},
 series = {SIGITE '12},
 year = {2012},
 isbn = {978-1-4503-1464-0},
 location = {Calgary, Alberta, Canada},
 pages = {93--98},
 numpages = {6},
 url = {http://doi.acm.org/10.1145/2380552.2380582},
 doi = {10.1145/2380552.2380582},
 acmid = {2380582},
 publisher = {ACM},
 address = {New York, NY, USA},
 keywords = {academic-industry partnerships, experiential learning, industry experience},
}

@inproceedings{Li:2015:TEL:2724660.2728678,
 author = {Li, Na and Gajos, Krzysztof Z. and Nakayama, Ken and Enos, Ryan},
 title = {TELLab: An Experiential Learning Tool for Psychology},
 booktitle = {Proceedings of the Second (2015) ACM Conference on Learning @ Scale},
 series = {L@S '15},
 year = {2015},
 isbn = {978-1-4503-3411-2},
 location = {Vancouver, BC, Canada},
 pages = {293--297},
 numpages = {5},
 url = {http://doi.acm.org/10.1145/2724660.2728678},
 doi = {10.1145/2724660.2728678},
 acmid = {2728678},
 publisher = {ACM},
 address = {New York, NY, USA},
 keywords = {analogical learning, experiential learning, online exper-imentation},
}

@inproceedings{Mani:2012:ALC:2157136.2157391,
 author = {Mani, Murali and Mazumder, Quamrul},
 title = {Active Learning in Computer Science Education Using Meta-cognition (Abstract Only)},
 booktitle = {Proceedings of the 43rd ACM Technical Symposium on Computer Science Education},
 series = {SIGCSE '12},
 year = {2012},
 isbn = {978-1-4503-1098-7},
 location = {Raleigh, North Carolina, USA},
 pages = {671--671},
 numpages = {1},
 url = {http://doi.acm.org/10.1145/2157136.2157391},
 doi = {10.1145/2157136.2157391},
 acmid = {2157391},
 publisher = {ACM},
 address = {New York, NY, USA},
 keywords = {active learning, experiential learning, meta-cognition},
}

@article{Lauren:2019:PCD:3309578.3309584,
 author = {Lauren, Benjamin},
 title = {Preparing Communication Design Students As Facilitators: A Primer for Rethinking Coursework in Project Management},
 journal = {Commun. Des. Q. Rev},
 issue_date = {September 2018},
 volume = {6},
 number = {3},
 month = jan,
 year = {2019},
 issn = {2166-1200},
 pages = {59--65},
 numpages = {7},
 url = {http://doi.acm.org/10.1145/3309578.3309584},
 doi = {10.1145/3309578.3309584},
 acmid = {3309584},
 publisher = {ACM},
 address = {New York, NY, USA},
 keywords = {experiential learning, facilitation, pedagogy, project management},
}

@inproceedings{Doucet:2017:LCC:3077286.3077324,
 author = {Doucet, Kevin and Zhang, Jian},
 title = {Learning Cluster Computing by Creating a Raspberry Pi Cluster},
 booktitle = {Proceedings of the SouthEast Conference},
 series = {ACM SE '17},
 year = {2017},
 isbn = {978-1-4503-5024-2},
 location = {Kennesaw, GA, USA},
 pages = {191--194},
 numpages = {4},
 url = {http://doi.acm.org/10.1145/3077286.3077324},
 doi = {10.1145/3077286.3077324},
 acmid = {3077324},
 publisher = {ACM},
 address = {New York, NY, USA},
 keywords = {Cluster computing, Experiential learning, Raspberry Pi},
}

@inproceedings{Iyengar:2009:TES:1631728.1631739,
 author = {Iyengar, Sudharsan R.},
 title = {Teaching Enterprise Software Development in Undergraduate Curriculum},
 booktitle = {Proceedings of the 10th ACM Conference on SIG-information Technology Education},
 series = {SIGITE '09},
 year = {2009},
 isbn = {978-1-60558-765-3},
 location = {Fairfax, Virginia, USA},
 pages = {29--32},
 numpages = {4},
 url = {http://doi.acm.org/10.1145/1631728.1631739},
 doi = {10.1145/1631728.1631739},
 acmid = {1631739},
 publisher = {ACM},
 address = {New York, NY, USA},
 keywords = {enterprise systems, experiential learning, systems development, teaching},
}

@inproceedings{Holmes:2018:DES:3183377.3183380,
 author = {Holmes, Reid and Allen, Meghan and Craig, Michelle},
 title = {Dimensions of Experientialism for Software Engineering Education},
 booktitle = {Proceedings of the 40th International Conference on Software Engineering: Software Engineering Education and Training},
 series = {ICSE-SEET '18},
 year = {2018},
 isbn = {978-1-4503-5660-2},
 location = {Gothenburg, Sweden},
 pages = {31--39},
 numpages = {9},
 url = {http://doi.acm.org/10.1145/3183377.3183380},
 doi = {10.1145/3183377.3183380},
 acmid = {3183380},
 publisher = {ACM},
 address = {New York, NY, USA},
 keywords = {capstone, experiential learning, software engineering education},
}

@inproceedings{Neyem:2014:ISE:2538862.2538920,
 author = {Neyem, Andres and Benedetto, Jose I. and Chacon, Andres F.},
 title = {Improving Software Engineering Education Through an Empirical Approach: Lessons Learned from Capstone Teaching Experiences},
 booktitle = {Proceedings of the 45th ACM Technical Symposium on Computer Science Education},
 series = {SIGCSE '14},
 year = {2014},
 isbn = {978-1-4503-2605-6},
 location = {Atlanta, Georgia, USA},
 pages = {391--396},
 numpages = {6},
 url = {http://doi.acm.org/10.1145/2538862.2538920},
 doi = {10.1145/2538862.2538920},
 acmid = {2538920},
 publisher = {ACM},
 address = {New York, NY, USA},
 keywords = {capstone, education, experiential learning, requirements, software engineering},
}

@inproceedings{Oh:2019:GSS:3300115.3312516,
 author = {Oh, Lih-Bin},
 title = {Goal Setting and Self-regulated Experiential Learning in a Paired Internship Program},
 booktitle = {Proceedings of the ACM Conference on Global Computing Education},
 series = {CompEd '19},
 year = {2019},
 isbn = {978-1-4503-6259-7},
 location = {Chengdu,Sichuan, China},
 pages = {239--239},
 numpages = {1},
 url = {http://doi.acm.org/10.1145/3300115.3312516},
 doi = {10.1145/3300115.3312516},
 acmid = {3312516},
 publisher = {ACM},
 address = {New York, NY, USA},
 keywords = {experiential learning, goal setting, internship, self-regulation},
}

@inproceedings{Yuan:2016:AEE:2839509.2850550,
 author = {Yuan, Xiaohong and Xu, Jinsheng and Yu, Huiming and Kim, Junghee and Kim, Taehee},
 title = {Assessing the Effectiveness of Experiential-Learning-Based Teaching Tools in Cybersecurity Courses (Abstract Only)},
 booktitle = {Proceedings of the 47th ACM Technical Symposium on Computing Science Education},
 series = {SIGCSE '16},
 year = {2016},
 isbn = {978-1-4503-3685-7},
 location = {Memphis, Tennessee, USA},
 pages = {693--693},
 numpages = {1},
 url = {http://doi.acm.org/10.1145/2839509.2850550},
 doi = {10.1145/2839509.2850550},
 acmid = {2850550},
 publisher = {ACM},
 address = {New York, NY, USA},
 keywords = {assessment, cybersecurity, experiential-learning-based teaching tools},
}

@inproceedings{Stone:2012:CPC:2157136.2157166,
 author = {Stone, Jeffrey A. and MacKellar, Bonnie and Madigan, Elinor M. and Pearce, Janice L.},
 title = {Community-based Projects for Computing Majors: Opportunities, Challenges and Best Practices},
 booktitle = {Proceedings of the 43rd ACM Technical Symposium on Computer Science Education},
 series = {SIGCSE '12},
 year = {2012},
 isbn = {978-1-4503-1098-7},
 location = {Raleigh, North Carolina, USA},
 pages = {85--86},
 numpages = {2},
 url = {http://doi.acm.org/10.1145/2157136.2157166},
 doi = {10.1145/2157136.2157166},
 acmid = {2157166},
 publisher = {ACM},
 address = {New York, NY, USA},
 keywords = {community projects, experiential learning, service learning},
}

@inproceedings{Al-khalifa:2010:OGS:1867651.1867683,
 author = {Al-khalifa, Hend},
 title = {Overcoming Gender Segregation in Service Learning Projects: A Case from Saudi Arabia},
 booktitle = {Proceedings of the 2010 ACM Conference on Information Technology Education},
 series = {SIGITE '10},
 year = {2010},
 isbn = {978-1-4503-0343-9},
 location = {Midland, Michigan, USA},
 pages = {121--124},
 numpages = {4},
 url = {http://doi.acm.org/10.1145/1867651.1867683},
 doi = {10.1145/1867651.1867683},
 acmid = {1867683},
 publisher = {ACM},
 address = {New York, NY, USA},
 keywords = {experiential learning, gender, service learning, web accessibility},
}

@inproceedings{Ecker:2004:IIC:1029533.1029549,
 author = {Ecker, Pamela S. and Caudill, Jason and Hoctor, David and Meyer, Colleen},
 title = {Implementing an Interdisciplinary Capstone Course for Associate Degree Information Technology Programs},
 booktitle = {Proceedings of the 5th Conference on Information Technology Education},
 series = {CITC5 '04},
 year = {2004},
 isbn = {1-58113-936-5},
 location = {Salt Lake City, UT, USA},
 pages = {60--65},
 numpages = {6},
 url = {http://doi.acm.org/10.1145/1029533.1029549},
 doi = {10.1145/1029533.1029549},
 acmid = {1029549},
 publisher = {ACM},
 address = {New York, NY, USA},
 keywords = {capstone courses, experiential learning, student projects, teamwork},
}

@inproceedings{Hamidon:2018:LEL:3291078.3291079,
 author = {Hamidon, Zahari},
 title = {The Learner's Engagement in the Learning Process Designed Based on the Experiential Learning Theory in Post Graduate Program at Open University Malaysia},
 booktitle = {Proceedings of the 2018 2Nd International Conference on Education and E-Learning},
 series = {ICEEL 2018},
 year = {2018},
 isbn = {978-1-4503-6577-2},
 location = {Bali, Indonesia},
 pages = {26--31},
 numpages = {6},
 url = {http://doi.acm.org/10.1145/3291078.3291079},
 doi = {10.1145/3291078.3291079},
 acmid = {3291079},
 publisher = {ACM},
 address = {New York, NY, USA},
 keywords = {Experiential Learning, Learner's Engagement, Lesson Design},
}

@inproceedings{Gonsalvez:2000:ISE:359369.359386,
 author = {Gonsalvez, Christabel and Atchison, Martin},
 title = {Implementing Studios for Experiential Learning},
 booktitle = {Proceedings of the Australasian Conference on Computing Education},
 series = {ACSE '00},
 year = {2000},
 isbn = {1-58113-271-9},
 location = {Melbourne, Australia},
 pages = {116--123},
 numpages = {8},
 url = {http://doi.acm.org/10.1145/359369.359386},
 doi = {10.1145/359369.359386},
 acmid = {359386},
 publisher = {ACM},
 address = {New York, NY, USA},
}

@inproceedings{Chen:2008:IEL:1401032.1401052,
 author = {Chen, Mei-Fen},
 title = {Integrate Experiential Learning to Simulate a Website Design Project Process},
 booktitle = {ACM SIGGRAPH 2008 Talks},
 series = {SIGGRAPH '08},
 year = {2008},
 isbn = {978-1-60558-343-3},
 location = {Los Angeles, California},
 pages = {15:1--15:1},
 articleno = {15},
 numpages = {1},
 url = {http://doi.acm.org/10.1145/1401032.1401052},
 doi = {10.1145/1401032.1401052},
 acmid = {1401052},
 publisher = {ACM},
 address = {New York, NY, USA},
}

@inproceedings{Lee:2011:SBE:2431518.2431980,
 author = {Lee, Wee-Leong},
 title = {Spreadsheet Based Experiential Learning Environment for Project Management},
 booktitle = {Proceedings of the Winter Simulation Conference},
 series = {WSC '11},
 year = {2011},
 location = {Phoenix, Arizona},
 pages = {3882--3892},
 numpages = {11},
 url = {http://dl.acm.org/citation.cfm?id=2431518.2431980},
 acmid = {2431980},
 publisher = {Winter Simulation Conference},
}

@article{Becker:2011:SET:1961574.1961631,
 author = {Becker, Deborah and Hecker, Connie},
 title = {Student Engagement Through Applied Learning: The "Live" Business Partnership Model},
 journal = {J. Comput. Sci. Coll.},
 issue_date = {May 2011},
 volume = {26},
 number = {5},
 month = may,
 year = {2011},
 issn = {1937-4771},
 pages = {275--282},
 numpages = {8},
 url = {http://dl.acm.org/citation.cfm?id=1961574.1961631},
 acmid = {1961631},
 publisher = {Consortium for Computing Sciences in Colleges},
 address = {USA},
 keywords = {applied learning, community service, experiential learning, project management, student engagement},
}

@inproceedings{Goold:2003:PPP:961511.961522,
 author = {Goold, Annegret},
 title = {Providing Process for Projects in Capstone Courses},
 booktitle = {Proceedings of the 8th Annual Conference on Innovation and Technology in Computer Science Education},
 series = {ITiCSE '03},
 year = {2003},
 isbn = {1-58113-672-2},
 location = {Thessaloniki, Greece},
 pages = {26--29},
 numpages = {4},
 url = {http://doi.acm.org/10.1145/961511.961522},
 doi = {10.1145/961511.961522},
 acmid = {961522},
 publisher = {ACM},
 address = {New York, NY, USA},
 keywords = {capstone courses, experiential learning, project management, student projects, teamwork},
}

@article{Goold:2003:PPP:961290.961522,
 author = {Goold, Annegret},
 title = {Providing Process for Projects in Capstone Courses},
 journal = {SIGCSE Bull.},
 issue_date = {September 2003},
 volume = {35},
 number = {3},
 month = jun,
 year = {2003},
 issn = {0097-8418},
 pages = {26--29},
 numpages = {4},
 url = {http://doi.acm.org/10.1145/961290.961522},
 doi = {10.1145/961290.961522},
 acmid = {961522},
 publisher = {ACM},
 address = {New York, NY, USA},
 keywords = {capstone courses, experiential learning, project management, student projects, teamwork},
}

@inproceedings{Fowler:2018:PPG:3241815.3241862,
 author = {Fowler, Allan and Ni, Xuelei (Sherry) and Preston, Jon},
 title = {The Pedagogical Potential of Game Jams},
 booktitle = {Proceedings of the 19th Annual SIG Conference on Information Technology Education},
 series = {SIGITE '18},
 year = {2018},
 isbn = {978-1-4503-5954-2},
 location = {Fort Lauderdale, Florida, USA},
 pages = {112--116},
 numpages = {5},
 url = {http://doi.acm.org/10.1145/3241815.3241862},
 doi = {10.1145/3241815.3241862},
 acmid = {3241862},
 publisher = {ACM},
 address = {New York, NY, USA},
 keywords = {computing education, experiential learning, game jam, hackathon, learning, pedagogy},
}

@inproceedings{Budd:2015:MIT:2857070.2857077,
 author = {Budd, John M. and Chu, Clara M. and Dali, Keren and O'Brien, Heather},
 title = {Making an Impact Through Experiential Learning},
 booktitle = {Proceedings of the 78th ASIS\&T Annual Meeting: Information Science with Impact: Research in and for the Community},
 series = {ASIST '15},
 year = {2015},
 isbn = {0-87715-547-X},
 location = {St. Louis, Missouri},
 pages = {7:1--7:4},
 articleno = {7},
 numpages = {4},
 url = {http://dl.acm.org/citation.cfm?id=2857070.2857077},
 acmid = {2857077},
 publisher = {American Society for Information Science},
 address = {Silver Springs, MD, USA},
 keywords = {experiential learning, information science curriculum, progressive pedagogies, student-centered education},
}

@inproceedings{Brown:2013:UPE:2528908.2528921,
 author = {Brown, Mark and Crawford, Jeff and Nordstrom, Steve and Scholl, Fred and Mhlanga, Fortune},
 title = {Understanding the Presence of Experiential Learning Opportunity Programs in the Information Security Field},
 booktitle = {Proceedings of the 2013 on InfoSecCD '13: Information Security Curriculum Development Conference},
 series = {InfoSecCD '13},
 year = {2013},
 isbn = {978-1-4503-2547-9},
 location = {Kennesaw GA, USA},
 pages = {53:53--53:59},
 articleno = {53},
 numpages = {7},
 url = {http://doi.acm.org/10.1145/2528908.2528921},
 doi = {10.1145/2528908.2528921},
 acmid = {2528921},
 publisher = {ACM},
 address = {New York, NY, USA},
 keywords = {Co-operative Education, Experiential Learning, Information Security, Internship},
}

@inproceedings{Dorodchi:2017:APF:3059009.3073004,
 author = {Dorodchi, Mohsen and Dehbozorgi, Nasrin},
 title = {Addressing the Paradox of Fun and Rigor in Learning Programming},
 booktitle = {Proceedings of the 2017 ACM Conference on Innovation and Technology in Computer Science Education},
 series = {ITiCSE '17},
 year = {2017},
 isbn = {978-1-4503-4704-4},
 location = {Bologna, Italy},
 pages = {370--370},
 numpages = {1},
 url = {http://doi.acm.org/10.1145/3059009.3073004},
 doi = {10.1145/3059009.3073004},
 acmid = {3073004},
 publisher = {ACM},
 address = {New York, NY, USA},
 keywords = {collaborative learning, cs1, experiential learning, introductory programming, teamwork activities},
}

@inproceedings{Mountrouidou:2016:BPC:2839509.2850542,
 author = {Mountrouidou, Xenia and Li, Xiangyang},
 title = {Broadening the Path to Cybersecurity Profession in Predominantly Undergraduate and Liberal Arts Institutions (Abstract Only)},
 booktitle = {Proceedings of the 47th ACM Technical Symposium on Computing Science Education},
 series = {SIGCSE '16},
 year = {2016},
 isbn = {978-1-4503-3685-7},
 location = {Memphis, Tennessee, USA},
 pages = {688--688},
 numpages = {1},
 url = {http://doi.acm.org/10.1145/2839509.2850542},
 doi = {10.1145/2839509.2850542},
 acmid = {2850542},
 publisher = {ACM},
 address = {New York, NY, USA},
 keywords = {cybersecurity, experiential learning, geni, liberal arts colleges, undergraduate education},
}

@article{Stone:2007:IRW:1272848.1272881,
 author = {Stone, Jeffrey A. and Madigan, Elinor M.},
 title = {Integrating Reflective Writing in CS/IS},
 journal = {SIGCSE Bull.},
 issue_date = {June 2007},
 volume = {39},
 number = {2},
 month = jun,
 year = {2007},
 issn = {0097-8418},
 pages = {42--45},
 numpages = {4},
 url = {http://doi.acm.org/10.1145/1272848.1272881},
 doi = {10.1145/1272848.1272881},
 acmid = {1272881},
 publisher = {ACM},
 address = {New York, NY, USA},
 keywords = {computer science education, experiential learning, pedagogy, reflection, writing},
}

@inproceedings{Laird:2016:ESE:2889160.2889205,
 author = {Laird, Linda and Yang, Ye},
 title = {Engaging Software Estimation Education Using LEGOs: A Case Study},
 booktitle = {Proceedings of the 38th International Conference on Software Engineering Companion},
 series = {ICSE '16},
 year = {2016},
 isbn = {978-1-4503-4205-6},
 location = {Austin, Texas},
 pages = {511--517},
 numpages = {7},
 url = {http://doi.acm.org/10.1145/2889160.2889205},
 doi = {10.1145/2889160.2889205},
 acmid = {2889205},
 publisher = {ACM},
 address = {New York, NY, USA},
 keywords = {delphi, engaged learning, experiential learning, expert estimation, software estimation},
}

@inproceedings{Abraham:2015:TIL:2885990.2886001,
 author = {Abraham, Sherly and Shih, Lifang},
 title = {Towards an Integrative Learning Approach in Cybersecurity Education},
 booktitle = {Proceedings of the 2015 Information Security Curriculum Development Conference},
 series = {InfoSec '15},
 year = {2015},
 isbn = {978-1-4503-4049-6},
 location = {Kennesaw, Georgia},
 pages = {11:1--11:1},
 articleno = {11},
 numpages = {1},
 url = {http://doi.acm.org/10.1145/2885990.2886001},
 doi = {10.1145/2885990.2886001},
 acmid = {2886001},
 publisher = {ACM},
 address = {New York, NY, USA},
 keywords = {community of practice, cybersecurity education, experiential learning, integrative learning theory},
}

@inproceedings{Christov:2019:ELS:3287324.3287457,
 author = {Christov, Stefan C. and Hoffman, Mark E.},
 title = {Experiential Learning of Software Project Management and Software Development via Course Collaboration},
 booktitle = {Proceedings of the 50th ACM Technical Symposium on Computer Science Education},
 series = {SIGCSE '19},
 year = {2019},
 isbn = {978-1-4503-5890-3},
 location = {Minneapolis, MN, USA},
 pages = {160--166},
 numpages = {7},
 url = {http://doi.acm.org/10.1145/3287324.3287457},
 doi = {10.1145/3287324.3287457},
 acmid = {3287457},
 publisher = {ACM},
 address = {New York, NY, USA},
 keywords = {collaborative teaching, experiential learning, software development, software project management},
}

@inproceedings{Ji:2018:EPL:3202667.3202691,
 author = {Ji, Yi and Tan, Peng},
 title = {Exploring Personalized Learning Pattern for Studying Chinese Traditional Handicraft},
 booktitle = {Proceedings of the Sixth International Symposium of Chinese CHI},
 series = {ChineseCHI '18},
 year = {2018},
 isbn = {978-1-4503-6508-6},
 location = {Montreal, QC, Canada},
 pages = {140--143},
 numpages = {4},
 url = {http://doi.acm.org/10.1145/3202667.3202691},
 doi = {10.1145/3202667.3202691},
 acmid = {3202691},
 publisher = {ACM},
 address = {New York, NY, USA},
 keywords = {Augmented reality, Experiential learning, Personalized Learning Pattern, Traditional handicraft, Workshop},
}

@inproceedings{Cermak-Sassenrath:2014:TTM:2639189.2654827,
 author = {Cermak-Sassenrath, Daniel and M{\o}llenbach, Emilie},
 title = {Teaching to Tinker: Making As an Educational Strategy},
 booktitle = {Proceedings of the 8th Nordic Conference on Human-Computer Interaction: Fun, Fast, Foundational},
 series = {NordiCHI '14},
 year = {2014},
 isbn = {978-1-4503-2542-4},
 location = {Helsinki, Finland},
 pages = {789--792},
 numpages = {4},
 url = {http://doi.acm.org/10.1145/2639189.2654827},
 doi = {10.1145/2639189.2654827},
 acmid = {2654827},
 publisher = {ACM},
 address = {New York, NY, USA},
 keywords = {education, experiential learning, learning, maker culture, making, play},
}

@inproceedings{Crowley:2004:ELS:1029533.1029576,
 author = {Crowley, Ed},
 title = {Experiential Learning and Security Lab Design},
 booktitle = {Proceedings of the 5th Conference on Information Technology Education},
 series = {CITC5 '04},
 year = {2004},
 isbn = {1-58113-936-5},
 location = {Salt Lake City, UT, USA},
 pages = {169--176},
 numpages = {8},
 url = {http://doi.acm.org/10.1145/1029533.1029576},
 doi = {10.1145/1029533.1029576},
 acmid = {1029576},
 publisher = {ACM},
 address = {New York, NY, USA},
 keywords = {TCP/IP, internet security, lab design, network security},
}

@inproceedings{Nicolai:2015:ELB:2808006.2808012,
 author = {Nicolai, Barbara and Nevill, David and Hansen,Jr., Carl and Winer, Charles},
 title = {Experiential Learning Business/Industry and Education Wants and Needs},
 booktitle = {Proceedings of the 16th Annual Conference on Information Technology Education},
 series = {SIGITE '15},
 year = {2015},
 isbn = {978-1-4503-3835-6},
 location = {Chicago, Illinois, USA},
 pages = {95--96},
 numpages = {2},
 url = {http://doi.acm.org/10.1145/2808006.2808012},
 doi = {10.1145/2808006.2808012},
 acmid = {2808012},
 publisher = {ACM},
 address = {New York, NY, USA},
 keywords = {corporate partnerships., design, experiential learning (exl), human factors, languages, measurement, documentation, performance, security, verification},
}

@inproceedings{Doyle:2016:ASD:2839509.2844571,
 author = {Doyle, Maureen and Gibson, Candace and Melish, Michelle and Storm, Rees},
 title = {Agile Software Development Study Away},
 booktitle = {Proceedings of the 47th ACM Technical Symposium on Computing Science Education},
 series = {SIGCSE '16},
 year = {2016},
 isbn = {978-1-4503-3685-7},
 location = {Memphis, Tennessee, USA},
 pages = {522--527},
 numpages = {6},
 url = {http://doi.acm.org/10.1145/2839509.2844571},
 doi = {10.1145/2839509.2844571},
 acmid = {2844571},
 publisher = {ACM},
 address = {New York, NY, USA},
 keywords = {agile software development, experiential learning, scrum, software engineering, study away},
}

@inproceedings{Doherty:2017:LIO:3121113.3121241,
 author = {Doherty, Stanley},
 title = {Leveraging Industry Onboarding Materials in the Curriculum},
 booktitle = {Proceedings of the 35th ACM International Conference on the Design of Communication},
 series = {SIGDOC '17},
 year = {2017},
 isbn = {978-1-4503-5160-7},
 location = {Halifax, Nova Scotia, Canada},
 pages = {36:1--36:5},
 articleno = {36},
 numpages = {5},
 url = {http://doi.acm.org/10.1145/3121113.3121241},
 doi = {10.1145/3121113.3121241},
 acmid = {3121241},
 publisher = {ACM},
 address = {New York, NY, USA},
 keywords = {DITA, GitHub, experiential learning, markdown, new hires, onboarding, technical communication},
}

@inproceedings{Reichlmay:2006:CIS:1137842.1137848,
 author = {Reichlmay, Thomas J.},
 title = {Collaborating with Industry: Strategies for an Undergraduate Software Engineering Program},
 booktitle = {Proceedings of the 2006 International Workshop on Summit on Software Engineering Education},
 series = {SSEE '06},
 year = {2006},
 isbn = {1-59593-407-3},
 location = {Shanghai, China},
 pages = {13--16},
 numpages = {4},
 url = {http://doi.acm.org/10.1145/1137842.1137848},
 doi = {10.1145/1137842.1137848},
 acmid = {1137848},
 publisher = {ACM},
 address = {New York, NY, USA},
 keywords = {best practice, capstone projects, education, experiential learning, industry, software engineering},
}

@inproceedings{Greenwald:2015:RFE:2815585.2815586,
 author = {Greenwald, Scott W.},
 title = {Responsive Facilitation of Experiential Learning Through Access to Attentional State},
 booktitle = {Adjunct Proceedings of the 28th Annual ACM Symposium on User Interface Software \& Technology},
 series = {UIST '15 Adjunct},
 year = {2015},
 isbn = {978-1-4503-3780-9},
 location = {Daegu, Kyungpook, Republic of Korea},
 pages = {1--4},
 numpages = {4},
 url = {http://doi.acm.org/10.1145/2815585.2815586},
 doi = {10.1145/2815585.2815586},
 acmid = {2815586},
 publisher = {ACM},
 address = {New York, NY, USA},
 keywords = {contextual information, experiential learning, eye gaze interaction, remote collaboration},
}

@inproceedings{Hardless:2000:IMS:633292.633489,
 author = {Hardless, Christian and Nilsson, Malin},
 title = {Interactive Multimedia Scenarios and Role-playing},
 booktitle = {CHI '00 Extended Abstracts on Human Factors in Computing Systems},
 series = {CHI EA '00},
 year = {2000},
 isbn = {1-58113-248-4},
 location = {The Hague, The Netherlands},
 pages = {325--326},
 numpages = {2},
 url = {http://doi.acm.org/10.1145/633292.633489},
 doi = {10.1145/633292.633489},
 acmid = {633489},
 publisher = {ACM},
 address = {New York, NY, USA},
 keywords = {collaborative learning, experiential learning, interactive multimedia, role-playing},
}

@inproceedings{Hecker:2010:SLU:1900008.1900159,
 author = {Hecker, Connie and Becker, Deborah},
 title = {Service Learning Utilizing "Live" Business Partnerships},
 booktitle = {Proceedings of the 48th Annual Southeast Regional Conference},
 series = {ACM SE '10},
 year = {2010},
 isbn = {978-1-4503-0064-3},
 location = {Oxford, Mississippi},
 pages = {117:1--117:2},
 articleno = {117},
 numpages = {2},
 url = {http://doi.acm.org/10.1145/1900008.1900159},
 doi = {10.1145/1900008.1900159},
 acmid = {1900159},
 publisher = {ACM},
 address = {New York, NY, USA},
 keywords = {applied learning, community service, experiential learning, student engagement},
}

@inproceedings{Burke:2019:CC:3287324.3287373,
 author = {Burke, Quinn and Bailey, Cinamon Sunrise},
 title = {Camp or College?},
 booktitle = {Proceedings of the 50th ACM Technical Symposium on Computer Science Education},
 series = {SIGCSE '19},
 year = {2019},
 isbn = {978-1-4503-5890-3},
 location = {Minneapolis, MN, USA},
 pages = {345--350},
 numpages = {6},
 url = {http://doi.acm.org/10.1145/3287324.3287373},
 doi = {10.1145/3287324.3287373},
 acmid = {3287373},
 publisher = {ACM},
 address = {New York, NY, USA},
 keywords = {coding bootcamp, experiential learning, learning environment, learning preferences, soft skills},
}

@inproceedings{Jantjies:2018:ELT:3300942.3300956,
 author = {Jantjies, Mmaki and Moodley, Trevor and Maart, Ronel},
 title = {Experiential Learning Through Virtual and Augmented Reality in Higher Education},
 booktitle = {Proceedings of the 2018 International Conference on Education Technology Management},
 series = {ICETM 2018},
 year = {2018},
 isbn = {978-1-4503-6630-4},
 location = {Barcelona, Spain},
 pages = {42--45},
 numpages = {4},
 url = {http://doi.acm.org/10.1145/3300942.3300956},
 doi = {10.1145/3300942.3300956},
 acmid = {3300956},
 publisher = {ACM},
 address = {New York, NY, USA},
 keywords = {Augmented Reality, Experiential Learning, South Africa, Virtual Reality, mobile learning},
}

@inproceedings{Krusche:2017:ILI:3013499.3013513,
 author = {Krusche, Stephan and Seitz, Andreas and B\"{o}rstler, J\"{u}rgen and Bruegge, Bernd},
 title = {Interactive Learning: Increasing Student Participation Through Shorter Exercise Cycles},
 booktitle = {Proceedings of the Nineteenth Australasian Computing Education Conference},
 series = {ACE '17},
 year = {2017},
 isbn = {978-1-4503-4823-2},
 location = {Geelong, VIC, Australia},
 pages = {17--26},
 numpages = {10},
 url = {http://doi.acm.org/10.1145/3013499.3013513},
 doi = {10.1145/3013499.3013513},
 acmid = {3013513},
 publisher = {ACM},
 address = {New York, NY, USA},
 keywords = {Active Learning, Computing Education, Experiential Learning, Feedback, Reflection, Software Engineering},
}

@article{Rychlewski:2005:CPI:1047846.1047868,
 author = {Rychlewski, Walt and Teat, Marty and Burris, Eddy and Mehta, Ritesh and Webb, Jason},
 title = {A Collaborative Program for Interdisciplinary Experiential Learning},
 journal = {J. Comput. Sci. Coll.},
 issue_date = {April 2005},
 volume = {20},
 number = {4},
 month = apr,
 year = {2005},
 issn = {1937-4771},
 pages = {142--142},
 numpages = {1},
 url = {http://dl.acm.org/citation.cfm?id=1047846.1047868},
 acmid = {1047868},
 publisher = {Consortium for Computing Sciences in Colleges},
 address = {USA},
}

@article{Sabin:2010:ACE:1791129.1791136,
 author = {Sabin, Mihaela},
 title = {Assessing Collaborative and Experiential Learning},
 journal = {J. Comput. Sci. Coll.},
 issue_date = {June 2010},
 volume = {25},
 number = {6},
 month = jun,
 year = {2010},
 issn = {1937-4771},
 pages = {26--33},
 numpages = {8},
 url = {http://dl.acm.org/citation.cfm?id=1791129.1791136},
 acmid = {1791136},
 publisher = {Consortium for Computing Sciences in Colleges},
 address = {USA},
}

@inproceedings{Chen:2008:PPM:1507713.1507726,
 author = {Chen, Mei-Fen},
 title = {Practice Project Management in Website Design: An Experiential Learning Simulation},
 booktitle = {ACM SIGGRAPH ASIA 2008 Educators Programme},
 series = {SIGGRAPH Asia '08},
 year = {2008},
 isbn = {978-1-60558-388-4},
 location = {Singapore},
 pages = {11:1--11:1},
 articleno = {11},
 numpages = {1},
 url = {http://doi.acm.org/10.1145/1507713.1507726},
 doi = {10.1145/1507713.1507726},
 acmid = {1507726},
 publisher = {ACM},
 address = {New York, NY, USA},
}

@inproceedings{Lode:2013:MPI:2468356.2479483,
 author = {Lode, Henrike and Franchi, Giuseppe E. and Frederiksen, Niels G.},
 title = {Machineers: Playfully Introducing Programming to Children},
 booktitle = {CHI '13 Extended Abstracts on Human Factors in Computing Systems},
 series = {CHI EA '13},
 year = {2013},
 isbn = {978-1-4503-1952-2},
 location = {Paris, France},
 pages = {2639--2642},
 numpages = {4},
 url = {http://doi.acm.org/10.1145/2468356.2479483},
 doi = {10.1145/2468356.2479483},
 acmid = {2479483},
 publisher = {ACM},
 address = {New York, NY, USA},
 keywords = {educational game, experiential learning, procedural literacy, stealth learning},
}

@inproceedings{Laware:2004:RWP:1029533.1029536,
 author = {Laware, Gilbert W. and Walters, Andrew J.},
 title = {Real World Problems Bringing Life to Course Content},
 booktitle = {Proceedings of the 5th Conference on Information Technology Education},
 series = {CITC5 '04},
 year = {2004},
 isbn = {1-58113-936-5},
 location = {Salt Lake City, UT, USA},
 pages = {6--12},
 numpages = {7},
 url = {http://doi.acm.org/10.1145/1029533.1029536},
 doi = {10.1145/1029533.1029536},
 acmid = {1029536},
 publisher = {ACM},
 address = {New York, NY, USA},
 keywords = {experiential learning, pedagogy, problem-based, problem-centered, project management, technology},
}

@inproceedings{Mora:2018:IIC:3289406.3289410,
 author = {Mora, Simone and Gianni, Francesco and Nichele, Stefano and Divitini, Monica},
 title = {Introducing IoT Competencies to First-Year University Students With The Tiles Toolkit},
 booktitle = {Proceedings of the 7th Computer Science Education Research Conference},
 series = {CSERC '18},
 year = {2018},
 isbn = {978-1-4503-6624-3},
 location = {Saint Petersburg, Russian Federation},
 pages = {26--34},
 numpages = {9},
 url = {http://doi.acm.org/10.1145/3289406.3289410},
 doi = {10.1145/3289406.3289410},
 acmid = {3289410},
 publisher = {ACM},
 address = {New York, NY, USA},
 keywords = {Computer Science Education, Experiential Learning, Internet of Things},
}

@inproceedings{Johnson:2005:LLG:1187358.1187396,
 author = {Johnson, W. Lewis},
 title = {Lessons Learned from Games for Education},
 booktitle = {ACM SIGGRAPH 2005 Educators Program},
 series = {SIGGRAPH '05},
 year = {2005},
 location = {Los Angeles, California},
 articleno = {31},
 url = {http://doi.acm.org/10.1145/1187358.1187396},
 doi = {10.1145/1187358.1187396},
 acmid = {1187396},
 publisher = {ACM},
 address = {New York, NY, USA},
 keywords = {computer games, education, experiential learning environments, serious games},
}

@inproceedings{Beard:2007:ISS:1235000.1235040,
 author = {Beard, Debbie and Schwieger, Dana and Surendran, Ken},
 title = {Incorporating Soft Skills into Accounting and MIS Curricula},
 booktitle = {Proceedings of the 2007 ACM SIGMIS CPR Conference on Computer Personnel Research: The Global Information Technology Workforce},
 series = {SIGMIS CPR '07},
 year = {2007},
 isbn = {978-1-59593-641-7},
 location = {St. Louis, Missouri, USA},
 pages = {179--185},
 numpages = {7},
 url = {http://doi.acm.org/10.1145/1235000.1235040},
 doi = {10.1145/1235000.1235040},
 acmid = {1235040},
 publisher = {ACM},
 address = {New York, NY, USA},
 keywords = {assurance of learning, education, experiential learning, soft skills},
}

@inproceedings{Abdullah:2017:EST:3085585.3088487,
 author = {Abdullah, Mohd},
 title = {Engaging Students' Through Experiential Learning in Web Design Programming I Course at Thompson Rivers University},
 booktitle = {Proceedings of the 22Nd Western Canadian Conference on Computing Education},
 series = {WCCCE '17},
 year = {2017},
 isbn = {978-1-4503-5066-2},
 location = {Abbotsford, BC, Canada},
 pages = {6:1--6:1},
 articleno = {6},
 numpages = {1},
 url = {http://doi.acm.org/10.1145/3085585.3088487},
 doi = {10.1145/3085585.3088487},
 acmid = {3088487},
 publisher = {ACM},
 address = {New York, NY, USA},
}

@article{Gasson:2018:SEL:3290768.3290774,
 author = {Gasson, Susan and Waters, James},
 title = {Simulating Experiential Learning in Professional Online Courses},
 journal = {SIGMIS Database},
 issue_date = {November 2018},
 volume = {49},
 number = {4},
 month = nov,
 year = {2018},
 issn = {0095-0033},
 pages = {46--77},
 numpages = {32},
 url = {http://doi.acm.org/10.1145/3290768.3290774},
 doi = {10.1145/3290768.3290774},
 acmid = {3290774},
 publisher = {ACM},
 address = {New York, NY, USA},
 keywords = {collective framing and problematization, community learning, peer learning, professional online education, situated learning},
}

@inproceedings{Fulbright:2005:IIS:1095714.1095763,
 author = {Fulbright, Ron and Routh, Richard L.},
 title = {IPC Incorporated: A Student-run IT Services Company for Experiential Learning},
 booktitle = {Proceedings of the 6th Conference on Information Technology Education},
 series = {SIGITE '05},
 year = {2005},
 isbn = {1-59593-252-6},
 location = {Newark, NJ, USA},
 pages = {211--216},
 numpages = {6},
 url = {http://doi.acm.org/10.1145/1095714.1095763},
 doi = {10.1145/1095714.1095763},
 acmid = {1095763},
 publisher = {ACM},
 address = {New York, NY, USA},
 keywords = {IT executives, starting a technology company, technology company management, technology startups},
}

@inproceedings{Krusche:2016:EEL:2839509.2844599,
 author = {Krusche, Stephan and Reichart, Barbara and Tolstoi, Paul and Bruegge, Bernd},
 title = {Experiences from an Experiential Learning Course on Games Development},
 booktitle = {Proceedings of the 47th ACM Technical Symposium on Computing Science Education},
 series = {SIGCSE '16},
 year = {2016},
 isbn = {978-1-4503-3685-7},
 location = {Memphis, Tennessee, USA},
 pages = {582--587},
 numpages = {6},
 url = {http://doi.acm.org/10.1145/2839509.2844599},
 doi = {10.1145/2839509.2844599},
 acmid = {2844599},
 publisher = {ACM},
 address = {New York, NY, USA},
 keywords = {blended learning, cooperative learning, interactive tutorials, problem-based learning, software engineering},
}

@inproceedings{Whittington:2008:ASI:1401032.1401050,
 author = {Whittington, Jana and Nankivell, Kim},
 title = {Addressing Student and Industry Needs Through Experiential Learning Courses to Better Prepare the Student for Real-world Work Experience},
 booktitle = {ACM SIGGRAPH 2008 Talks},
 series = {SIGGRAPH '08},
 year = {2008},
 isbn = {978-1-60558-343-3},
 location = {Los Angeles, California},
 pages = {13:1--13:1},
 articleno = {13},
 numpages = {1},
 url = {http://doi.acm.org/10.1145/1401032.1401050},
 doi = {10.1145/1401032.1401050},
 acmid = {1401050},
 publisher = {ACM},
 address = {New York, NY, USA},
}

@inproceedings{Tsang:2018:ELT:3209635.3209645,
 author = {Tsang, Herbert H. and Hanbidge, Alice Schmidt and Tin, Tony},
 title = {Experiential Learning Through Inter-University Collaboration Research Project in Academic Integrity},
 booktitle = {Proceedings of the 23rd Western Canadian Conference on Computing Education},
 series = {WCCCE '18},
 year = {2018},
 isbn = {978-1-4503-5805-7},
 location = {Victoria, BC, Canada},
 pages = {5:1--5:6},
 articleno = {5},
 numpages = {6},
 url = {http://doi.acm.org/10.1145/3209635.3209645},
 doi = {10.1145/3209635.3209645},
 acmid = {3209645},
 publisher = {ACM},
 address = {New York, NY, USA},
 keywords = {Education methods, academic integrity, computing science education, core values, experiential learning, m-learning, mobile learning, plagiarism, real-world experience, research},
}

@article{Obrenovic:2012:RHE:2168931.2168945,
 author = {Obrenovi\'{c}, \v{Z}eljko},
 title = {Rethinking HCI Education: Teaching Interactive Computing Concepts Based on the Experiential Learning Paradigm},
 journal = {interactions},
 issue_date = {May + June 2012},
 volume = {19},
 number = {3},
 month = may,
 year = {2012},
 issn = {1072-5520},
 pages = {66--70},
 numpages = {5},
 url = {http://doi.acm.org/10.1145/2168931.2168945},
 doi = {10.1145/2168931.2168945},
 acmid = {2168945},
 publisher = {ACM},
 address = {New York, NY, USA},
}

@inproceedings{Smith:2009:ELM:1681509.1682304,
 author = {Smith, Eileen},
 title = {Experiential Learning with Mixed and Augmented Reality},
 booktitle = {Proceedings of the 2009 8th IEEE International Symposium on Mixed and Augmented Reality},
 series = {ISMAR '09},
 year = {2009},
 isbn = {978-1-4244-5390-0},
 pages = {227--},
 url = {http://dx.doi.org/10.1109/ISMAR.2009.5336450},
 doi = {10.1109/ISMAR.2009.5336450},
 acmid = {1682304},
 publisher = {IEEE Computer Society},
 address = {Washington, DC, USA},
}

@inproceedings{Chavez:2009:VAD:1666611.1666617,
 author = {Chavez, Mark J. and Gregory, Andrew and Yeung, Lau and Xueli, Wang},
 title = {Voyage to the Age of the Dinosaurs Project, an Experiential Learning Situation with Undergraduates, Graduates and Visiting Professionals},
 booktitle = {ACM SIGGRAPH ASIA 2009 Educators Program},
 series = {SIGGRAPH ASIA '09},
 year = {2009},
 location = {Yokohama, Japan},
 pages = {6:1--6:4},
 articleno = {6},
 numpages = {4},
 url = {http://doi.acm.org/10.1145/1666611.1666617},
 doi = {10.1145/1666611.1666617},
 acmid = {1666617},
 publisher = {ACM},
 address = {New York, NY, USA},
 keywords = {dinosaurs, games, geo science, learning sciences},
}

@inproceedings{Talone:2017:EHI:3125659.3125685,
 author = {Talone, Andrew B. and Basavaraj, Prateek and Wisniewski, Pamela J.},
 title = {Enhancing Human-Computer Interaction and User Experience Education Through a Hybrid Approach to Experiential Learning},
 booktitle = {Proceedings of the 18th Annual Conference on Information Technology Education},
 series = {SIGITE '17},
 year = {2017},
 isbn = {978-1-4503-5100-3},
 location = {Rochester, New York, USA},
 pages = {83--88},
 numpages = {6},
 url = {http://doi.acm.org/10.1145/3125659.3125685},
 doi = {10.1145/3125659.3125685},
 acmid = {3125685},
 publisher = {ACM},
 address = {New York, NY, USA},
 keywords = {experiential learning, human-computer interaction, industry partnerships, project-based learning, real-world projects, user experience},
}

@inproceedings{Angel:2015:FDE:2818498.2818512,
 author = {Angel, Jeannette and LaValle, Alicia and Iype, Deepti Mathew and Sheppard, Stephen and Dulic, Aleksandra},
 title = {Future Delta 2.0 an Experiential Learning Context for a Serious Game About Local Climate Change},
 booktitle = {SIGGRAPH Asia 2015 Symposium on Education},
 series = {SA '15},
 year = {2015},
 isbn = {978-1-4503-3927-8},
 location = {Kobe, Japan},
 pages = {12:1--12:10},
 articleno = {12},
 numpages = {10},
 url = {http://doi.acm.org/10.1145/2818498.2818512},
 doi = {10.1145/2818498.2818512},
 acmid = {2818512},
 publisher = {ACM},
 address = {New York, NY, USA},
 keywords = {climate change educational game, experiential learning context, game design, play, serious games},
}

@inproceedings{Charlton:2016:UCC:3019943.3019988,
 author = {Charlton, Patricia and Preston, Anne and Karagiannidis, Charalampos and Kouroupetroglou, Christos and Grenon, Muriel and Handschuh, Siegfried and Koumpis, Adamantios},
 title = {Use of the Curiosity Cabinet Metaphor to Support Inclusive Learning},
 booktitle = {Proceedings of the 7th International Conference on Software Development and Technologies for Enhancing Accessibility and Fighting Info-exclusion},
 series = {DSAI 2016},
 year = {2016},
 isbn = {978-1-4503-4748-8},
 location = {Vila Real, Portugal},
 pages = {309--314},
 numpages = {6},
 url = {http://doi.acm.org/10.1145/3019943.3019988},
 doi = {10.1145/3019943.3019988},
 acmid = {3019988},
 publisher = {ACM},
 address = {New York, NY, USA},
 keywords = {STEM, curiosity cabinet, experiential learning, interaction metaphors, learning artefacts, mixed and virtual reality},
}

@inproceedings{Tsang:2016:PUC:2910925.2910951,
 author = {Tsang, Herbert H. and Park, Andrew J.},
 title = {A Proposal of Undergraduate Curriculum to Include Research Under the Experiential Learning Framework},
 booktitle = {Proceedings of the 21st Western Canadian Conference on Computing Education},
 series = {WCCCE '16},
 year = {2016},
 isbn = {978-1-4503-4355-8},
 location = {Kamloops, BC, Canada},
 pages = {6:1--6:6},
 articleno = {6},
 numpages = {6},
 url = {http://doi.acm.org/10.1145/2910925.2910951},
 doi = {10.1145/2910925.2910951},
 acmid = {2910951},
 publisher = {ACM},
 address = {New York, NY, USA},
 keywords = {Education methods, computing science education, experiential learning, real-world experience, research},
}

@inproceedings{Efthimiadis:2007:IEL:1277741.1277982,
 author = {Efthimiadis, Efthimis N. and Freier, Nathan G.},
 title = {IR-Toolbox: An Experiential Learning Tool for Teaching IR},
 booktitle = {Proceedings of the 30th Annual International ACM SIGIR Conference on Research and Development in Information Retrieval},
 series = {SIGIR '07},
 year = {2007},
 isbn = {978-1-59593-597-7},
 location = {Amsterdam, The Netherlands},
 pages = {914--914},
 numpages = {1},
 url = {http://doi.acm.org/10.1145/1277741.1277982},
 doi = {10.1145/1277741.1277982},
 acmid = {1277982},
 publisher = {ACM},
 address = {New York, NY, USA},
 keywords = {experiential learning, science students, teaching information retrieval to library and information},
}

@inproceedings{Schwartzman:2007:STL:2449323.2449334,
 author = {Schwartzman, Leslie},
 title = {Student Transformative Learning in Software Engineering and Design: Discontinuity (Pre)Serves Meaning},
 booktitle = {Proceedings of the Seventh Baltic Sea Conference on Computing Education Research - Volume 88},
 series = {Koli Calling '07},
 year = {2007},
 isbn = {978-1-920682-69-9},
 location = {Koli National Park, Finland},
 pages = {97--108},
 numpages = {12},
 url = {http://dl.acm.org/citation.cfm?id=2449323.2449334},
 acmid = {2449334},
 publisher = {Australian Computer Society, Inc.},
 address = {Darlinghurst, Australia, Australia},
 keywords = {confusion, curriculum, defensiveness, dynamic of rupture, experiential learning, pedagogy, phenomenology, reflectiveness, student feedback},
}

@inproceedings{Rajanen:2019:CSC:3335055.3335077,
 author = {Rajanen, Dorina and Rajanen, Mikko},
 title = {Co-creation of a Safety Culture in Digital Fabrication},
 booktitle = {Proceedings of the FabLearn Europe 2019 Conference},
 series = {FabLearn Europe '19},
 year = {2019},
 isbn = {978-1-4503-6266-5},
 location = {Oulu, Finland},
 pages = {22:1--22:2},
 articleno = {22},
 numpages = {2},
 url = {http://doi.acm.org/10.1145/3335055.3335077},
 doi = {10.1145/3335055.3335077},
 acmid = {3335077},
 publisher = {ACM},
 address = {New York, NY, USA},
 keywords = {Co-creation, Digital fabrication, Experiential learning, Instructional design, Participatory media, Safety culture},
}

@inproceedings{Robinson:2018:CAS:3159450.3159564,
 author = {Robinson, Spencer and Hall, Margeret},
 title = {Combining Agile Software Development and Service-learning: A Case Study in Experiential IS Education},
 booktitle = {Proceedings of the 49th ACM Technical Symposium on Computer Science Education},
 series = {SIGCSE '18},
 year = {2018},
 isbn = {978-1-4503-5103-4},
 location = {Baltimore, Maryland, USA},
 pages = {491--496},
 numpages = {6},
 url = {http://doi.acm.org/10.1145/3159450.3159564},
 doi = {10.1145/3159450.3159564},
 acmid = {3159564},
 publisher = {ACM},
 address = {New York, NY, USA},
 keywords = {agile software development, experiential learning., information systems education, service learning, undergraduate instruction},
}

@inproceedings{Estrada:2017:PRC:3059009.3059025,
 author = {Estrada, Francisco J.},
 title = {Practical Robotics in Computer Science Using the LEGO NXT: An Experience Report},
 booktitle = {Proceedings of the 2017 ACM Conference on Innovation and Technology in Computer Science Education},
 series = {ITiCSE '17},
 year = {2017},
 isbn = {978-1-4503-4704-4},
 location = {Bologna, Italy},
 pages = {329--334},
 numpages = {6},
 url = {http://doi.acm.org/10.1145/3059009.3059025},
 doi = {10.1145/3059009.3059025},
 acmid = {3059025},
 publisher = {ACM},
 address = {New York, NY, USA},
 keywords = {course curriculum, experiential learning, lego nxt, robotic soccer, robotics in computer science},
}

@inproceedings{Pinto-Llorente:2018:RSP:3284179.3284278,
 author = {Pinto-Llorente, Ana M. and S\'{a}nchez-G\'{o}mez, M. Cruz and Mart\'{\i}n-S\'{a}nchez, \'{O}scar Jos{\'e} and Del Moral-Marcos, M. Teresa},
 title = {A Research into the Students' Perceptions of Technology and Inclusive Education},
 booktitle = {Proceedings of the Sixth International Conference on Technological Ecosystems for Enhancing Multiculturality},
 series = {TEEM'18},
 year = {2018},
 isbn = {978-1-4503-6518-5},
 location = {Salamanca, Spain},
 pages = {580--586},
 numpages = {7},
 url = {http://doi.acm.org/10.1145/3284179.3284278},
 doi = {10.1145/3284179.3284278},
 acmid = {3284278},
 publisher = {ACM},
 address = {New York, NY, USA},
 keywords = {Mixed methods research, experiential learning, inclusive education, practicum experience, teacher training, technology},
}

@inproceedings{Dzvonyar:2018:TCS:3194779.3194782,
 author = {Dzvonyar, Dora and Alperowitz, Lukas and Henze, Dominic and Bruegge, Bernd},
 title = {Team Composition in Software Engineering Project Courses},
 booktitle = {Proceedings of the 2Nd International Workshop on Software Engineering Education for Millennials},
 series = {SEEM '18},
 year = {2018},
 isbn = {978-1-4503-5750-0},
 location = {Gothenburg, Sweden},
 pages = {16--23},
 numpages = {8},
 url = {http://doi.acm.org/10.1145/3194779.3194782},
 doi = {10.1145/3194779.3194782},
 acmid = {3194782},
 publisher = {ACM},
 address = {New York, NY, USA},
 keywords = {agile methods, applied education, experiential learning, project course, software engineering, team composition, teamwork},
}

@inproceedings{Ras:2008:IAU:1414004.1414058,
 author = {Ras, Eric},
 title = {Improving Application and Understanding of Experience Packages Through Learning Spaces},
 booktitle = {Proceedings of the Second ACM-IEEE International Symposium on Empirical Software Engineering and Measurement},
 series = {ESEM '08},
 year = {2008},
 isbn = {978-1-59593-971-5},
 location = {Kaiserslautern, Germany},
 pages = {297--299},
 numpages = {3},
 url = {http://doi.acm.org/10.1145/1414004.1414058},
 doi = {10.1145/1414004.1414058},
 acmid = {1414058},
 publisher = {ACM},
 address = {New York, NY, USA},
 keywords = {controlled experiment, experience factory, experience management, experience package, experiential learning, learning space},
}

@inproceedings{Fischlmayr:2012:BCV:2160881.2160887,
 author = {Fischlmayr, Iris},
 title = {Bridging Cultures via an Online Business Simulation over Different Time Zones},
 booktitle = {Proceedings of the 4th International Conference on Intercultural Collaboration},
 series = {ICIC '12},
 year = {2012},
 isbn = {978-1-4503-0818-2},
 location = {Bengaluru, India},
 pages = {31--38},
 numpages = {8},
 url = {http://doi.acm.org/10.1145/2160881.2160887},
 doi = {10.1145/2160881.2160887},
 acmid = {2160887},
 publisher = {ACM},
 address = {New York, NY, USA},
 keywords = {cultural differences, experiential learning, multicultural virtual teams, online business simulation, time zones},
}

@article{Strayer:2005:STP:1089053.1089073,
 author = {Strayer, Susan H.},
 title = {The Student TechCorps: Providing Experiential Learning Opportunities to Students in Computing and Information Science},
 journal = {J. Comput. Sci. Coll.},
 issue_date = {December 2005},
 volume = {21},
 number = {2},
 month = dec,
 year = {2005},
 issn = {1937-4771},
 pages = {143--147},
 numpages = {5},
 url = {http://dl.acm.org/citation.cfm?id=1089053.1089073},
 acmid = {1089073},
 publisher = {Consortium for Computing Sciences in Colleges},
 address = {USA},
}

@inproceedings{Onyango:2017:TIL:3160908.3160920,
 author = {Onyango, George and Gitonga, Rhoda and Rugar, Thaddaeus},
 title = {Technology Integrated Lesson Plan Based on Experiential Learning},
 booktitle = {Proceedings of the 2017 International Conference on Education and E-Learning},
 series = {ICEEL 2017},
 year = {2017},
 isbn = {978-1-4503-5377-9},
 location = {Bangkok, Thailand},
 pages = {34--40},
 numpages = {7},
 url = {http://doi.acm.org/10.1145/3160908.3160920},
 doi = {10.1145/3160908.3160920},
 acmid = {3160920},
 publisher = {ACM},
 address = {New York, NY, USA},
 keywords = {Bybees learning cycle, Kolb's experiential learning theory, Lesson plan, TPACK technology integration model},
}

@inproceedings{Lee:2018:UEI:3197391.3205446,
 author = {Lee, Jennifer and Schwartz, Lexi and Long, Emily and Naseem, Mustafa},
 title = {Using Experiential-Learning and Iterative Design to Benefit Colorado's Refugees},
 booktitle = {Proceedings of the 2018 ACM Conference Companion Publication on Designing Interactive Systems},
 series = {DIS '18 Companion},
 year = {2018},
 isbn = {978-1-4503-5631-2},
 location = {Hong Kong, China},
 pages = {259--263},
 numpages = {5},
 url = {http://doi.acm.org/10.1145/3197391.3205446},
 doi = {10.1145/3197391.3205446},
 acmid = {3205446},
 publisher = {ACM},
 address = {New York, NY, USA},
 keywords = {colorado, experiential learning, human-centered design, immigrants, natural helpers program, refugees, user-centered design},
}

@inproceedings{Sabin:2008:CEL:1414558.1414600,
 author = {Sabin, Mihaela},
 title = {A Collaborative and Experiential Learning Model Powered by Real-world Projects},
 booktitle = {Proceedings of the 9th ACM SIGITE Conference on Information Technology Education},
 series = {SIGITE '08},
 year = {2008},
 isbn = {978-1-60558-329-7},
 location = {Cincinnati, OH, USA},
 pages = {157--164},
 numpages = {8},
 url = {http://doi.acm.org/10.1145/1414558.1414600},
 doi = {10.1145/1414558.1414600},
 acmid = {1414600},
 publisher = {ACM},
 address = {New York, NY, USA},
 keywords = {guided instruction, interactive teaching, real-world team projects, self assessment and assessment of teamwork},
}

@inproceedings{Alavo:2018:IIS:3197091.3205824,
 author = {Alavo, Raymond and Adaikkalavan, Raman and Hakimzadeh, Hossein},
 title = {iScheduler: Intelligent Scheduling System for Academic Institutions},
 booktitle = {Proceedings of the 23rd Annual ACM Conference on Innovation and Technology in Computer Science Education},
 series = {ITiCSE 2018},
 year = {2018},
 isbn = {978-1-4503-5707-4},
 location = {Larnaca, Cyprus},
 pages = {386--386},
 numpages = {1},
 url = {http://doi.acm.org/10.1145/3197091.3205824},
 doi = {10.1145/3197091.3205824},
 acmid = {3205824},
 publisher = {ACM},
 address = {New York, NY, USA},
 keywords = {Class project, Community engagement, Course scheduling, Experiential learning, Web development, Web-based tool},
}

@inproceedings{Zappatore:2016:CAM:2851613.2851699,
 author = {Zappatore, Marco and Longo, Antonella and Bochicchio, Mario A. and Zappatore, Daniele and Morrone, Alessandro A. and De Mitri, Gianluca},
 title = {A Crowdsensing Approach for Mobile Learning in Acoustics and Noise Monitoring},
 booktitle = {Proceedings of the 31st Annual ACM Symposium on Applied Computing},
 series = {SAC '16},
 year = {2016},
 isbn = {978-1-4503-3739-7},
 location = {Pisa, Italy},
 pages = {219--224},
 numpages = {6},
 url = {http://doi.acm.org/10.1145/2851613.2851699},
 doi = {10.1145/2851613.2851699},
 acmid = {2851699},
 publisher = {ACM},
 address = {New York, NY, USA},
 keywords = {acoustics, data warehouse, experiential learning, mobile crowd-sensing, mobile learning, noise monitoring, sensor data management},
}

@inproceedings{Christiansen:1995:MDL:222020.222063,
 author = {Christiansen, Ellen and Dirckinck-Holmfeld, Lone},
 title = {Making Distance Learning Collaborative},
 booktitle = {The First International Conference on Computer Support for Collaborative Learning},
 series = {CSCL '95},
 year = {1995},
 isbn = {0-8058-2243-7},
 location = {Indiana Univ., Bloomington, Indiana, USA},
 pages = {57--61},
 numpages = {5},
 url = {https://doi.org/10.3115/222020.222063},
 doi = {10.3115/222020.222063},
 acmid = {222063},
 publisher = {L. Erlbaum Associates Inc.},
 address = {Hillsdale, NJ, USA},
 keywords = {CSCL, CSCW, collaborative learning, distance learning, experiential learning, problem orientation, project organisation},
}

@inproceedings{Radu:2016:CGS:2930674.2955209,
 author = {Radu, Iulian and Antle, Alissa N.},
 title = {All Creatures Great and Small: Becoming Other Organisms Through the EmbodySuit},
 booktitle = {Proceedings of the The 15th International Conference on Interaction Design and Children},
 series = {IDC '16},
 year = {2016},
 isbn = {978-1-4503-4313-8},
 location = {Manchester, United Kingdom},
 pages = {751--758},
 numpages = {8},
 url = {http://doi.acm.org/10.1145/2930674.2955209},
 doi = {10.1145/2930674.2955209},
 acmid = {2955209},
 publisher = {ACM},
 address = {New York, NY, USA},
 keywords = {Augmented reality, children, cyborgs, design, education, embodied empathy, experiential learning, nanorobots},
}

@inproceedings{Krusche:2017:CLC:3103028.3103043,
 author = {Krusche, Stephan and Bruegge, Bernd and Camilleri, Irina and Krinkin, Kirill and Seitz, Andreas and W\"{o}bker, Cecil},
 title = {Chaordic Learning: A Case Study},
 booktitle = {Proceedings of the 39th International Conference on Software Engineering: Software Engineering and Education Track},
 series = {ICSE-SEET '17},
 year = {2017},
 isbn = {978-1-5386-2671-9},
 location = {Buenos Aires, Argentina},
 pages = {87--96},
 numpages = {10},
 url = {https://doi.org/10.1109/ICSE-SEET.2017.21},
 doi = {10.1109/ICSE-SEET.2017.21},
 acmid = {3103043},
 publisher = {IEEE Press},
 address = {Piscataway, NJ, USA},
 keywords = {agile methods, chaos, creativity, experiential learning, order, self-guided learning, self-organization},
}

@inproceedings{Chee:2002:CSL:1658616.1658789,
 author = {Chee, Yam San and Hooi, Chit Meng},
 title = {C-VISions: Socialized Learning Through Collaborative, Virtual, Interactive Simulations},
 booktitle = {Proceedings of the Conference on Computer Support for Collaborative Learning: Foundations for a CSCL Community},
 series = {CSCL '02},
 year = {2002},
 location = {Boulder, Colorado},
 pages = {687--696},
 numpages = {10},
 url = {http://dl.acm.org/citation.cfm?id=1658616.1658789},
 acmid = {1658789},
 publisher = {International Society of the Learning Sciences},
 keywords = {collaborative learning, constructivism, desktop virtual reality, experiential learning, interactive simulations, networked virtual environments},
}

@inproceedings{Hazari:2004:ISG:1059524.1059539,
 author = {Hazari, Sunil},
 title = {Instructional Strategies for a Graduate Level Information Security Management Course},
 booktitle = {Proceedings of the 1st Annual Conference on Information Security Curriculum Development},
 series = {InfoSecCD '04},
 year = {2004},
 isbn = {1-59593-048-5},
 location = {Kennesaw, Georgia},
 pages = {71--75},
 numpages = {5},
 url = {http://doi.acm.org/10.1145/1059524.1059539},
 doi = {10.1145/1059524.1059539},
 acmid = {1059539},
 publisher = {ACM},
 address = {New York, NY, USA},
 keywords = {course evaluation, course pedagogy, education, experiential learning, information security management, web based learning},
}

@article{Doll:2010:TEM:1899639.1899643,
 author = {Doll, William and Deng, Xiaodong},
 title = {A Technology Empowerment Model for Engineering Work},
 journal = {SIGMIS Database},
 issue_date = {November 2010},
 volume = {41},
 number = {4},
 month = nov,
 year = {2010},
 issn = {0095-0033},
 pages = {52--74},
 numpages = {23},
 url = {http://doi.acm.org/10.1145/1899639.1899643},
 doi = {10.1145/1899639.1899643},
 acmid = {1899643},
 publisher = {ACM},
 address = {New York, NY, USA},
 keywords = {decision support, engineering work, experiential learning, individual differenences, problem solving, psychological empowerment, work process innovation},
}

@inproceedings{Huggard:2016:DRI:2839509.2844650,
 author = {Huggard, Meriel and Mc Goldrick, Ciar\'{a}n},
 title = {Droning On: Reflections on Integrating UAV Technology into a Computer Engineering Design Laboratory},
 booktitle = {Proceedings of the 47th ACM Technical Symposium on Computing Science Education},
 series = {SIGCSE '16},
 year = {2016},
 isbn = {978-1-4503-3685-7},
 location = {Memphis, Tennessee, USA},
 pages = {504--509},
 numpages = {6},
 url = {http://doi.acm.org/10.1145/2839509.2844650},
 doi = {10.1145/2839509.2844650},
 acmid = {2844650},
 publisher = {ACM},
 address = {New York, NY, USA},
 keywords = {collaborative learning, drones, engineering design, experiential learning, laboratory, practical, unmanned aerial vehicles},
}

@inproceedings{Smuts:2014:CRV:2664591.2664603,
 author = {Smuts, Martin and Burger, Clayton and Scholtz, Brenda},
 title = {Composite, Real-time Validation for Business Process Modelling},
 booktitle = {Proceedings of the Southern African Institute for Computer Scientist and Information Technologists Annual Conference 2014 on SAICSIT 2014 Empowered by Technology},
 series = {SAICSIT '14},
 year = {2014},
 isbn = {978-1-4503-3246-0},
 location = {Centurion, South Africa},
 pages = {93:93--93:103},
 articleno = {93},
 numpages = {11},
 url = {http://doi.acm.org/10.1145/2664591.2664603},
 doi = {10.1145/2664591.2664603},
 acmid = {2664603},
 publisher = {ACM},
 address = {New York, NY, USA},
 keywords = {Business Process Management, Business Process Modelling, Event Driven Process Chain (EPC), experiential learning and education, validation},
}

@inproceedings{Faggiani:2018:ELO:3241815.3241859,
 author = {Faggiani, Kathy S. and Dafnis, Bill and Kwan, Matthew},
 title = {Experiential Learning in an Online IT Program: A Case Study of Third-Party Capstone Project Sourcing},
 booktitle = {Proceedings of the 19th Annual SIG Conference on Information Technology Education},
 series = {SIGITE '18},
 year = {2018},
 isbn = {978-1-4503-5954-2},
 location = {Fort Lauderdale, Florida, USA},
 pages = {72--77},
 numpages = {6},
 url = {http://doi.acm.org/10.1145/3241815.3241859},
 doi = {10.1145/3241815.3241859},
 acmid = {3241859},
 publisher = {ACM},
 address = {New York, NY, USA},
 keywords = {experiential learning, industry-based capstone., information technology capstone course, project sources},
}

@inproceedings{Torretta:2016:CCU:2948076.2948120,
 author = {Torretta, Nicholas B. and Clark, Brendon},
 title = {Conditioning Change: Unfolding Interactions for Practice-based Pull for Tech},
 booktitle = {Proceedings of the 14th Participatory Design Conference: Short Papers, Interactive Exhibitions, Workshops - Volume 2},
 series = {PDC '16},
 year = {2016},
 isbn = {978-1-4503-4136-3},
 location = {Aarhus, Denmark},
 pages = {78--79},
 numpages = {2},
 url = {http://doi.acm.org/10.1145/2948076.2948120},
 doi = {10.1145/2948076.2948120},
 acmid = {2948120},
 publisher = {ACM},
 address = {New York, NY, USA},
 keywords = {design intervention, experiential learning, in the wild, sit-talk-sit, social interaction},
}

@inproceedings{Kolpondinos:2017:TGR:3100317.3100320,
 author = {Kolpondinos, Martina Z. Huber and Glinz, Martin},
 title = {Tailoring Gamification to Requirements Elicitation: A Stakeholder Centric Motivation Concept},
 booktitle = {Proceedings of the 10th International Workshop on Cooperative and Human Aspects of Software Engineering},
 series = {CHASE '17},
 year = {2017},
 isbn = {978-1-5386-4039-5},
 location = {Buenos Aires, Argentina},
 pages = {9--15},
 numpages = {7},
 url = {https://doi.org/10.1109/CHASE.2017.4},
 doi = {10.1109/CHASE.2017.4},
 acmid = {3100320},
 publisher = {IEEE Press},
 address = {Piscataway, NJ, USA},
 keywords = {experiential learning, gamification, player types, requirements elicitation, self-determination, skill acquisition},
}

@article{Kesar:2016:ITE:2874239.2874303,
 author = {Kesar, Shalini},
 title = {Including Teaching Ethics into Pedagogy: Preparing Information Systems Students to Meet Global Challenges of Real Business Settings},
 journal = {SIGCAS Comput. Soc.},
 issue_date = {September 2015},
 volume = {45},
 number = {3},
 month = jan,
 year = {2016},
 issn = {0095-2737},
 pages = {432--437},
 numpages = {6},
 url = {http://doi.acm.org/10.1145/2874239.2874303},
 doi = {10.1145/2874239.2874303},
 acmid = {2874303},
 publisher = {ACM},
 address = {New York, NY, USA},
 keywords = {capstone projects, experiential learning, national society for experiential education, pedagogy, soft skills},
}

@article{Watt:1988:ELE:382236.382855,
 author = {Watt, Molly},
 title = {Experiential Learning: Elements to Consider in Designing a Preservice Course in Educational Computing},
 journal = {SIGCUE Outlook},
 issue_date = {Sept. 1988},
 volume = {20},
 number = {1},
 month = sep,
 year = {1988},
 issn = {0163-5735},
 pages = {25--31},
 numpages = {7},
 url = {http://doi.acm.org/10.1145/382236.382855},
 doi = {10.1145/382236.382855},
 acmid = {382855},
 publisher = {ACM},
 address = {New York, NY, USA},
}

@inproceedings{Stanley:2017:CCR:3017680.3017710,
 author = {Stanley, Dannie M.},
 title = {CORP: Co-operative Remote Practicum Work Experience Model for Software Engineering Education},
 booktitle = {Proceedings of the 2017 ACM SIGCSE Technical Symposium on Computer Science Education},
 series = {SIGCSE '17},
 year = {2017},
 isbn = {978-1-4503-4698-6},
 location = {Seattle, Washington, USA},
 pages = {567--571},
 numpages = {5},
 url = {http://doi.acm.org/10.1145/3017680.3017710},
 doi = {10.1145/3017680.3017710},
 acmid = {3017710},
 publisher = {ACM},
 address = {New York, NY, USA},
 keywords = {curriculum, experiential learning, internship, practicum, software development, software engineering, work experience},
}

@inproceedings{Caporusso:2009:PIL:1629501.1629536,
 author = {Caporusso, Nicholas},
 title = {Personality-aware Interfaces for Learning Applications},
 booktitle = {Proceedings of the 37th  Annual ACM SIGUCCS Fall Conference: Communication and Collaboration},
 series = {SIGUCCS '09},
 year = {2009},
 isbn = {978-1-60558-477-5},
 location = {St. Louis, Missouri, USA},
 pages = {189--196},
 numpages = {8},
 url = {http://doi.acm.org/10.1145/1629501.1629536},
 doi = {10.1145/1629501.1629536},
 acmid = {1629536},
 publisher = {ACM},
 address = {New York, NY, USA},
 keywords = {experiential learning theory, learning object, learning style, visual auditory kinesthetic, web-based educational system},
}

@inproceedings{Cornel:2017:SCT:3125659.3125696,
 author = {Cornel, Cariana J. and Rowe, Dale C. and Cornel, Caralea M.},
 title = {Starships and Cybersecurity: Teaching Security Concepts Through Immersive Gaming Experiences},
 booktitle = {Proceedings of the 18th Annual Conference on Information Technology Education},
 series = {SIGITE '17},
 year = {2017},
 isbn = {978-1-4503-5100-3},
 location = {Rochester, New York, USA},
 pages = {27--32},
 numpages = {6},
 url = {http://doi.acm.org/10.1145/3125659.3125696},
 doi = {10.1145/3125659.3125696},
 acmid = {3125696},
 publisher = {ACM},
 address = {New York, NY, USA},
 keywords = {cybersecurity education, experiential learning, gamification, k-12 education, stress management, team collaboration, women in cybersecurity},
}

@inproceedings{Antle:2019:ERS:3311927.3326596,
 author = {Antle, Alissa N. and Sadka, Ofir and Radu, Iulian and Gong, Boxiao and Cheung, Victor and Baishya, Uddipana},
 title = {EmotoTent: Reducing School Violence Through Embodied Empathy Games},
 booktitle = {Proceedings of the 18th ACM International Conference on Interaction Design and Children},
 series = {IDC '19},
 year = {2019},
 isbn = {978-1-4503-6690-8},
 location = {Boise, ID, USA},
 pages = {755--760},
 numpages = {6},
 url = {http://doi.acm.org/10.1145/3311927.3326596},
 doi = {10.1145/3311927.3326596},
 acmid = {3326596},
 publisher = {ACM},
 address = {New York, NY, USA},
 keywords = {Empathy, biosensing, children, embodied learning, experiential learning, holographic environments, mind-body interaction, robotic agents},
}

@inproceedings{dePedroPuente:2007:NMU:1296951.1296961,
 author = {de Pedro Puente, Xavier},
 title = {New Method Using Wikis and Forums to Evaluate Individual Contributions in Cooperative Work While Promoting Experiential Learning:: Results from Preliminary Experience},
 booktitle = {Proceedings of the 2007 International Symposium on Wikis},
 series = {WikiSym '07},
 year = {2007},
 isbn = {978-1-59593-861-9},
 location = {Montreal, Quebec, Canada},
 pages = {87--92},
 numpages = {6},
 url = {http://doi.acm.org/10.1145/1296951.1296961},
 doi = {10.1145/1296951.1296961},
 acmid = {1296961},
 publisher = {ACM},
 address = {New York, NY, USA},
 keywords = {Tikiwiki CMS/Groupware, action log, assessment, computer supported cooperative learning (CSCL), experiential-reflective learning, individual contributions, knowledge building},
}

@inproceedings{Adya:2007:BGS:1235000.1235006,
 author = {Adya, Monica and Nath, Dhruv and Malik, Amit and Sridhar, Varadharajan},
 title = {Bringing Global Sourcing into the Classroom: Experiential Learning via Software Development Project},
 booktitle = {Proceedings of the 2007 ACM SIGMIS CPR Conference on Computer Personnel Research: The Global Information Technology Workforce},
 series = {SIGMIS CPR '07},
 year = {2007},
 isbn = {978-1-59593-641-7},
 location = {St. Louis, Missouri, USA},
 pages = {20--27},
 numpages = {8},
 url = {http://doi.acm.org/10.1145/1235000.1235006},
 doi = {10.1145/1235000.1235006},
 acmid = {1235006},
 publisher = {ACM},
 address = {New York, NY, USA},
 keywords = {cultural differences, global communications, project management, success factors, time zone management, virtual teams},
}

@inproceedings{Zarestky:2014:THP:2690854.2690860,
 author = {Zarestky, Jill and Bangerth, Wolfgang},
 title = {Teaching High Performance Computing: Lessons from a Flipped Classroom, Project-based Course on Finite Element Methods},
 booktitle = {Proceedings of the Workshop on Education for High-Performance Computing},
 series = {EduHPC '14},
 year = {2014},
 isbn = {978-1-4799-7021-6},
 location = {New Orleans, Louisiana},
 pages = {34--41},
 numpages = {8},
 url = {http://dx.doi.org/10.1109/EduHPC.2014.10},
 doi = {10.1109/EduHPC.2014.10},
 acmid = {2690860},
 publisher = {IEEE Press},
 address = {Piscataway, NJ, USA},
 keywords = {HPC education, experiential learning, flipped classroom, journaling, practitioner's report of experience, qualitative research, reflective writing, student engagement, teaching and technology},
}

@inproceedings{Saksono:2019:SRF:3290605.3300543,
 author = {Saksono, Herman and Castaneda-Sceppa, Carmen and Hoffman, Jessica and Seif El-Nasr, Magy and Morris, Vivien and Parker, Andrea G.},
 title = {Social Reflections on Fitness Tracking Data: A Study with Families in Low-SES Neighborhoods},
 booktitle = {Proceedings of the 2019 CHI Conference on Human Factors in Computing Systems},
 series = {CHI '19},
 year = {2019},
 isbn = {978-1-4503-5970-2},
 location = {Glasgow, Scotland Uk},
 pages = {313:1--313:14},
 articleno = {313},
 numpages = {14},
 url = {http://doi.acm.org/10.1145/3290605.3300543},
 doi = {10.1145/3290605.3300543},
 acmid = {3300543},
 publisher = {ACM},
 address = {New York, NY, USA},
 keywords = {children, experiential learning, family, fitness tracking data, low-ses, personal health informatics, physical activity, reflection, self-monitoring, wearables},
}

@inproceedings{Alekh:2018:ASF:3213818.3213830,
 author = {Alekh, Velayudhan and Vennila, Vilvanathan and Nair, Rahul and Susmitha, Vattigunta and Muraleedharan, Anirudh and Alkoyak-Yildiz, Meltem and Akshay, Nagarajan and Bhavani, Rao R.},
 title = {Aim for the Sky: Fostering a Constructionist Learning Environment for Teaching Maker Skills to Children in India},
 booktitle = {Proceedings of the Conference on Creativity and Making in Education},
 series = {FabLearn Europe'18},
 year = {2018},
 isbn = {978-1-4503-5371-7},
 location = {Trondheim, Norway},
 pages = {87--94},
 numpages = {8},
 url = {http://doi.acm.org/10.1145/3213818.3213830},
 doi = {10.1145/3213818.3213830},
 acmid = {3213830},
 publisher = {ACM},
 address = {New York, NY, USA},
 keywords = {21st century skills, Experiential learning, Higher order thinking skills, Product design, STEM, co-creation, constraint based design, constructionism, middle school education, participatory design},
}

@article{Ferguson:2000:DTT:369279.369373,
 author = {Ferguson, Courtney S. and Little, Shade K. and McClelland, Marilyn K.},
 title = {Developing Teamwork Through Experiential Learning},
 journal = {J. Comput. Sci. Coll.},
 issue_date = {Jan. 2001},
 volume = {16},
 number = {2},
 month = oct,
 year = {2000},
 issn = {1937-4771},
 pages = {268--280},
 numpages = {13},
 url = {http://dl.acm.org/citation.cfm?id=369279.369373},
 acmid = {369373},
 publisher = {Consortium for Computing Sciences in Colleges},
 address = {USA},
}

@inproceedings{Ferguson:2000:DTT:369274.369373,
 author = {Ferguson, Courtney S. and Little, Shade K. and McClelland, Marilyn K.},
 title = {Developing Teamwork Through Experiential Learning},
 booktitle = {Proceedings of the Second Annual CCSC on Computing in Small Colleges Northwestern Conference},
 year = {2000},
 location = {Oregon Graduate Institute, Beaverton, Oregon, USA},
 pages = {268--280},
 numpages = {13},
 url = {http://dl.acm.org/citation.cfm?id=369274.369373},
 acmid = {369373},
 publisher = {Consortium for Computing Sciences in Colleges},
 address = {USA},
}

@inproceedings{Ferguson:2000:DTT:369340.369373,
 author = {Ferguson, Courtney S. and Little, Shade K. and McClelland, Marilyn K.},
 title = {Developing Teamwork Through Experiential Learning},
 booktitle = {Proceedings of the Fourteenth Annual Consortium on Small Colleges Southeastern Conference},
 series = {CCSC '00},
 year = {2000},
 location = {Roanoke College, Salem, Virginia, USA},
 pages = {268--280},
 numpages = {13},
 url = {http://dl.acm.org/citation.cfm?id=369340.369373},
 acmid = {369373},
 publisher = {Consortium for Computing Sciences in Colleges},
 address = {USA},
}

@inproceedings{Chattopadhyay:2018:TNV:3241815.3241883,
 author = {Chattopadhyay, Ankur and Christian, David and Ulman, Adam and Petty, Sallie},
 title = {Towards A Novel Visual Privacy Themed Educational Tool for Cybersecurity Awareness and K-12 Outreach},
 booktitle = {Proceedings of the 19th Annual SIG Conference on Information Technology Education},
 series = {SIGITE '18},
 year = {2018},
 isbn = {978-1-4503-5954-2},
 location = {Fort Lauderdale, Florida, USA},
 pages = {159--159},
 numpages = {1},
 url = {http://doi.acm.org/10.1145/3241815.3241883},
 doi = {10.1145/3241815.3241883},
 acmid = {3241883},
 publisher = {ACM},
 address = {New York, NY, USA},
 keywords = {applied cryptography, awareness, cybersecurity, educational tool, experiential learning model, human security, it computing, k-12, middle-school, outreach, privacy-enhanced computer vision, public surveillance, pva, reverse engineering, security versus privacy tradeoffs, social dimensions, social media, societal security, usable information security, visual privacy theme, workshop module},
}

@inproceedings{Barkmin:2018:EEC:3265757.3265792,
 author = {Barkmin, Mike and Brinda, Torsten},
 title = {Exploring and Evaluating Computing Systems for Use in Learning Scenarios by Creating an E-portfolio: Course Design and First Experiences},
 booktitle = {Proceedings of the 13th Workshop in Primary and Secondary Computing Education},
 series = {WiPSCE '18},
 year = {2018},
 isbn = {978-1-4503-6588-8},
 location = {Potsdam, Germany},
 pages = {34:1--34:2},
 articleno = {34},
 numpages = {2},
 url = {http://doi.acm.org/10.1145/3265757.3265792},
 doi = {10.1145/3265757.3265792},
 acmid = {3265792},
 publisher = {ACM},
 address = {New York, NY, USA},
 keywords = {E-portfolio, computing systems, teacher education},
}

@inproceedings{Olson:2018:AAA:3241815.3241828,
 author = {Olson, Brandon and Gibbons, Thomas},
 title = {Applying an Agile Approach to Improve the Student Experience and Performance in a Capstone Project},
 booktitle = {Proceedings of the 19th Annual SIG Conference on Information Technology Education},
 series = {SIGITE '18},
 year = {2018},
 isbn = {978-1-4503-5954-2},
 location = {Fort Lauderdale, Florida, USA},
 pages = {87--87},
 numpages = {1},
 url = {http://doi.acm.org/10.1145/3241815.3241828},
 doi = {10.1145/3241815.3241828},
 acmid = {3241828},
 publisher = {ACM},
 address = {New York, NY, USA},
 keywords = {agile, capstone projects, community-based projects, scrum},
}

@inproceedings{Rieks:2011:BTP:1940761.1940897,
 author = {Rieks, Angela Ramnarine- and Greene, Delicia Tiera and Costa, Mark R. and Flaherty, Mary Grace and Solinger, Carrie},
 title = {Bridging Theory and Practice: Connecting Coursework to Internships in LIS Programs},
 booktitle = {Proceedings of the 2011 iConference},
 series = {iConference '11},
 year = {2011},
 isbn = {978-1-4503-0121-3},
 location = {Seattle, Washington, USA},
 pages = {763--764},
 numpages = {2},
 url = {http://doi.acm.org/10.1145/1940761.1940897},
 doi = {10.1145/1940761.1940897},
 acmid = {1940897},
 publisher = {ACM},
 address = {New York, NY, USA},
 keywords = {assessment, education, internships, libraries, practicum},
}

@inproceedings{Randolph:2008:ACS:1414558.1414582,
 author = {Randolph, Gary B. and Owen, Dennis O.},
 title = {Attracting Communities and Students to IT with a Community Service Web Contest},
 booktitle = {Proceedings of the 9th ACM SIGITE Conference on Information Technology Education},
 series = {SIGITE '08},
 year = {2008},
 isbn = {978-1-60558-329-7},
 location = {Cincinnati, OH, USA},
 pages = {77--80},
 numpages = {4},
 url = {http://doi.acm.org/10.1145/1414558.1414582},
 doi = {10.1145/1414558.1414582},
 acmid = {1414582},
 publisher = {ACM},
 address = {New York, NY, USA},
 keywords = {computer education enrollment, engagement, web contest},
}

@inproceedings{Park:2012:FDA:2212776.2223813,
 author = {Park, Ji Hyun and Abirached, Bretagne and Zhang, Yan},
 title = {A Framework for Designing Assistive Technologies for Teaching Children with ASDs Emotions},
 booktitle = {CHI '12 Extended Abstracts on Human Factors in Computing Systems},
 series = {CHI EA '12},
 year = {2012},
 isbn = {978-1-4503-1016-1},
 location = {Austin, Texas, USA},
 pages = {2423--2428},
 numpages = {6},
 url = {http://doi.acm.org/10.1145/2212776.2223813},
 doi = {10.1145/2212776.2223813},
 acmid = {2223813},
 publisher = {ACM},
 address = {New York, NY, USA},
 keywords = {assistive technology, autism spectrum disorders, design guidelines, emotion, game, learning theories},
}

@inproceedings{Hall:2009:FPC:1551788.1551854,
 author = {Hall, Lynne and Jones, Susan and Paiva, Ana and Aylett, Ruth},
 title = {FearNot!: Providing Children with Strategies to Cope with Bullying},
 booktitle = {Proceedings of the 8th International Conference on Interaction Design and Children},
 series = {IDC '09},
 year = {2009},
 isbn = {978-1-60558-395-2},
 location = {Como, Italy},
 pages = {276--277},
 numpages = {2},
 url = {http://doi.acm.org/10.1145/1551788.1551854},
 doi = {10.1145/1551788.1551854},
 acmid = {1551854},
 publisher = {ACM},
 address = {New York, NY, USA},
 keywords = {bullying, coping strategies, role play, synthetic characters, virtual learning environments},
}

@inproceedings{Richards:2006:TTS:1111449.1111524,
 author = {Richards, Debbie and Szilas, Nicolas},
 title = {Training a Training System},
 booktitle = {Proceedings of the 11th International Conference on Intelligent User Interfaces},
 series = {IUI '06},
 year = {2006},
 isbn = {1-59593-287-9},
 location = {Sydney, Australia},
 pages = {321--323},
 numpages = {3},
 url = {http://doi.acm.org/10.1145/1111449.1111524},
 doi = {10.1145/1111449.1111524},
 acmid = {1111524},
 publisher = {ACM},
 address = {New York, NY, USA},
 keywords = {adaptive interfaces, animation, knowledge based systems, narrative intelligence, training},
}

@inproceedings{Lakin:2013:EIA:2504459.2504487,
 author = {Lakin, Susan and Geigel, Joe},
 title = {Exploring the Intersection Between Art, Music, and Technology},
 booktitle = {ACM SIGGRAPH 2013 Talks},
 series = {SIGGRAPH '13},
 year = {2013},
 isbn = {978-1-4503-2344-4},
 location = {Anaheim, California},
 pages = {22:1--22:1},
 articleno = {22},
 numpages = {1},
 url = {http://doi.acm.org/10.1145/2504459.2504487},
 doi = {10.1145/2504459.2504487},
 acmid = {2504487},
 publisher = {ACM},
 address = {New York, NY, USA},
}

@article{Paul:2006:LSK:1181811.1181846,
 author = {Paul, Jody},
 title = {Leveraging Students Knowledge: Introducing CS 1 Concepts},
 journal = {J. Comput. Sci. Coll.},
 issue_date = {October 2006},
 volume = {22},
 number = {1},
 month = oct,
 year = {2006},
 issn = {1937-4771},
 pages = {246--252},
 numpages = {7},
 url = {http://dl.acm.org/citation.cfm?id=1181811.1181846},
 acmid = {1181846},
 publisher = {Consortium for Computing Sciences in Colleges},
 address = {USA},
}

@article{Litz:2017:UEG:3144645.3144665,
 author = {Litz, Trisha and Pyatt, Kevin},
 title = {Using an Educational Game to Increase Student Engagement \&\#38; Learning},
 journal = {J. Comput. Sci. Coll.},
 issue_date = {December 2017},
 volume = {33},
 number = {2},
 month = dec,
 year = {2017},
 issn = {1937-4771},
 pages = {129--133},
 numpages = {5},
 url = {http://dl.acm.org/citation.cfm?id=3144645.3144665},
 acmid = {3144665},
 publisher = {Consortium for Computing Sciences in Colleges},
 address = {USA},
}

@article{Tucker:2015:SPE:2831432.2831452,
 author = {Tucker, Emily and Terry, Jaden and Bryant, Quinn and Peterson, John},
 title = {A Student Project Experience: A Virtual Campus Tour},
 journal = {J. Comput. Sci. Coll.},
 issue_date = {December 2015},
 volume = {31},
 number = {2},
 month = dec,
 year = {2015},
 issn = {1937-4771},
 pages = {128--134},
 numpages = {7},
 url = {http://dl.acm.org/citation.cfm?id=2831432.2831452},
 acmid = {2831452},
 publisher = {Consortium for Computing Sciences in Colleges},
 address = {USA},
}

@inproceedings{Benavides:2015:IRI:2800835.2800882,
 author = {Benavides, Xavier and Amores, Judith and Maes, Pattie},
 title = {Invisibilia: Revealing Invisible Data Using Augmented Reality and Internet Connected Devices},
 booktitle = {Adjunct Proceedings of the 2015 ACM International Joint Conference on Pervasive and Ubiquitous Computing and Proceedings of the 2015 ACM International Symposium on Wearable Computers},
 series = {UbiComp/ISWC'15 Adjunct},
 year = {2015},
 isbn = {978-1-4503-3575-1},
 location = {Osaka, Japan},
 pages = {341--344},
 numpages = {4},
 url = {http://doi.acm.org/10.1145/2800835.2800882},
 doi = {10.1145/2800835.2800882},
 acmid = {2800882},
 publisher = {ACM},
 address = {New York, NY, USA},
 keywords = {DIY, augmented reality, remote collaboration, shared experiences, telepresence},
}

@inproceedings{Kurkovsky:2014:ICM:2591708.2591735,
 author = {Kurkovsky, Stan},
 title = {Interdisciplinary Connections in a Mobile Computing and Robotics Course},
 booktitle = {Proceedings of the 2014 Conference on Innovation \&\#38; Technology in Computer Science Education},
 series = {ITiCSE '14},
 year = {2014},
 isbn = {978-1-4503-2833-3},
 location = {Uppsala, Sweden},
 pages = {309--314},
 numpages = {6},
 url = {http://doi.acm.org/10.1145/2591708.2591735},
 doi = {10.1145/2591708.2591735},
 acmid = {2591735},
 publisher = {ACM},
 address = {New York, NY, USA},
 keywords = {android, mobile application development, mobile computing, robotics, sphero},
}

@article{Mitchell:1991:RSP:128000.904004,
 author = {Mitchell, William},
 title = {How Realistic Should a Software Project Course Be?},
 journal = {J. Comput. Sci. Coll.},
 issue_date = {May 1991},
 volume = {6},
 number = {5},
 month = apr,
 year = {1991},
 issn = {1937-4771},
 pages = {69--73},
 numpages = {5},
 url = {http://dl.acm.org/citation.cfm?id=128000.904004},
 acmid = {904004},
 publisher = {Consortium for Computing Sciences in Colleges},
 address = {USA},
}

@article{Sanderson:2003:WCS:948737.948747,
 author = {Sanderson, Pete},
 title = {Where's (the) Computer Science in Service-learning?},
 journal = {J. Comput. Sci. Coll.},
 issue_date = {October 2003},
 volume = {19},
 number = {1},
 month = oct,
 year = {2003},
 issn = {1937-4771},
 pages = {83--89},
 numpages = {7},
 url = {http://dl.acm.org/citation.cfm?id=948737.948747},
 acmid = {948747},
 publisher = {Consortium for Computing Sciences in Colleges},
 address = {USA},
}

@inproceedings{Hobbs:2014:ICE:2597959.2597967,
 author = {Hobbs, Christopher K. and Tsang, Herbert H.},
 title = {Industry in the Classroom: Equipping Students with Real-World Experience A Reflection on the Effects of Industry Partnered Projects on Computing Education},
 booktitle = {Proceedings of the Western Canadian Conference on Computing Education},
 series = {WCCCE '14},
 year = {2014},
 isbn = {978-1-4503-2899-9},
 location = {Richmond, BC, Canada},
 pages = {7:1--7:5},
 articleno = {7},
 numpages = {5},
 url = {http://doi.acm.org/10.1145/2597959.2597967},
 doi = {10.1145/2597959.2597967},
 acmid = {2597967},
 publisher = {ACM},
 address = {New York, NY, USA},
 keywords = {Education methods, industry partners, real-world experience, software development},
}

@inproceedings{Neis:2018:DUA:3159450.3162243,
 author = {Neis, Matthew and Cefalu, Vincent and Chattopadhyay, Ankur},
 title = {Developing a Unique Android App-driven Nifty Middle-School Educational Module on Mobile Security for Driving Basic Information Security Awareness and Generating Interests in Cybersecurity: (Abstract Only)},
 booktitle = {Proceedings of the 49th ACM Technical Symposium on Computer Science Education},
 series = {SIGCSE '18},
 year = {2018},
 isbn = {978-1-4503-5103-4},
 location = {Baltimore, Maryland, USA},
 pages = {1081--1081},
 numpages = {1},
 url = {http://doi.acm.org/10.1145/3159450.3162243},
 doi = {10.1145/3159450.3162243},
 acmid = {3162243},
 publisher = {ACM},
 address = {New York, NY, USA},
 keywords = {android app, android permissions, cybersecurity, educational module, ethics, exploit hacking, google ignitecs, information security, k-12, middle-school, mobile security, nifty, nsa gencyber, password},
}

@inproceedings{Bassilious:2012:PDS:2212776.2212449,
 author = {Bassilious, Ereny and DeChamplain, Aaron and McCabe, Ian and Stephan, Matt and Kapralos, Bill and Mahmud, Farid H. and Dubrowski, Adam},
 title = {Power Defense: A Serious Game for Improving Diabetes Numeracy},
 booktitle = {CHI '12 Extended Abstracts on Human Factors in Computing Systems},
 series = {CHI EA '12},
 year = {2012},
 isbn = {978-1-4503-1016-1},
 location = {Austin, Texas, USA},
 pages = {1327--1332},
 numpages = {6},
 url = {http://doi.acm.org/10.1145/2212776.2212449},
 doi = {10.1145/2212776.2212449},
 acmid = {2212449},
 publisher = {ACM},
 address = {New York, NY, USA},
 keywords = {adolescent, diabetes, diabetes numeracy, serious games, type 1 diabetes, video game-based learning},
}

@inproceedings{Kefalidou:2015:RSK:2786567.2794329,
 author = {Kefalidou, Genovefa and Hoang, Viet and Padiyil, Muhammed Hunaif and Bedwell, Benjamin},
 title = {Retroflection: Self-Reflection for Knowledge and Culture Sustainability},
 booktitle = {Proceedings of the 17th International Conference on Human-Computer Interaction with Mobile Devices and Services Adjunct},
 series = {MobileHCI '15},
 year = {2015},
 isbn = {978-1-4503-3653-6},
 location = {Copenhagen, Denmark},
 pages = {1046--1049},
 numpages = {4},
 url = {http://doi.acm.org/10.1145/2786567.2794329},
 doi = {10.1145/2786567.2794329},
 acmid = {2794329},
 publisher = {ACM},
 address = {New York, NY, USA},
 keywords = {Self-reflection, cultural heritage, psychogeographical trails, retroflection, sustainability},
}

@article{Hutton:2005:SRS:1060405.1060426,
 author = {Hutton, Stuart L. and Sonnier, David L.},
 title = {Super Realistic and Surrealistic Visualizations in Physics, Math and Computer Science},
 journal = {J. Comput. Sci. Coll.},
 issue_date = {June 2005},
 volume = {20},
 number = {6},
 month = jun,
 year = {2005},
 issn = {1937-4771},
 pages = {125--133},
 numpages = {9},
 url = {http://dl.acm.org/citation.cfm?id=1060405.1060426},
 acmid = {1060426},
 publisher = {Consortium for Computing Sciences in Colleges},
 address = {USA},
}

@inproceedings{Diaz:2019:LCV:3335595.3335629,
 author = {D\'{\i}az, Paloma and Zarraonand\'{\i}a, Telmo and S\'{a}nchez-Francisco, M\'{o}nica and Aedo, Ignacio and Onorati, Teresa},
 title = {Do Low Cost Virtual Reality Devices Support Learning Acquisition?: A Comparative Study of Two Different VR Devices},
 booktitle = {Proceedings of the XX International Conference on Human Computer Interaction},
 series = {Interacci\&\#243;n '19},
 year = {2019},
 isbn = {978-1-4503-7176-6},
 location = {Donostia, Gipuzkoa, Spain},
 pages = {5:1--5:8},
 articleno = {5},
 numpages = {8},
 url = {http://doi.acm.org/10.1145/3335595.3335629},
 doi = {10.1145/3335595.3335629},
 acmid = {3335629},
 publisher = {ACM},
 address = {New York, NY, USA},
 keywords = {Virtual reality, empirical study, learning affordances, wearables devices},
}

@inproceedings{Harrell:2015:SCC:2831425.2831428,
 author = {Harrell, Stephen Lien and Nam, Hai Ah and Larrea, Ver\'{o}nica G. Vergara and Keville, Kurt and Kamalic, Dan},
 title = {Student Cluster Competition: A Multi-disciplinary Undergraduate HPC Educational Tool},
 booktitle = {Proceedings of the Workshop on Education for High-Performance Computing},
 series = {EduHPC '15},
 year = {2015},
 isbn = {978-1-4503-3961-2},
 location = {Austin, Texas},
 pages = {4:1--4:8},
 articleno = {4},
 numpages = {8},
 url = {http://doi.acm.org/10.1145/2831425.2831428},
 doi = {10.1145/2831425.2831428},
 acmid = {2831428},
 publisher = {ACM},
 address = {New York, NY, USA},
 keywords = {HPC, PDC, curriculum, education, student cluster competition, undergraduate},
}

@article{Olfman:1992:ITM:141342.141347,
 author = {Olfman, Lorne and Bostrom, Robert P.},
 title = {Innovative Teaching Materials and Methods for Systems Analysis and Design},
 journal = {SIGMIS Database},
 issue_date = {Spring 1992},
 volume = {23},
 number = {2},
 month = may,
 year = {1992},
 issn = {0095-0033},
 pages = {7--12},
 numpages = {6},
 url = {http://doi.acm.org/10.1145/141342.141347},
 doi = {10.1145/141342.141347},
 acmid = {141347},
 publisher = {ACM},
 address = {New York, NY, USA},
 keywords = {curriculum design, systems analysis and design, systems development, teaching},
}

@inproceedings{Chan:2013:LAL:2485760.2485812,
 author = {Chan, Joshua and Pondicherry, Tarun and Blikstein, Paulo},
 title = {LightUp: An Augmented, Learning Platform for Electronics},
 booktitle = {Proceedings of the 12th International Conference on Interaction Design and Children},
 series = {IDC '13},
 year = {2013},
 isbn = {978-1-4503-1918-8},
 location = {New York, New York, USA},
 pages = {491--494},
 numpages = {4},
 url = {http://doi.acm.org/10.1145/2485760.2485812},
 doi = {10.1145/2485760.2485812},
 acmid = {2485812},
 publisher = {ACM},
 address = {New York, NY, USA},
 keywords = {constructionism, education, electronics, tangible interfaces},
}

@inproceedings{Mahgoub:2012:ICB:2379636.2379669,
 author = {Mahgoub, Salma and Nadeem, Farrukh},
 title = {Interactive Case Based Learning in Teaching Decision Support Systems and Business Intelligence},
 booktitle = {Proceedings of the 13th International Conference on Interacci\'{O}N Persona-Ordenador},
 series = {INTERACCION '12},
 year = {2012},
 isbn = {978-1-4503-1314-8},
 location = {Elche, Spain},
 pages = {34:1--34:4},
 articleno = {34},
 numpages = {4},
 url = {http://doi.acm.org/10.1145/2379636.2379669},
 doi = {10.1145/2379636.2379669},
 acmid = {2379669},
 publisher = {ACM},
 address = {New York, NY, USA},
 keywords = {business intelligence course, case-based learning, decision support systems},
}

@inproceedings{Despeisse:2018:GSI:3320516.3320999,
 author = {Despeisse, M{\'e}lanie},
 title = {Games and Simulations in Industrial Engineering Education: A Review of the Cognitive and Affective Learning Outcomes},
 booktitle = {Proceedings of the 2018 Winter Simulation Conference},
 series = {WSC '18},
 year = {2018},
 isbn = {978-1-5386-6570},
 location = {Gothenburg, Sweden},
 pages = {4046--4057},
 numpages = {12},
 url = {http://dl.acm.org/citation.cfm?id=3320516.3320999},
 acmid = {3320999},
 publisher = {IEEE Press},
 address = {Piscataway, NJ, USA},
}

@article{Ruth:2010:CDI:1629116.1629133,
 author = {Ruth, Michael and Ionescu, Adrian},
 title = {Cyber-politics: Developing an Interdisciplinary Learning Community in an Election Year},
 journal = {J. Comput. Sci. Coll.},
 issue_date = {January 2010},
 volume = {25},
 number = {3},
 month = jan,
 year = {2010},
 issn = {1937-4771},
 pages = {94--100},
 numpages = {7},
 url = {http://dl.acm.org/citation.cfm?id=1629116.1629133},
 acmid = {1629133},
 publisher = {Consortium for Computing Sciences in Colleges},
 address = {USA},
}

@inproceedings{Wilson:2018:IDL:3290511.3290522,
 author = {Wilson, Marie Florence and Salis, Carole and Murgia, Fabrizio},
 title = {The Innovative Didactic Labs of the Iscol@ Project},
 booktitle = {Proceedings of the 10th International Conference on Education Technology and Computers},
 series = {ICETC '18},
 year = {2018},
 isbn = {978-1-4503-6517-8},
 location = {Tokyo, Japan},
 pages = {129--135},
 numpages = {7},
 url = {http://doi.acm.org/10.1145/3290511.3290522},
 doi = {10.1145/3290511.3290522},
 acmid = {3290522},
 publisher = {ACM},
 address = {New York, NY, USA},
 keywords = {collaborative learning, cooperation with industry in teaching, extracurricular activities, mobile learning, school dropout prevention, technology enhanced learning},
}

@inproceedings{Hashimov:2012:LOD:2379057.2379105,
 author = {Hashimov, Elmar and McNely, Brian},
 title = {Left to Their Own Devices: Ad Hoc Genres and the Design of Transmedia Narratives},
 booktitle = {Proceedings of the 30th ACM International Conference on Design of Communication},
 series = {SIGDOC '12},
 year = {2012},
 isbn = {978-1-4503-1497-8},
 location = {Seattle, Washington, USA},
 pages = {251--260},
 numpages = {10},
 url = {http://doi.acm.org/10.1145/2379057.2379105},
 doi = {10.1145/2379057.2379105},
 acmid = {2379105},
 publisher = {ACM},
 address = {New York, NY, USA},
 keywords = {WAGR, activity theory, genre, mediation, transmedia},
}

@inproceedings{Karim:2006:PPL:1194541.1194667,
 author = {Karim, Samin and Subagdja, Budhitama and Sonenberg, Liz},
 title = {Plans As Products of Learning},
 booktitle = {Proceedings of the IEEE/WIC/ACM International Conference on Intelligent Agent Technology},
 series = {IAT '06},
 year = {2006},
 isbn = {0-7695-2748-5},
 pages = {139--145},
 numpages = {7},
 url = {http://dx.doi.org/10.1109/IAT.2006.100},
 doi = {10.1109/IAT.2006.100},
 acmid = {1194667},
 publisher = {IEEE Computer Society},
 address = {Washington, DC, USA},
}

@article{Tan:2005:ISL:1047846.1047854,
 author = {Tan, Joo and Phillips, John},
 title = {Incorporating Service Learning into Computer Science Courses},
 journal = {J. Comput. Sci. Coll.},
 issue_date = {April 2005},
 volume = {20},
 number = {4},
 month = apr,
 year = {2005},
 issn = {1937-4771},
 pages = {57--62},
 numpages = {6},
 url = {http://dl.acm.org/citation.cfm?id=1047846.1047854},
 acmid = {1047854},
 publisher = {Consortium for Computing Sciences in Colleges},
 address = {USA},
}

@article{deBry:2004:LER:1040231.1040268,
 author = {deBry, Roger},
 title = {Learning Exercises for the Rest of the Brain},
 journal = {J. Comput. Sci. Coll.},
 issue_date = {October 2004},
 volume = {20},
 number = {1},
 month = oct,
 year = {2004},
 issn = {1937-4771},
 pages = {291--296},
 numpages = {6},
 url = {http://dl.acm.org/citation.cfm?id=1040231.1040268},
 acmid = {1040268},
 publisher = {Consortium for Computing Sciences in Colleges},
 address = {USA},
}

@inproceedings{D'Ignazio:2012:UIE:2132176.2132304,
 author = {D'Ignazio, John and Qin, Jian and Kitlas, Joshua},
 title = {Using Internship Experience to Evaluate a New Program in eScience Librarianship},
 booktitle = {Proceedings of the 2012 iConference},
 series = {iConference '12},
 year = {2012},
 isbn = {978-1-4503-0782-6},
 location = {Toronto, Ontario, Canada},
 pages = {601--602},
 numpages = {2},
 url = {http://doi.acm.org/10.1145/2132176.2132304},
 doi = {10.1145/2132176.2132304},
 acmid = {2132304},
 publisher = {ACM},
 address = {New York, NY, USA},
 keywords = {assessment, eScience, internships, science data management},
}

@inproceedings{Franco:2006:CGI:1179295.1179338,
 author = {Franco, Jorge Ferreira and da Cruz, Sandra Regina and de Deus Lopes, Roseli},
 title = {Computer Graphics, Interactive Technologies and Collaborative Learning Synergy Supporting Individuals' Skills Development},
 booktitle = {ACM SIGGRAPH 2006 Educators Program},
 series = {SIGGRAPH '06},
 year = {2006},
 isbn = {1-59593-364-6},
 location = {Boston, Massachusetts},
 articleno = {42},
 url = {http://doi.acm.org/10.1145/1179295.1179338},
 doi = {10.1145/1179295.1179338},
 acmid = {1179338},
 publisher = {ACM},
 address = {New York, NY, USA},
 keywords = {education, hypermedia, interactive graphics, literacy, social inclusion, virtual reality},
}

@inproceedings{Pauca:2012:MAG:2157136.2157291,
 author = {Pauca, Victor Paul and Guy, Richard T.},
 title = {Mobile Apps for the Greater Good: A Socially Relevant Approach to Software Engineering},
 booktitle = {Proceedings of the 43rd ACM Technical Symposium on Computer Science Education},
 series = {SIGCSE '12},
 year = {2012},
 isbn = {978-1-4503-1098-7},
 location = {Raleigh, North Carolina, USA},
 pages = {535--540},
 numpages = {6},
 url = {http://doi.acm.org/10.1145/2157136.2157291},
 doi = {10.1145/2157136.2157291},
 acmid = {2157291},
 publisher = {ACM},
 address = {New York, NY, USA},
 keywords = {mobile computing, socially relevant computing, teaching software engineering},
}

@article{deBry:2011:LSB:2038836.2038837,
 author = {deBry, Roger},
 title = {A Learning Space for Beginning Programming Students},
 journal = {J. Comput. Sci. Coll.},
 issue_date = {December 2011},
 volume = {27},
 number = {2},
 month = dec,
 year = {2011},
 issn = {1937-4771},
 pages = {4--11},
 numpages = {8},
 url = {http://dl.acm.org/citation.cfm?id=2038836.2038837},
 acmid = {2038837},
 publisher = {Consortium for Computing Sciences in Colleges},
 address = {USA},
}

@inproceedings{Livermore:2011:CTP:2047456.2047467,
 author = {Livermore, Jeffrey and Baker, Kathryn and Krolczyk, Virginia and Saurbier, Ann},
 title = {Capstone, Thesis, or Practicum?: The State of the Practice in IA Education},
 booktitle = {Proceedings of the 2011 Information Security Curriculum Development Conference},
 series = {InfoSecCD '11},
 year = {2011},
 isbn = {978-1-4503-0812-0},
 location = {Kennesaw, Georgia},
 pages = {69--73},
 numpages = {5},
 url = {http://doi.acm.org/10.1145/2047456.2047467},
 doi = {10.1145/2047456.2047467},
 acmid = {2047467},
 publisher = {ACM},
 address = {New York, NY, USA},
 keywords = {capstone, graduate program design, practicum, thesis},
}

@inproceedings{Stapleton:2005:ANC:1104996.1105178,
 author = {Stapleton, Christopher and Smith, Eileen and Hughes, Charles E.},
 title = {The Art of Nurturing Citizen Scientists Through Mixed Reality},
 booktitle = {Proceedings of the 4th IEEE/ACM International Symposium on Mixed and Augmented Reality},
 series = {ISMAR '05},
 year = {2005},
 isbn = {0-7695-2459-1},
 pages = {2--11},
 numpages = {10},
 url = {https://doi.org/10.1109/ISMAR.2005.58},
 doi = {10.1109/ISMAR.2005.58},
 acmid = {1105178},
 publisher = {IEEE Computer Society},
 address = {Washington, DC, USA},
}

@article{Chang:2004:TCN:1026487.1008052,
 author = {Chang, Rocky K. C.},
 title = {Teaching Computer Networking with the Help of Personal Computer Networks},
 journal = {SIGCSE Bull.},
 issue_date = {September 2004},
 volume = {36},
 number = {3},
 month = jun,
 year = {2004},
 issn = {0097-8418},
 pages = {208--212},
 numpages = {5},
 url = {http://doi.acm.org/10.1145/1026487.1008052},
 doi = {10.1145/1026487.1008052},
 acmid = {1008052},
 publisher = {ACM},
 address = {New York, NY, USA},
 keywords = {TCP/IP, experimental problem-solving, personal computer networks},
}

@inproceedings{Chang:2004:TCN:1007996.1008052,
 author = {Chang, Rocky K. C.},
 title = {Teaching Computer Networking with the Help of Personal Computer Networks},
 booktitle = {Proceedings of the 9th Annual SIGCSE Conference on Innovation and Technology in Computer Science Education},
 series = {ITiCSE '04},
 year = {2004},
 isbn = {1-58113-836-9},
 location = {Leeds, United Kingdom},
 pages = {208--212},
 numpages = {5},
 url = {http://doi.acm.org/10.1145/1007996.1008052},
 doi = {10.1145/1007996.1008052},
 acmid = {1008052},
 publisher = {ACM},
 address = {New York, NY, USA},
 keywords = {TCP/IP, experimental problem-solving, personal computer networks},
}

@inproceedings{Slovak:2016:SSS:2818048.2820007,
 author = {Slov\'{a}k, Petr and Rowan, Kael and Frauenberger, Christopher and Gilad-Bachrach, Ran and Doces, Mia and Smith, Brian and Kamb, Rachel and Fitzpatrick, Geraldine},
 title = {Scaffolding the Scaffolding: Supporting Children's Social-emotional Learning at Home},
 booktitle = {Proceedings of the 19th ACM Conference on Computer-Supported Cooperative Work \& Social Computing},
 series = {CSCW '16},
 year = {2016},
 isbn = {978-1-4503-3592-8},
 location = {San Francisco, California, USA},
 pages = {1751--1765},
 numpages = {15},
 url = {http://doi.acm.org/10.1145/2818048.2820007},
 doi = {10.1145/2818048.2820007},
 acmid = {2820007},
 publisher = {ACM},
 address = {New York, NY, USA},
 keywords = {Children, Education, Home, SEL, Social-emotional skills},
}

@inproceedings{Lee:2013:IMT:2676255.2676370,
 author = {Lee, Wee-Leong},
 title = {An Integrated Model of Team Motivation and Worker Skills for a Computer-based Project Management Simulation},
 booktitle = {Proceedings of the 2013 Winter Simulation Conference: Simulation: Making Decisions in a Complex World},
 series = {WSC '13},
 year = {2013},
 location = {Washington, D.C.},
 pages = {3133--3144},
 numpages = {12},
 url = {http://dl.acm.org/citation.cfm?id=2676255.2676370},
 acmid = {2676370},
 publisher = {IEEE Press},
 address = {Piscataway, NJ, USA},
}

@inproceedings{Lee:2013:IMT:2675983.2676370,
 author = {Lee, Wee-Leong},
 title = {An Integrated Model of Team Motivation and Worker Skills for a Computer-based Project Management Simulation},
 booktitle = {Proceedings of the 2013 Winter Simulation Conference: Simulation: Making Decisions in a Complex World},
 series = {WSC '13},
 year = {2013},
 isbn = {978-1-4799-2077-8},
 location = {Washington, D.C.},
 pages = {3133--3144},
 numpages = {12},
 url = {http://dl.acm.org/citation.cfm?id=2675983.2676370},
 acmid = {2676370},
 publisher = {IEEE Press},
 address = {Piscataway, NJ, USA},
}

@inproceedings{Crowley:2005:OSC:1095714.1095730,
 author = {Crowley, Ed},
 title = {Open Source Centric Information Security Lab Development},
 booktitle = {Proceedings of the 6th Conference on Information Technology Education},
 series = {SIGITE '05},
 year = {2005},
 isbn = {1-59593-252-6},
 location = {Newark, NJ, USA},
 pages = {57--63},
 numpages = {7},
 url = {http://doi.acm.org/10.1145/1095714.1095730},
 doi = {10.1145/1095714.1095730},
 acmid = {1095730},
 publisher = {ACM},
 address = {New York, NY, USA},
 keywords = {Linux, knoppix, live CD, security},
}

@inproceedings{Conradi:2011:FEA:2076354.2076389,
 author = {Conradi, Bettina and Lerch, Verena and Hommer, Martin and Kowalski, Robert and Vletsou, Ioanna and Hussmann, Heinrich},
 title = {Flow of Electrons: An Augmented Workspace for Learning Physical Computing Experientially},
 booktitle = {Proceedings of the ACM International Conference on Interactive Tabletops and Surfaces},
 series = {ITS '11},
 year = {2011},
 isbn = {978-1-4503-0871-7},
 location = {Kobe, Japan},
 pages = {182--191},
 numpages = {10},
 url = {http://doi.acm.org/10.1145/2076354.2076389},
 doi = {10.1145/2076354.2076389},
 acmid = {2076389},
 publisher = {ACM},
 address = {New York, NY, USA},
 keywords = {interactive workspaces, learning, physical user interfaces, prototyping},
}

@inproceedings{DiFranzo:2019:SMT:3290605.3300533,
 author = {DiFranzo, Dominic and Choi, Yoon Hyung and Purington, Amanda and Taft, Jessie G. and Whitlock, Janis and Bazarova, Natalya N.},
 title = {Social Media TestDrive: Real-World Social Media Education for the Next Generation},
 booktitle = {Proceedings of the 2019 CHI Conference on Human Factors in Computing Systems},
 series = {CHI '19},
 year = {2019},
 isbn = {978-1-4503-5970-2},
 location = {Glasgow, Scotland Uk},
 pages = {303:1--303:11},
 articleno = {303},
 numpages = {11},
 url = {http://doi.acm.org/10.1145/3290605.3300533},
 doi = {10.1145/3290605.3300533},
 acmid = {3300533},
 publisher = {ACM},
 address = {New York, NY, USA},
 keywords = {digital citizen, education, social media, youth development},
}

@proceedings{Friedman:2005:1095714,
 title = {SIGITE '05: Proceedings of the 6th Conference on Information Technology Education},
 year = {2005},
 isbn = {1-59593-252-6},
 location = {Newark, NJ, USA},
 note = {105056},
 publisher = {ACM},
 address = {New York, NY, USA},
}

@inproceedings{Levitt:2018:IPS:3159450.3162292,
 author = {Levitt, Diane and Spitz, Judith},
 title = {Impact of a Pre-College Summer Workshop on Women's Confidence and Interest in Pursuing Undergraduate Computer Science Studies: (Abstract Only)},
 booktitle = {Proceedings of the 49th ACM Technical Symposium on Computer Science Education},
 series = {SIGCSE '18},
 year = {2018},
 isbn = {978-1-4503-5103-4},
 location = {Baltimore, Maryland, USA},
 pages = {1097--1097},
 numpages = {1},
 url = {http://doi.acm.org/10.1145/3159450.3162292},
 doi = {10.1145/3159450.3162292},
 acmid = {3162292},
 publisher = {ACM},
 address = {New York, NY, USA},
 keywords = {design thinking, diversity in stem, higher ed, undergraduate computer science education, women in computer science, women in tech},
}

@inproceedings{Lee-Cultura:2019:TUM:3294109.3302932,
 author = {Lee-Cultura, Serena},
 title = {TetRotation: Utilising Multimodal Analytics and Gestural Interaction to Nurture Mental Rotation Skills},
 booktitle = {Proceedings of the Thirteenth International Conference on Tangible, Embedded, and Embodied Interaction},
 series = {TEI '19},
 year = {2019},
 isbn = {978-1-4503-6196-5},
 location = {Tempe, Arizona, USA},
 pages = {715--718},
 numpages = {4},
 url = {http://doi.acm.org/10.1145/3294109.3302932},
 doi = {10.1145/3294109.3302932},
 acmid = {3302932},
 publisher = {ACM},
 address = {New York, NY, USA},
 keywords = {embodied interaction, gesture, multimodal analytics, rotation, serious game, spatial cognition, spatial skills},
}

@inproceedings{Chattopadhyay:2018:BCT:3241815.3241861,
 author = {Chattopadhyay, Ankur and Quigley, Elizabeth and Hart, Rachel and Petty, Sallie},
 title = {A BERO CLF Themed Nifty Middle School Module: Teach Functional Programming Using Music and Generate Interest in Coding and Robotics},
 booktitle = {Proceedings of the 19th Annual SIG Conference on Information Technology Education},
 series = {SIGITE '18},
 year = {2018},
 isbn = {978-1-4503-5954-2},
 location = {Fort Lauderdale, Florida, USA},
 pages = {98--103},
 numpages = {6},
 url = {http://doi.acm.org/10.1145/3241815.3241861},
 doi = {10.1145/3241815.3241861},
 acmid = {3241861},
 publisher = {ACM},
 address = {New York, NY, USA},
 keywords = {bero lesson plan, clf, coding, functional programming, google ignitecs, it computing curriculum, k-12, middle school, nifty module, outreach, robotics},
}

@inproceedings{Helps:2007:DQG:1324302.1324304,
 author = {Helps, Richard},
 title = {Dancing on Quicksand Gracefully: Instructional Design for Rapidly Evolving Technology Courses},
 booktitle = {Proceedings of the 8th ACM SIGITE Conference on Information Technology Education},
 series = {SIGITE '07},
 year = {2007},
 isbn = {978-1-59593-920-3},
 location = {Destin, Florida, USA},
 pages = {1--8},
 numpages = {8},
 url = {http://doi.acm.org/10.1145/1324302.1324304},
 doi = {10.1145/1324302.1324304},
 acmid = {1324304},
 publisher = {ACM},
 address = {New York, NY, USA},
 keywords = {constructionism, design layers, evolution, instructional design, rapid-change},
}

@inproceedings{Thoms:2018:SSD:3159450.3159572,
 author = {Thoms, Brian and Eryilmaz, Evren},
 title = {Social Software Design To Facilitate Service-learning In Interdisciplinary Computer Science Courses},
 booktitle = {Proceedings of the 49th ACM Technical Symposium on Computer Science Education},
 series = {SIGCSE '18},
 year = {2018},
 isbn = {978-1-4503-5103-4},
 location = {Baltimore, Maryland, USA},
 pages = {497--502},
 numpages = {6},
 url = {http://doi.acm.org/10.1145/3159450.3159572},
 doi = {10.1145/3159450.3159572},
 acmid = {3159572},
 publisher = {ACM},
 address = {New York, NY, USA},
 keywords = {cs education, service-learning, social networking software},
}

@inproceedings{Fields:2017:PPE:3102071.3102108,
 author = {Fields, Deborah A. and Kafai, Yasmin B. and Giang, Michael T. and Fefferman, Nina and Wong, Jacqueline},
 title = {Plagues and People: Engineering Player Participation and Prevention in a Virtual Epidemic},
 booktitle = {Proceedings of the 12th International Conference on the Foundations of Digital Games},
 series = {FDG '17},
 year = {2017},
 isbn = {978-1-4503-5319-9},
 location = {Hyannis, Massachusetts},
 pages = {29:1--29:10},
 articleno = {29},
 numpages = {10},
 url = {http://doi.acm.org/10.1145/3102071.3102108},
 doi = {10.1145/3102071.3102108},
 acmid = {3102108},
 publisher = {ACM},
 address = {New York, NY, USA},
 keywords = {computer supported collaborative learning, educational data mining, virtual epidemic, virtual world},
}

@inproceedings{Antle:2010:FDC:1935701.1935721,
 author = {Antle, Alissa N. and Bevans, Allen and Tanenbaum, Josh and Seaborn, Katie and Wang, Sijie},
 title = {Futura: Design for Collaborative Learning and Game Play on a Multi-touch Digital Tabletop},
 booktitle = {Proceedings of the Fifth International Conference on Tangible, Embedded, and Embodied Interaction},
 series = {TEI '11},
 year = {2011},
 isbn = {978-1-4503-0478-8},
 location = {Funchal, Portugal},
 pages = {93--100},
 numpages = {8},
 url = {http://doi.acm.org/10.1145/1935701.1935721},
 doi = {10.1145/1935701.1935721},
 acmid = {1935721},
 publisher = {ACM},
 address = {New York, NY, USA},
 keywords = {collaboration, design evaluation, design rationale, educational games, interactive surfaces, multi-touch interaction, simulation games, tabletop games},
}

@inproceedings{Shum:2016:RRW:2883851.2883955,
 author = {Shum, Simon Buckingham and S\'{a}ndor, \'{A}gnes and Goldsmith, Rosalie and Wang, Xiaolong and Bass, Randall and McWilliams, Mindy},
 title = {Reflecting on Reflective Writing Analytics: Assessment Challenges and Iterative Evaluation of a Prototype Tool},
 booktitle = {Proceedings of the Sixth International Conference on Learning Analytics \& Knowledge},
 series = {LAK '16},
 year = {2016},
 isbn = {978-1-4503-4190-5},
 location = {Edinburgh, United Kingdom},
 pages = {213--222},
 numpages = {10},
 url = {http://doi.acm.org/10.1145/2883851.2883955},
 doi = {10.1145/2883851.2883955},
 acmid = {2883955},
 publisher = {ACM},
 address = {New York, NY, USA},
 keywords = {education, learning analytics, metadiscourse, natural language processing, reflection, rhetoric, writing analytics},
}

@inproceedings{Anthony:2013:SSU:2445196.2445473,
 author = {Anthony, Adam and desJardins, Marie},
 title = {Starting and Sustaining an Undergraduate Research Program in Computer Science (Abstract Only)},
 booktitle = {Proceeding of the 44th ACM Technical Symposium on Computer Science Education},
 series = {SIGCSE '13},
 year = {2013},
 isbn = {978-1-4503-1868-6},
 location = {Denver, Colorado, USA},
 pages = {748--748},
 numpages = {1},
 url = {http://doi.acm.org/10.1145/2445196.2445473},
 doi = {10.1145/2445196.2445473},
 acmid = {2445473},
 publisher = {ACM},
 address = {New York, NY, USA},
 keywords = {undergraduate research},
}

@inproceedings{Larkins:2014:MUC:2538862.2544309,
 author = {Larkins, D. Brian},
 title = {Making Use of the Cognitive Apprenticeship Framework in an Undergraduate Robotics Course (Abstract Only)},
 booktitle = {Proceedings of the 45th ACM Technical Symposium on Computer Science Education},
 series = {SIGCSE '14},
 year = {2014},
 isbn = {978-1-4503-2605-6},
 location = {Atlanta, Georgia, USA},
 pages = {722--722},
 numpages = {1},
 url = {http://doi.acm.org/10.1145/2538862.2544309},
 doi = {10.1145/2538862.2544309},
 acmid = {2544309},
 publisher = {ACM},
 address = {New York, NY, USA},
 keywords = {cognitive apprenticeship, education, robotics},
}

@inproceedings{Yang:2012:TCU:2157136.2157400,
 author = {Yang, Li and Kizza, Joseph and Wang, Andy and Chen, Chung-Han},
 title = {Teaching Cryptography Using Hands-on Labs (Abstract Only)},
 booktitle = {Proceedings of the 43rd ACM Technical Symposium on Computer Science Education},
 series = {SIGCSE '12},
 year = {2012},
 isbn = {978-1-4503-1098-7},
 location = {Raleigh, North Carolina, USA},
 pages = {673--673},
 numpages = {1},
 url = {http://doi.acm.org/10.1145/2157136.2157400},
 doi = {10.1145/2157136.2157400},
 acmid = {2157400},
 publisher = {ACM},
 address = {New York, NY, USA},
 keywords = {cryptography, hands-on labs},
}

@inproceedings{Krusche:2017:IIL:3017680.3017843,
 author = {Krusche, Stephan and Seitz, Andreas and von Frankenberg, Nadine and Bruegge, Bernd},
 title = {How to Integrate Interactive Learning into Large Classes (Abstract Only)},
 booktitle = {Proceedings of the 2017 ACM SIGCSE Technical Symposium on Computer Science Education},
 series = {SIGCSE '17},
 year = {2017},
 isbn = {978-1-4503-4698-6},
 location = {Seattle, Washington, USA},
 pages = {737--737},
 numpages = {1},
 url = {http://doi.acm.org/10.1145/3017680.3017843},
 doi = {10.1145/3017680.3017843},
 acmid = {3017843},
 publisher = {ACM},
 address = {New York, NY, USA},
 keywords = {active learning, automatic assessment, feedback, interactive exercises, software engineering, tutorials},
}

@inproceedings{Munteanu:2011:SOY:2037373.2037390,
 author = {Munteanu, Cosmin and Molyneaux, Heather and McDonald, Daniel and Lumsden, Joanna and Leung, Rock and Fournier, H{\'e}l\`{e}ne and Maitland, Julie},
 title = {"Showing off" Your Mobile Device: Adult Literacy Learning in the Classroom and Beyond},
 booktitle = {Proceedings of the 13th International Conference on Human Computer Interaction with Mobile Devices and Services},
 series = {MobileHCI '11},
 year = {2011},
 isbn = {978-1-4503-0541-9},
 location = {Stockholm, Sweden},
 pages = {95--104},
 numpages = {10},
 url = {http://doi.acm.org/10.1145/2037373.2037390},
 doi = {10.1145/2037373.2037390},
 acmid = {2037390},
 publisher = {ACM},
 address = {New York, NY, USA},
 keywords = {assistive technology, educational interfaces, interface design, mobile computing, mobile learning},
}

@inproceedings{Miele:2017:TTM:3078072.3078073,
 author = {Miele, Joshua},
 title = {Teaching Teachers and Making Makers: What the Maker Movement Can Teach the World About Accessibility and Design},
 booktitle = {Proceedings of the 2017 Conference on Interaction Design and Children},
 series = {IDC '17},
 year = {2017},
 isbn = {978-1-4503-4921-5},
 location = {Stanford, California, USA},
 pages = {5--6},
 numpages = {2},
 url = {http://doi.acm.org/10.1145/3078072.3078073},
 doi = {10.1145/3078072.3078073},
 acmid = {3078073},
 publisher = {ACM},
 address = {New York, NY, USA},
 keywords = {keynote},
}

@article{Turner:2019:AIE:3344038.3344039,
 author = {Turner, Carlene M Buchanan and Turner, Claude F},
 title = {Analyzing the Impact of Experiential Pedagogy in Teaching Socio-cybersecurity: Cybersecurity Across the Curriculum},
 journal = {J. Comput. Sci. Coll.},
 issue_date = {April 2019},
 volume = {34},
 number = {5},
 month = apr,
 year = {2019},
 issn = {1937-4771},
 pages = {12--22},
 numpages = {11},
 url = {http://dl.acm.org/citation.cfm?id=3344038.3344039},
 acmid = {3344039},
 publisher = {Consortium for Computing Sciences in Colleges},
 address = {USA},
}

@inproceedings{Munteanu:2010:AML:1851600.1851697,
 author = {Munteanu, Cosmin and Lumsden, Joanna and Fournier, H{\'e}l\`{e}ne and Leung, Rock and D'Amours, Danny and McDonald, Daniel and Maitland, Julie},
 title = {ALEX: Mobile Language Assistant for Low-literacy Adults},
 booktitle = {Proceedings of the 12th International Conference on Human Computer Interaction with Mobile Devices and Services},
 series = {MobileHCI '10},
 year = {2010},
 isbn = {978-1-60558-835-3},
 location = {Lisbon, Portugal},
 pages = {427--430},
 numpages = {4},
 url = {http://doi.acm.org/10.1145/1851600.1851697},
 doi = {10.1145/1851600.1851697},
 acmid = {1851697},
 publisher = {ACM},
 address = {New York, NY, USA},
 keywords = {assistive technology, educational interfaces, interface design, mobile computing, mobile learning},
}

@article{Marshall:2016:EPS:2894200.2791396,
 author = {Marshall, Linda and Pieterse, Vreda and Thompson, Lisa and Venter, Dina M.},
 title = {Exploration of Participation in Student Software Engineering Teams},
 journal = {ACM Trans. Comput. Educ.},
 issue_date = {March 2016},
 volume = {16},
 number = {2},
 month = feb,
 year = {2016},
 issn = {1946-6226},
 pages = {5:1--5:38},
 articleno = {5},
 numpages = {38},
 url = {http://doi.acm.org/10.1145/2791396},
 doi = {10.1145/2791396},
 acmid = {2791396},
 publisher = {ACM},
 address = {New York, NY, USA},
 keywords = {Software engineering, soft skills, teaching teamwork, team formation, team management},
}

@inproceedings{Kokensparger:2018:PHW:3159450.3162351,
 author = {Kokensparger, Brian and Peyou, Wade},
 title = {Programming for the Humanities: A Whirlwind Tour of Assignments (Abstract Only)},
 booktitle = {Proceedings of the 49th ACM Technical Symposium on Computer Science Education},
 series = {SIGCSE '18},
 year = {2018},
 isbn = {978-1-4503-5103-4},
 location = {Baltimore, Maryland, USA},
 pages = {1050--1050},
 numpages = {1},
 url = {http://doi.acm.org/10.1145/3159450.3162351},
 doi = {10.1145/3159450.3162351},
 acmid = {3162351},
 publisher = {ACM},
 address = {New York, NY, USA},
 keywords = {CS1, digital humanities, humanities programming, python programming},
}

@inproceedings{McRitchie:2010:MPT:1878335.1878342,
 author = {McRitchie, Karen J.},
 title = {Mentoring, a Program for Training New IT Staff},
 booktitle = {Proceedings of the 38th  Annual ACM SIGUCCS Fall Conference: Navigation and Discovery},
 series = {SIGUCCS '10},
 year = {2010},
 isbn = {978-1-4503-0003-2},
 location = {Norfolk, Virginia, USA},
 pages = {21--24},
 numpages = {4},
 url = {http://doi.acm.org/10.1145/1878335.1878342},
 doi = {10.1145/1878335.1878342},
 acmid = {1878342},
 publisher = {ACM},
 address = {New York, NY, USA},
 keywords = {coaching, mentoring, professional development, staff, training},
}

@inproceedings{Hrabowski:2019:PDP:3287324.3290951,
 author = {Hrabowski, Freeman A.},
 title = {Pursuing the Dream: A 50-Year Perspective on American Society, Technology, and Inclusion in Computing},
 booktitle = {Proceedings of the 50th ACM Technical Symposium on Computer Science Education},
 series = {SIGCSE '19},
 year = {2019},
 isbn = {978-1-4503-5890-3},
 location = {Minneapolis, MN, USA},
 pages = {1--1},
 numpages = {1},
 url = {http://doi.acm.org/10.1145/3287324.3290951},
 doi = {10.1145/3287324.3290951},
 acmid = {3290951},
 publisher = {ACM},
 address = {New York, NY, USA},
}

@inproceedings{Elkoubaiti:2018:AVR:3289100.3289131,
 author = {Elkoubaiti, Houda and Mrabet, Radouane},
 title = {How Are Augmented and Virtual Reality Used in Smart Classrooms?},
 booktitle = {Proceedings of the 2Nd International Conference on Smart Digital Environment},
 series = {ICSDE'18},
 year = {2018},
 isbn = {978-1-4503-6507-9},
 location = {Rabat, Morocco},
 pages = {189--196},
 numpages = {8},
 url = {http://doi.acm.org/10.1145/3289100.3289131},
 doi = {10.1145/3289100.3289131},
 acmid = {3289131},
 publisher = {ACM},
 address = {New York, NY, USA},
 keywords = {Internet of Things, augmented reality, smart classroom, virtual reality},
}

@inproceedings{Koh:2016:PFL:2883851.2883914,
 author = {Koh, Elizabeth and Shibani, Antonette and Tan, Jennifer Pei-Ling and Hong, Helen},
 title = {A Pedagogical Framework for Learning Analytics in Collaborative Inquiry Tasks: An Example from a Teamwork Competency Awareness Program},
 booktitle = {Proceedings of the Sixth International Conference on Learning Analytics \& Knowledge},
 series = {LAK '16},
 year = {2016},
 isbn = {978-1-4503-4190-5},
 location = {Edinburgh, United Kingdom},
 pages = {74--83},
 numpages = {10},
 url = {http://doi.acm.org/10.1145/2883851.2883914},
 doi = {10.1145/2883851.2883914},
 acmid = {2883914},
 publisher = {ACM},
 address = {New York, NY, USA},
 keywords = {assessment, collaboration, dispositional analytics, evaluation, learning design, pedagogical model, teamwork, teamwork competency, twenty-first century skills},
}

@inproceedings{Zhaochen:2017:AEC:3080631.3080637,
 author = {Zhaochen, Ding Ting, Chawchen},
 title = {Alternative 3D Education for Children: Course Design of 3D Printing Interactivity for Beijing's Primary Schools},
 booktitle = {Proceedings of the Fifth International Symposium of Chinese CHI},
 series = {Chinese CHI 2017},
 year = {2017},
 isbn = {978-1-4503-5308-3},
 location = {Guangzhou, China},
 pages = {30--35},
 numpages = {6},
 url = {http://doi.acm.org/10.1145/3080631.3080637},
 doi = {10.1145/3080631.3080637},
 acmid = {3080637},
 publisher = {ACM},
 address = {New York, NY, USA},
 keywords = {3D printing, Beijing, educational action research, extracurricular program, food DIY, primary school},
}

@article{Mountrouidou:2019:CYB:3306465.3306467,
 author = {Mountrouidou, Xenia},
 title = {CyberPaths},
 journal = {J. Comput. Sci. Coll.},
 issue_date = {January 2019},
 volume = {34},
 number = {3},
 month = jan,
 year = {2019},
 issn = {1937-4771},
 pages = {16--16},
 numpages = {1},
 url = {http://dl.acm.org/citation.cfm?id=3306465.3306467},
 acmid = {3306467},
 publisher = {Consortium for Computing Sciences in Colleges},
 address = {USA},
}

@inproceedings{Herbert:2018:RYI:3159450.3159584,
 author = {Herbert, Nicole},
 title = {Reflections on 17 Years of ICT Capstone Project Coordination: Effective Strategies for Managing Clients, Teams and Assessment},
 booktitle = {Proceedings of the 49th ACM Technical Symposium on Computer Science Education},
 series = {SIGCSE '18},
 year = {2018},
 isbn = {978-1-4503-5103-4},
 location = {Baltimore, Maryland, USA},
 pages = {215--220},
 numpages = {6},
 url = {http://doi.acm.org/10.1145/3159450.3159584},
 doi = {10.1145/3159450.3159584},
 acmid = {3159584},
 publisher = {ACM},
 address = {New York, NY, USA},
 keywords = {capstone project, peer assessment, teamwork},
}

@article{Banerjee:2018:SLC:3205191.3205219,
 author = {Banerjee, Sarbani and Mazur, Neal},
 title = {Service Learning in Computing: Creating Computer Science Pipeline by Attracting and Engaging High School Students},
 journal = {J. Comput. Sci. Coll.},
 issue_date = {June 2018},
 volume = {33},
 number = {6},
 month = jun,
 year = {2018},
 issn = {1937-4771},
 pages = {173--175},
 numpages = {3},
 url = {http://dl.acm.org/citation.cfm?id=3205191.3205219},
 acmid = {3205219},
 publisher = {Consortium for Computing Sciences in Colleges},
 address = {USA},
}

@inproceedings{Mountrouidou:2018:CLA:3197091.3197110,
 author = {Mountrouidou, Xenia and Li, Xiangyang and Burke, Quinn},
 title = {Cybersecurity in Liberal Arts General Education Curriculum},
 booktitle = {Proceedings of the 23rd Annual ACM Conference on Innovation and Technology in Computer Science Education},
 series = {ITiCSE 2018},
 year = {2018},
 isbn = {978-1-4503-5707-4},
 location = {Larnaca, Cyprus},
 pages = {182--187},
 numpages = {6},
 url = {http://doi.acm.org/10.1145/3197091.3197110},
 doi = {10.1145/3197091.3197110},
 acmid = {3197110},
 publisher = {ACM},
 address = {New York, NY, USA},
 keywords = {Cybersecurity, GENI, General Education, Liberal Arts},
}

@inproceedings{Bendis:2003:DCT:965106.965130,
 author = {Bendis, Jared E.},
 title = {Developing a CD-ROM to Teach Ceramics},
 booktitle = {ACM SIGGRAPH 2003 Educators Program},
 series = {SIGGRAPH '03},
 year = {2003},
 location = {San Diego, California},
 pages = {1--1},
 numpages = {1},
 url = {http://doi.acm.org/10.1145/965106.965130},
 doi = {10.1145/965106.965130},
 acmid = {965130},
 publisher = {ACM},
 address = {New York, NY, USA},
}

@inproceedings{Dunn:2018:PCM:3159450.3162280,
 author = {Dunn, Michael H. and Caruso, Robert J. and Merkle, Laurence D. and Trygstad, Ray},
 title = {Proposed Cybersecurity Merit Badge for the Boy Scouts of America: (Abstract Only)},
 booktitle = {Proceedings of the 49th ACM Technical Symposium on Computer Science Education},
 series = {SIGCSE '18},
 year = {2018},
 isbn = {978-1-4503-5103-4},
 location = {Baltimore, Maryland, USA},
 pages = {1085--1085},
 numpages = {1},
 url = {http://doi.acm.org/10.1145/3159450.3162280},
 doi = {10.1145/3159450.3162280},
 acmid = {3162280},
 publisher = {ACM},
 address = {New York, NY, USA},
 keywords = {Boy Scouts of America, cybersecurity, experiential education, extracurricular activity, informal education, merit badges, scouting},
}

@article{Turner:2017:ICS:3144605.3144630,
 author = {Turner, Claude and Turner, Carlene},
 title = {Integrating Cybersecurity into the Sociology Curriculum: The Case of the Password Module},
 journal = {J. Comput. Sci. Coll.},
 issue_date = {October 2017},
 volume = {33},
 number = {1},
 month = oct,
 year = {2017},
 issn = {1937-4771},
 pages = {109--117},
 numpages = {9},
 url = {http://dl.acm.org/citation.cfm?id=3144605.3144630},
 acmid = {3144630},
 publisher = {Consortium for Computing Sciences in Colleges},
 address = {USA},
}

@article{Grodzinsky:1999:PWR:382042.382046,
 author = {Grodzinsky, Frances},
 title = {The Practitioner from Within: Revisiting the Virtues},
 journal = {SIGCAS Comput. Soc.},
 issue_date = {March 1999},
 volume = {29},
 number = {1},
 month = mar,
 year = {1999},
 issn = {0095-2737},
 pages = {9--15},
 numpages = {7},
 url = {http://doi.acm.org/10.1145/382042.382046},
 doi = {10.1145/382042.382046},
 acmid = {382046},
 publisher = {ACM},
 address = {New York, NY, USA},
}

@inproceedings{Rebolledo-Mendez:2009:SIS:1581073.1581076,
 author = {Rebolledo-Mendez, Genaro and Avramides, Katerina and de Freitas, Sara and Memarzia, Kam},
 title = {Societal Impact of a Serious Game on Raising Public Awareness: The Case of FloodSim},
 booktitle = {Proceedings of the 2009 ACM SIGGRAPH Symposium on Video Games},
 series = {Sandbox '09},
 year = {2009},
 isbn = {978-1-60558-514-7},
 location = {New Orleans, Louisiana},
 pages = {15--22},
 numpages = {8},
 url = {http://doi.acm.org/10.1145/1581073.1581076},
 doi = {10.1145/1581073.1581076},
 acmid = {1581076},
 publisher = {ACM},
 address = {New York, NY, USA},
 keywords = {serious games, societal impact},
}

@article{Borish:2016:RLV:2906145.2897366,
 author = {Borish, Michael and Lok, Benjamin},
 title = {Rapid Low-Cost Virtual Human Bootstrapping via the Crowd},
 journal = {ACM Trans. Intell. Syst. Technol.},
 issue_date = {July 2016},
 volume = {7},
 number = {4},
 month = mar,
 year = {2016},
 issn = {2157-6904},
 pages = {47:1--47:20},
 articleno = {47},
 numpages = {20},
 url = {http://doi.acm.org/10.1145/2897366},
 doi = {10.1145/2897366},
 acmid = {2897366},
 publisher = {ACM},
 address = {New York, NY, USA},
 keywords = {Crowdsourcing, corpus generation, crowdsource bootstrap framework, virtual human},
}

@inproceedings{Ammari:2012:DGP:2330601.2330650,
 author = {Ammari, Ahmad and Lau, Lydia and Dimitrova, Vania},
 title = {Deriving Group Profiles from Social Media to Facilitate the Design of Simulated Environments for Learning},
 booktitle = {Proceedings of the 2Nd International Conference on Learning Analytics and Knowledge},
 series = {LAK '12},
 year = {2012},
 isbn = {978-1-4503-1111-3},
 location = {Vancouver, British Columbia, Canada},
 pages = {198--207},
 numpages = {10},
 url = {http://doi.acm.org/10.1145/2330601.2330650},
 doi = {10.1145/2330601.2330650},
 acmid = {2330650},
 publisher = {ACM},
 address = {New York, NY, USA},
 keywords = {augmented user models, data mining for learning, learning analytics, learning needs, mining social media, social profiles},
}

@article{Atkinson:2002:GOA:772636.772675,
 author = {Atkinson, Tom and Atkinson, Rhonda H. and Smith, Diane},
 title = {GOALS (Graduate Online Active Learning Strategies)},
 journal = {J. Comput. Sci. Coll.},
 issue_date = {February 2002},
 volume = {17},
 number = {3},
 month = feb,
 year = {2002},
 issn = {1937-4771},
 pages = {251--264},
 numpages = {14},
 url = {http://dl.acm.org/citation.cfm?id=772636.772675},
 acmid = {772675},
 publisher = {Consortium for Computing Sciences in Colleges},
 address = {USA},
}

@article{Benamati:2010:AUC:1666420.1666458,
 author = {Benamati, John H. and Ozdemir, Zafer D. and Smith, H. Jeff},
 title = {Aligning Undergraduate IS Curricula with Industry Needs},
 journal = {Commun. ACM},
 issue_date = {March 2010},
 volume = {53},
 number = {3},
 month = mar,
 year = {2010},
 issn = {0001-0782},
 pages = {152--156},
 numpages = {5},
 url = {http://doi.acm.org/10.1145/1666420.1666458},
 doi = {10.1145/1666420.1666458},
 acmid = {1666458},
 publisher = {ACM},
 address = {New York, NY, USA},
}

