@inproceedings{Blanton:2000:RPD:333334.333387,
 author = {Blanton, J. Ellis and Wingreen, Stephen C. and Schambach, Thomas},
 title = {Relationships Between Personal Demographics and Motivation of Information Technology Professionals to Participate in Professional Development Research-in-progress},
 booktitle = {Proceedings of the 2000 ACM SIGCPR Conference on Computer Personnel Research},
 series = {SIGCPR '00},
 year = {2000},
 isbn = {1-58113-228-X},
 location = {Chicago, Illinois, USA},
 pages = {171--173},
 numpages = {3},
 url = {http://doi.acm.org/10.1145/333334.333387},
 doi = {10.1145/333334.333387},
 acmid = {333387},
 publisher = {ACM},
 address = {New York, NY, USA},
 keywords = {expectancy theory, motivation, personal demographics, professional development},
}

@inproceedings{Ozmen:2012:AIF:2338776.2338777,
 author = {\"{O}zmen, \"{O}zg\"{u}r and Yilmaz, Levent},
 title = {An Agent-based Information Foraging Model of Scientific Knowledge Creation and Spillover in Open Science Communities},
 booktitle = {Proceedings of the 2012 Symposium on Agent Directed Simulation},
 series = {ADS '12},
 year = {2012},
 isbn = {978-1-61839-783-6},
 location = {Orlando, Florida},
 pages = {1:1--1:7},
 articleno = {1},
 numpages = {7},
 url = {http://dl.acm.org/citation.cfm?id=2338776.2338777},
 acmid = {2338777},
 publisher = {Society for Computer Simulation International},
 address = {San Diego, CA, USA},
 keywords = {agent based modeling, expectancy theory, information foraging, knowledge spillover, science of science},
}

@article{Ulrich:1976:ETA:1037127.1037128,
 author = {Ulrich, Walter E.},
 title = {Expectancy Theory and Its Application to EDP Professionals: A Tentative View},
 journal = {SIGCPR Comput. Pers.},
 issue_date = {January 1976},
 volume = {5},
 number = {3-4},
 month = jan,
 year = {1976},
 issn = {0160-2497},
 pages = {2--4},
 numpages = {3},
 url = {http://doi.acm.org/10.1145/1037127.1037128},
 doi = {10.1145/1037127.1037128},
 acmid = {1037128},
 publisher = {ACM},
 address = {New York, NY, USA},
}

@inproceedings{Xu:2015:IIN:2723576.2723663,
 author = {Xu, Zhenhua and Makos, Alexandra},
 title = {Investigating the Impact of a Notification System on Student Behaviors in a Discourse-intensive Hybrid Course: A Case Study},
 booktitle = {Proceedings of the Fifth International Conference on Learning Analytics And Knowledge},
 series = {LAK '15},
 year = {2015},
 isbn = {978-1-4503-3417-4},
 location = {Poughkeepsie, New York},
 pages = {402--403},
 numpages = {2},
 url = {http://doi.acm.org/10.1145/2723576.2723663},
 doi = {10.1145/2723576.2723663},
 acmid = {2723663},
 publisher = {ACM},
 address = {New York, NY, USA},
 keywords = {notification system, self-expectancy, student online behavior},
}

@inproceedings{Liu:2016:EPT:2971603.2971605,
 author = {Liu, Yi and Tarigan, Bernadetta},
 title = {Effects of Promotion Tweets on the Number of Followers in Micro-blogging Site},
 booktitle = {Proceedings of the 18th Annual International Conference on Electronic Commerce: E-Commerce in Smart Connected World},
 series = {ICEC '16},
 year = {2016},
 isbn = {978-1-4503-4222-3},
 location = {Suwon, Republic of Korea},
 pages = {2:1--2:8},
 articleno = {2},
 numpages = {8},
 url = {http://doi.acm.org/10.1145/2971603.2971605},
 doi = {10.1145/2971603.2971605},
 acmid = {2971605},
 publisher = {ACM},
 address = {New York, NY, USA},
 keywords = {follower number, group-buying, micro-blogging, social commerce, social media},
}

@inproceedings{Beise:2002:MEU:512360.512385,
 author = {Beise, Catherine and Chevli-Saroq, Neela and Andersen, Stacy and Myers, Martha},
 title = {A Model for Examination of Underrepresented Groups in the IT Workforce},
 booktitle = {Proceedings of the 2002 ACM SIGCPR Conference on Computer Personnel Research},
 series = {SIGCPR '02},
 year = {2002},
 isbn = {1-58113-466-5},
 location = {Kristiansand, Norway},
 pages = {106--110},
 numpages = {5},
 url = {http://doi.acm.org/10.1145/512360.512385},
 doi = {10.1145/512360.512385},
 acmid = {512385},
 publisher = {ACM},
 address = {New York, NY, USA},
 keywords = {IT careers, IT education, IT personnel, cognitive theory, gender},
}

@inproceedings{Franca:2010:DMS:1833310.1833324,
 author = {Fran\c{c}a, A. C{\'e}sar C. and da Silva, Fabio Q. B.},
 title = {Designing Motivation Strategies for Software Engineering Teams: An Empirical Study},
 booktitle = {Proceedings of the 2010 ICSE Workshop on Cooperative and Human Aspects of Software Engineering},
 series = {CHASE '10},
 year = {2010},
 isbn = {978-1-60558-966-4},
 location = {Cape Town, South Africa},
 pages = {84--91},
 numpages = {8},
 url = {http://doi.acm.org/10.1145/1833310.1833324},
 doi = {10.1145/1833310.1833324},
 acmid = {1833324},
 publisher = {ACM},
 address = {New York, NY, USA},
 keywords = {motivation, people management, software engineering, software teams},
}

@inproceedings{Gegenfurtner:2010:MTR:1854360.1854418,
 author = {Gegenfurtner, Andreas and Vauras, Marja and Gruber, Hans and Festner, Dagmar},
 title = {Motivation to Transfer Revisited},
 booktitle = {Proceedings of the 9th International Conference of the Learning Sciences - Volume 1},
 series = {ICLS '10},
 year = {2010},
 location = {Chicago, Illinois},
 pages = {452--459},
 numpages = {8},
 url = {http://dl.acm.org/citation.cfm?id=1854360.1854418},
 acmid = {1854418},
 publisher = {International Society of the Learning Sciences},
}

