@inproceedings{Jarodzka:2008:EET:1599812.1599859,
 author = {Jarodzka, Halszka and Scheiter, Katharina and Gerjets, Peter and Gemballa, Sven},
 title = {In the Eyes of Experts: Teaching Dynamic Features in Biology by Modeling Experts' Eye Movement Strategies to Novices},
 booktitle = {Proceedings of the 8th International Conference on International Conference for the Learning Sciences - Volume 1},
 series = {ICLS'08},
 year = {2008},
 location = {Utrecht, The Netherlands},
 pages = {390--397},
 numpages = {8},
 url = {http://dl.acm.org/citation.cfm?id=1599812.1599859},
 acmid = {1599859},
 publisher = {International Society of the Learning Sciences},
}

@inproceedings{Chen:2019:UAP:3304221.3319731,
 author = {Chen, Hui and Ciborowska, Agnieszka and Damevski, Kostadin},
 title = {Using Automated Prompts for Student Reflection on Computer Security Concepts},
 booktitle = {Proceedings of the 2019 ACM Conference on Innovation and Technology in Computer Science Education},
 series = {ITiCSE '19},
 year = {2019},
 isbn = {978-1-4503-6301-3},
 location = {Aberdeen, Scotland Uk},
 pages = {506--512},
 numpages = {7},
 url = {http://doi.acm.org/10.1145/3304221.3319731},
 doi = {10.1145/3304221.3319731},
 acmid = {3319731},
 publisher = {ACM},
 address = {New York, NY, USA},
 keywords = {automated reflection, reflection, reflection prompt},
}

@inproceedings{Kim:2005:EIP:1149293.1149329,
 author = {Kim, Beaumie and Hay, Kenneth E.},
 title = {The Evolution of the Intellectual Partnership with a Cognitive Tool in Inquiry-based Astronomy Laboratory},
 booktitle = {Proceedings of th 2005 Conference on Computer Support for Collaborative Learning: Learning 2005: The Next 10 Years!},
 series = {CSCL '05},
 year = {2005},
 isbn = {0-8058-5782-6},
 location = {Taipei, Taiwan},
 pages = {281--290},
 numpages = {10},
 url = {http://dl.acm.org/citation.cfm?id=1149293.1149329},
 acmid = {1149329},
 publisher = {International Society of the Learning Sciences},
 keywords = {cognitive tool, distributed cognition, expertise, inquiry-based learning, modeling},
}

@article{Crk:2015:UPE:2872314.2829945,
 author = {Crk, Igor and Kluthe, Timothy and Stefik, Andreas},
 title = {Understanding Programming Expertise: An Empirical Study of Phasic Brain Wave Changes},
 journal = {ACM Trans. Comput.-Hum. Interact.},
 issue_date = {February 2016},
 volume = {23},
 number = {1},
 month = dec,
 year = {2015},
 issn = {1073-0516},
 pages = {2:1--2:29},
 articleno = {2},
 numpages = {29},
 url = {http://doi.acm.org/10.1145/2829945},
 doi = {10.1145/2829945},
 acmid = {2829945},
 publisher = {ACM},
 address = {New York, NY, USA},
 keywords = {BCI, HCI, brain-computer interface, empirical studies, human factors, program comprehension},
}

@inproceedings{Baltes:2018:TTS:3236024.3236061,
 author = {Baltes, Sebastian and Diehl, Stephan},
 title = {Towards a Theory of Software Development Expertise},
 booktitle = {Proceedings of the 2018 26th ACM Joint Meeting on European Software Engineering Conference and Symposium on the Foundations of Software Engineering},
 series = {ESEC/FSE 2018},
 year = {2018},
 isbn = {978-1-4503-5573-5},
 location = {Lake Buena Vista, FL, USA},
 pages = {187--200},
 numpages = {14},
 url = {http://doi.acm.org/10.1145/3236024.3236061},
 doi = {10.1145/3236024.3236061},
 acmid = {3236061},
 publisher = {ACM},
 address = {New York, NY, USA},
 keywords = {expertise, psychology, software engineering, theory},
}

