@inproceedings{Velikovsky:2014:FTE:2677758.2677770,
 author = {Velikovsky, JT},
 title = {Flow Theory, Evolution \& Creativity: Or, 'Fun \& Games'},
 booktitle = {Proceedings of the 2014 Conference on Interactive Entertainment},
 series = {IE2014},
 year = {2014},
 isbn = {978-1-4503-2790-9},
 location = {Newcastle, NSW, Australia},
 pages = {23:1--23:10},
 articleno = {23},
 numpages = {10},
 url = {http://doi.acm.org/10.1145/2677758.2677770},
 doi = {10.1145/2677758.2677770},
 acmid = {2677770},
 publisher = {ACM},
 address = {New York, NY, USA},
 keywords = {Videogames, evolutionary epistemology, intelligence enhancement, memes, the DPFi systems model of creativity, transmedia},
}

@inproceedings{McDermott:2016:MOE:2899415.2899474,
 author = {McDermott, Roger and Zarb, Mark and Daniels, Mats and Cajander, \AAsa and Clear, Tony},
 title = {Motivation, Optimal Experience and Flow in First Year Computing Science},
 booktitle = {Proceedings of the 2016 ACM Conference on Innovation and Technology in Computer Science Education},
 series = {ITiCSE '16},
 year = {2016},
 isbn = {978-1-4503-4231-5},
 location = {Arequipa, Peru},
 pages = {206--211},
 numpages = {6},
 url = {http://doi.acm.org/10.1145/2899415.2899474},
 doi = {10.1145/2899415.2899474},
 acmid = {2899474},
 publisher = {ACM},
 address = {New York, NY, USA},
 keywords = {flow, motivation, optimal experience, self determination theory},
}

@inproceedings{Safin:2018:PCU:3286689.3286698,
 author = {Safin, St{\'e}phane and Dorta, Tom\'{a}s and Kinayoglu, G\^{o}k\c{c}e},
 title = {Patterns of Creative UX in Immersive Collaborative Design},
 booktitle = {Proceedings of the 30th Conference on L'Interaction Homme-Machine},
 series = {IHM '18},
 year = {2018},
 isbn = {978-1-4503-6078-4},
 location = {Brest, France},
 pages = {139--148},
 numpages = {10},
 url = {http://doi.acm.org/10.1145/3286689.3286698},
 doi = {10.1145/3286689.3286698},
 acmid = {3286698},
 publisher = {ACM},
 address = {New York, NY, USA},
 keywords = {collaborative design, creativity, design flow, experience, ideation},
}

@inproceedings{Huang:2018:FEA:3220511.3220514,
 author = {Huang, Meng-Hsuan and Tsau, Saiau-Yue},
 title = {A Flow Experience Analysis on the Virtual Reality Artwork: La Camera Insabbiata},
 booktitle = {Proceedings of the International Conference on Machine Vision and Applications},
 series = {ICMVA 2018},
 year = {2018},
 isbn = {978-1-4503-6381-5},
 location = {Singapore, Singapore},
 pages = {51--55},
 numpages = {5},
 url = {http://doi.acm.org/10.1145/3220511.3220514},
 doi = {10.1145/3220511.3220514},
 acmid = {3220514},
 publisher = {ACM},
 address = {New York, NY, USA},
 keywords = {body perception, flow theory, immersion, user experience, virtual reality (VR)},
}

@inproceedings{Marti:2005:EFD:1107548.1107572,
 author = {Marti, Patrizia and Giusti, Leonardo and Pollini, Alessandro and Rullo, Alessia},
 title = {Experiencing the Flow: Design Issues in Human-robot Interaction},
 booktitle = {Proceedings of the 2005 Joint Conference on Smart Objects and Ambient Intelligence: Innovative Context-aware Services: Usages and Technologies},
 series = {sOc-EUSAI '05},
 year = {2005},
 isbn = {1-59593-304-2},
 location = {Grenoble, France},
 pages = {69--74},
 numpages = {6},
 url = {http://doi.acm.org/10.1145/1107548.1107572},
 doi = {10.1145/1107548.1107572},
 acmid = {1107572},
 publisher = {ACM},
 address = {New York, NY, USA},
}

@inproceedings{Sinclair:2009:EDU:1746050.1746061,
 author = {Sinclair, Jeff and Hingston, Philip and Masek, Martin},
 title = {Exergame Development Using the Dual Flow Model},
 booktitle = {Proceedings of the Sixth Australasian Conference on Interactive Entertainment},
 series = {IE '09},
 year = {2009},
 isbn = {978-1-4503-0010-0},
 location = {Sydney, Australia},
 pages = {11:1--11:7},
 articleno = {11},
 numpages = {7},
 url = {http://doi.acm.org/10.1145/1746050.1746061},
 doi = {10.1145/1746050.1746061},
 acmid = {1746061},
 publisher = {ACM},
 address = {New York, NY, USA},
}

@inproceedings{Karpouzis:2017:AGI:3030024.3030029,
 author = {Karpouzis, Kostas},
 title = {Affective and Gameful Interfaces},
 booktitle = {Proceedings of the 22Nd International Conference on Intelligent User Interfaces Companion},
 series = {IUI '17 Companion},
 year = {2017},
 isbn = {978-1-4503-4893-5},
 location = {Limassol, Cyprus},
 pages = {33--34},
 numpages = {2},
 url = {http://doi.acm.org/10.1145/3030024.3030029},
 doi = {10.1145/3030024.3030029},
 acmid = {3030029},
 publisher = {ACM},
 address = {New York, NY, USA},
 keywords = {affective computing, computational intelligence, games research, human-machine interaction, machine learning, natural interfaces},
}

