@inproceedings{Fraher:2010:GTE:1753846.1753960,
 author = {Fraher, Robert and Boyd-Brent, James},
 title = {Gestalt Theory, Engagement and Interaction},
 booktitle = {CHI '10 Extended Abstracts on Human Factors in Computing Systems},
 series = {CHI EA '10},
 year = {2010},
 isbn = {978-1-60558-930-5},
 location = {Atlanta, Georgia, USA},
 pages = {3211--3216},
 numpages = {6},
 url = {http://doi.acm.org/10.1145/1753846.1753960},
 doi = {10.1145/1753846.1753960},
 acmid = {1753960},
 publisher = {ACM},
 address = {New York, NY, USA},
 keywords = {design, gestalt theory, user interfaces},
}

@inproceedings{Paay:2007:GTP:1324892.1324952,
 author = {Paay, Jeni and Kjeldskov, Jesper},
 title = {A Gestalt Theoretic Perspective on the User Experience of Location-based Services},
 booktitle = {Proceedings of the 19th Australasian Conference on Computer-Human Interaction: Entertaining User Interfaces},
 series = {OZCHI '07},
 year = {2007},
 isbn = {978-1-59593-872-5},
 location = {Adelaide, Australia},
 pages = {283--290},
 numpages = {8},
 url = {http://doi.acm.org/10.1145/1324892.1324952},
 doi = {10.1145/1324892.1324952},
 acmid = {1324952},
 publisher = {ACM},
 address = {New York, NY, USA},
 keywords = {Gestalt theory, field study, location-based services},
}

@inproceedings{Chang:2006:DGD:1151804.1151807,
 author = {Chang, Dempsey and Nesbitt, Keith V.},
 title = {Developing Gestalt-based Design Guidelines for Multi-sensory Displays},
 booktitle = {Proceedings of the 2005 NICTA-HCSNet Multimodal User Interaction Workshop - Volume 57},
 series = {MMUI '05},
 year = {2006},
 isbn = {1-920-68239-2},
 location = {Sydney, Australia},
 pages = {9--16},
 numpages = {8},
 url = {http://dl.acm.org/citation.cfm?id=1151804.1151807},
 acmid = {1151807},
 publisher = {Australian Computer Society, Inc.},
 address = {Darlinghurst, Australia, Australia},
 keywords = {Gestalt principles, design guidelines, multi-sensory displays},
}

@inproceedings{Chang:2007:GPS:1273714.1273727,
 author = {Chang, Dempsey and Nesbitt, Keith V. and Wilkins, Kevin},
 title = {The Gestalt Principles of Similarity and Proximity Apply to Both the Haptic and Visual Grouping of Elements},
 booktitle = {Proceedings of the Eight Australasian Conference on User Interface - Volume 64},
 series = {AUIC '07},
 year = {2007},
 isbn = {1-920682-46-5},
 location = {Ballarat, Victoria, Australia},
 pages = {79--86},
 numpages = {8},
 url = {http://dl.acm.org/citation.cfm?id=1273714.1273727},
 acmid = {1273727},
 publisher = {Australian Computer Society, Inc.},
 address = {Darlinghurst, Australia, Australia},
 keywords = {gestalt principle of proximity, gestalt principle of similarity, haptic grouping, visual grouping},
}

@inproceedings{Yang:2009:EGT:1632189.1632226,
 author = {Yang, Xin and Shi, Yuanchun},
 title = {Enhanced Gestalt Theory Guided Web Page Segmentation for Mobile Browsing},
 booktitle = {Proceedings of the 2009 IEEE/WIC/ACM International Joint Conference on Web Intelligence and Intelligent Agent Technology - Volume 03},
 series = {WI-IAT '09},
 year = {2009},
 isbn = {978-0-7695-3801-3},
 pages = {46--49},
 numpages = {4},
 url = {https://doi.org/10.1109/WI-IAT.2009.227},
 doi = {10.1109/WI-IAT.2009.227},
 acmid = {1632226},
 publisher = {IEEE Computer Society},
 address = {Washington, DC, USA},
 keywords = {web page segmentation, mobile browsing, gestalt theory},
}

@inproceedings{Flieder:2006:FPL:1125451.1125605,
 author = {Flieder, Karl and M\"{o}dritscher, Felix},
 title = {Foundations of a Pattern Language Based on Gestalt Principles},
 booktitle = {CHI '06 Extended Abstracts on Human Factors in Computing Systems},
 series = {CHI EA '06},
 year = {2006},
 isbn = {1-59593-298-4},
 location = {Montr\&\#233;al, Qu\&\#233;bec, Canada},
 pages = {773--778},
 numpages = {6},
 url = {http://doi.acm.org/10.1145/1125451.1125605},
 doi = {10.1145/1125451.1125605},
 acmid = {1125605},
 publisher = {ACM},
 address = {New York, NY, USA},
 keywords = {Gestalt principles, HCI, linguistic categories, patterns},
}

@inproceedings{Chang:2002:GTV:820060.820062,
 author = {Chang, Dempsey and Dooley, Laurence and Tuovinen, Juhani E.},
 title = {Gestalt Theory in Visual Screen Design: A New Look at an Old Subject},
 booktitle = {Proceedings of the Seventh World Conference on Computers in Education Conference on Computers in Education: Australian Topics - Volume 8},
 series = {CRPIT '02},
 year = {2002},
 isbn = {0-909925-86-0},
 location = {Copenhagen, Denmark},
 pages = {5--12},
 numpages = {8},
 url = {http://dl.acm.org/citation.cfm?id=820060.820062},
 acmid = {820062},
 publisher = {Australian Computer Society, Inc.},
 address = {Darlinghurst, Australia, Australia},
}

@inproceedings{Chung:2016:ECK:3005274.3005323,
 author = {Chung, Seungmin and Shin, YimKyoung and Yu, Hyim-Jung and Hong, Sung Wook},
 title = {Educational Contents for Kids' App. Based on Henri-Matisse's Cut-out Works},
 booktitle = {SIGGRAPH ASIA 2016 Posters},
 series = {SA '16},
 year = {2016},
 isbn = {978-1-4503-4540-8},
 location = {Macau},
 pages = {36:1--36:2},
 articleno = {36},
 numpages = {2},
 url = {http://doi.acm.org/10.1145/3005274.3005323},
 doi = {10.1145/3005274.3005323},
 acmid = {3005323},
 publisher = {ACM},
 address = {New York, NY, USA},
 keywords = {app, art, educational contents, kids},
}

@inproceedings{Oviatt:2003:TTO:958432.958443,
 author = {Oviatt, Sharon and Coulston, Rachel and Tomko, Stefanie and Xiao, Benfang and Lunsford, Rebecca and Wesson, Matt and Carmichael, Lesley},
 title = {Toward a Theory of Organized Multimodal Integration Patterns During Human-computer Interaction},
 booktitle = {Proceedings of the 5th International Conference on Multimodal Interfaces},
 series = {ICMI '03},
 year = {2003},
 isbn = {1-58113-621-8},
 location = {Vancouver, British Columbia, Canada},
 pages = {44--51},
 numpages = {8},
 url = {http://doi.acm.org/10.1145/958432.958443},
 doi = {10.1145/958432.958443},
 acmid = {958443},
 publisher = {ACM},
 address = {New York, NY, USA},
 keywords = {Gestalt theory, co-timing, entrenchment, error handling, multimodal integration, speech and pen input, task difficulty},
}

@inproceedings{Bakar:2017:SMP:3077584.3077609,
 author = {Bakar, Zuriana Abu and Zain, Siti Zubaidah Mohd and Noor, Noor Maizura Mohd},
 title = {A Study of Minimalist Principles for Designing Entrepreneurs' Website},
 booktitle = {Proceedings of the 2017 International Conference on Information System and Data Mining},
 series = {ICISDM '17},
 year = {2017},
 isbn = {978-1-4503-4833-1},
 location = {Charleston, SC, USA},
 pages = {82--87},
 numpages = {6},
 url = {http://doi.acm.org/10.1145/3077584.3077609},
 doi = {10.1145/3077584.3077609},
 acmid = {3077609},
 publisher = {ACM},
 address = {New York, NY, USA},
 keywords = {Minimalist, minimalist principles, visual complex, web design},
}

@inproceedings{Yang:2009:AML:1520340.1520637,
 author = {Yang, Yeonsoo and Klemmer, Scott R.},
 title = {Aesthetics Matter: Leveraging Design Heuristics to Synthesize Visually Satisfying Handheld Interfaces},
 booktitle = {CHI '09 Extended Abstracts on Human Factors in Computing Systems},
 series = {CHI EA '09},
 year = {2009},
 isbn = {978-1-60558-247-4},
 location = {Boston, MA, USA},
 pages = {4183--4188},
 numpages = {6},
 url = {http://doi.acm.org/10.1145/1520340.1520637},
 doi = {10.1145/1520340.1520637},
 acmid = {1520637},
 publisher = {ACM},
 address = {New York, NY, USA},
 keywords = {GUI layout, automatic interface generation, design tool},
}

@inproceedings{Costa:2008:EWS:1456536.1456591,
 author = {Costa, Pedro J.},
 title = {Evaluating Web Site Design},
 booktitle = {Proceedings of the 26th Annual ACM International Conference on Design of Communication},
 series = {SIGDOC '08},
 year = {2008},
 isbn = {978-1-60558-083-8},
 location = {Lisbon, Portugal},
 pages = {265--266},
 numpages = {2},
 url = {http://doi.acm.org/10.1145/1456536.1456591},
 doi = {10.1145/1456536.1456591},
 acmid = {1456591},
 publisher = {ACM},
 address = {New York, NY, USA},
 keywords = {aesthetics, design principles, web, web design},
}

@article{Mullet:1996:DVI:226650.570118,
 author = {Mullet, Kevin and Sano, Darrell},
 title = {Designing Visual Interfaces},
 journal = {SIGCHI Bull.},
 issue_date = {April 1996},
 volume = {28},
 number = {2},
 month = apr,
 year = {1996},
 issn = {0736-6906},
 pages = {82--83},
 numpages = {2},
 url = {http://doi.acm.org/10.1145/226650.570118},
 doi = {10.1145/226650.570118},
 acmid = {570118},
 publisher = {ACM},
 address = {New York, NY, USA},
}

@inproceedings{Murthy:2014:EFW:2660859.2660945,
 author = {Murthy, A. Krishna and Niroopananda, D. and Suresha},
 title = {Enhancement of Flash Webpage Segmentation for Web Mining Applications},
 booktitle = {Proceedings of the 2014 International Conference on Interdisciplinary Advances in Applied Computing},
 series = {ICONIAAC '14},
 year = {2014},
 isbn = {978-1-4503-2908-8},
 location = {Amritapuri, India},
 pages = {34:1--34:7},
 articleno = {34},
 numpages = {7},
 url = {http://doi.acm.org/10.1145/2660859.2660945},
 doi = {10.1145/2660859.2660945},
 acmid = {2660945},
 publisher = {ACM},
 address = {New York, NY, USA},
 keywords = {Block merging, Flash, Webpage Segmentation, Webpage blocks},
}

@inproceedings{Asmah:2018:TIT:3209415.3209423,
 author = {Asmah, Alexander Ekow and Kyobe, Michael},
 title = {Towards an Integrative Theoretical Model For Examining IT Governance Audits},
 booktitle = {Proceedings of the 11th International Conference on Theory and Practice of Electronic Governance},
 series = {ICEGOV '18},
 year = {2018},
 isbn = {978-1-4503-5421-9},
 location = {Galway, Ireland},
 pages = {18--22},
 numpages = {5},
 url = {http://doi.acm.org/10.1145/3209415.3209423},
 doi = {10.1145/3209415.3209423},
 acmid = {3209423},
 publisher = {ACM},
 address = {New York, NY, USA},
 keywords = {COBIT 5, Governance Mechanisms, IT auditing, IT governance},
}

@inproceedings{Balinsky:2010:HPD:1860559.1860624,
 author = {Balinsky, Alexander A. and Balinsky, Helen Y. and Simske, Steven J.},
 title = {On Helmholtz's Principle for Documents Processing},
 booktitle = {Proceedings of the 10th ACM Symposium on Document Engineering},
 series = {DocEng '10},
 year = {2010},
 isbn = {978-1-4503-0231-9},
 location = {Manchester, United Kingdom},
 pages = {283--286},
 numpages = {4},
 url = {http://doi.acm.org/10.1145/1860559.1860624},
 doi = {10.1145/1860559.1860624},
 acmid = {1860624},
 publisher = {ACM},
 address = {New York, NY, USA},
 keywords = {gestalt, helmholtz principle, keyword extraction, meaningful words, rapid change detection},
}

@incollection{Oviatt:2017:TFM:3015783.3015786,
 author = {Oviatt, Sharon},
 chapter = {Theoretical Foundations of Multimodal Interfaces and Systems},
 title = {The Handbook of Multimodal-Multisensor Interfaces},
 editor = {Oviatt, Sharon and Schuller, Bj\"{o}rn and Cohen, Philip R. and Sonntag, Daniel and Potamianos, Gerasimos and Kr\"{u}ger, Antonio},
 year = {2017},
 isbn = {978-1-97000-167-9},
 pages = {19--50},
 numpages = {32},
 url = {https://doi.org/10.1145/3015783.3015786},
 doi = {10.1145/3015783.3015786},
 acmid = {3015786},
 publisher = {Association for Computing Machinery and Morgan \&\#38; Claypool},
 address = {New York, NY, USA},
}

@inproceedings{Steiniger:2006:RIS:1183471.1183484,
 author = {Steiniger, Stefan and Burghardt, Dirk and Weibel, Robert},
 title = {Recognition of Island Structures for Map Generalization},
 booktitle = {Proceedings of the 14th Annual ACM International Symposium on Advances in Geographic Information Systems},
 series = {GIS '06},
 year = {2006},
 isbn = {1-59593-529-0},
 location = {Arlington, Virginia, USA},
 pages = {67--74},
 numpages = {8},
 url = {http://doi.acm.org/10.1145/1183471.1183484},
 doi = {10.1145/1183471.1183484},
 acmid = {1183484},
 publisher = {ACM},
 address = {New York, NY, USA},
 keywords = {cartometrics, gestalt theory, map generalization, minimal spanning tree, perception, polygon patterns, proximity graphs},
}

@inproceedings{Krupl-Sypien:2011:VMW:2034691.2034721,
 author = {Kr\"{u}pl-Sypien, Bernhard and Fayzrakhmanov, Ruslan R. and Holzinger, Wolfgang and Panzenb\"{o}ck, Mathias and Baumgartner, Robert},
 title = {A Versatile Model for Web Page Representation, Information Extraction and Content Re-packaging},
 booktitle = {Proceedings of the 11th ACM Symposium on Document Engineering},
 series = {DocEng '11},
 year = {2011},
 isbn = {978-1-4503-0863-2},
 location = {Mountain View, California, USA},
 pages = {129--138},
 numpages = {10},
 url = {http://doi.acm.org/10.1145/2034691.2034721},
 doi = {10.1145/2034691.2034721},
 acmid = {2034721},
 publisher = {ACM},
 address = {New York, NY, USA},
 keywords = {gestalt theory, web adaptation, web information extraction, web page model, web page understanding},
}

@inproceedings{AlTarawneh:2014:ESE:2671015.2671124,
 author = {AlTarawneh, Ragaad and Humayoun, Shah Rukh and Ebert, Achim},
 title = {ExpanD: A Stereoscopic Expanding Technique for Compound Graphs},
 booktitle = {Proceedings of the 20th ACM Symposium on Virtual Reality Software and Technology},
 series = {VRST '14},
 year = {2014},
 isbn = {978-1-4503-3253-8},
 location = {Edinburgh, Scotland},
 pages = {223--224},
 numpages = {2},
 url = {http://doi.acm.org/10.1145/2671015.2671124},
 doi = {10.1145/2671015.2671124},
 acmid = {2671124},
 publisher = {ACM},
 address = {New York, NY, USA},
 keywords = {compound graphs, depth cue, focus+context interaction technique, stereoscopic displays},
}

@inproceedings{Vaughan:1997:UM:258549.259028,
 author = {Vaughan, Leslie Carlson},
 title = {Understanding Movement},
 booktitle = {Proceedings of the ACM SIGCHI Conference on Human Factors in Computing Systems},
 series = {CHI '97},
 year = {1997},
 isbn = {0-89791-802-9},
 location = {Atlanta, Georgia, USA},
 pages = {548--549},
 numpages = {2},
 url = {http://doi.acm.org/10.1145/258549.259028},
 doi = {10.1145/258549.259028},
 acmid = {259028},
 publisher = {ACM},
 address = {New York, NY, USA},
 keywords = {affordance, animation, emotion, movement, theatre},
}

@inproceedings{Obrist:2012:TBU:2212776.2212712,
 author = {Obrist, Marianna and Roto, Virpi and Law, Effie Lai-Chong and V\"{a}\"{a}n\"{a}nen-Vainio-Mattila, Kaisa and Vermeeren, Arnold and Buie, Elizabeth},
 title = {Theories Behind UX Research and How They Are Used in Practice},
 booktitle = {CHI '12 Extended Abstracts on Human Factors in Computing Systems},
 series = {CHI EA '12},
 year = {2012},
 isbn = {978-1-4503-1016-1},
 location = {Austin, Texas, USA},
 pages = {2751--2754},
 numpages = {4},
 url = {http://doi.acm.org/10.1145/2212776.2212712},
 doi = {10.1145/2212776.2212712},
 acmid = {2212712},
 publisher = {ACM},
 address = {New York, NY, USA},
 keywords = {frameworks, models, practice, theory, user experience},
}

@inproceedings{Alsudani:2009:EAW:1671011.1671077,
 author = {Alsudani, Farah and Casey, Matthew},
 title = {The Effect of Aesthetics on Web Credibility},
 booktitle = {Proceedings of the 23rd British HCI Group Annual Conference on People and Computers: Celebrating People and Technology},
 series = {BCS-HCI '09},
 year = {2009},
 location = {Cambridge, United Kingdom},
 pages = {512--519},
 numpages = {8},
 url = {http://dl.acm.org/citation.cfm?id=1671011.1671077},
 acmid = {1671077},
 publisher = {British Computer Society},
 address = {Swinton, UK, UK},
 keywords = {Gestalt theory, aesthetics, credibility, unity},
}

@proceedings{2009:1671011,
 title = {BCS-HCI '09: Proceedings of the 23rd British HCI Group Annual Conference on People and Computers: Celebrating People and Technology},
 year = {2009},
 location = {Cambridge, United Kingdom},
 publisher = {British Computer Society},
 address = {Swinton, UK, UK},
key = {{$\!\!$}} ,
}

@inproceedings{Han:2007:PSV:1279740.1279828,
 author = {Han, Chang Min},
 title = {Project Scriabin V.3},
 booktitle = {Proceedings of the 7th International Conference on New Interfaces for Musical Expression},
 series = {NIME '07},
 year = {2007},
 location = {New York, New York},
 pages = {388--389},
 numpages = {2},
 url = {http://doi.acm.org/10.1145/1279740.1279828},
 doi = {10.1145/1279740.1279828},
 acmid = {1279828},
 publisher = {ACM},
 address = {New York, NY, USA},
 keywords = {sonification, synaesthesia, touch screen},
}

@inproceedings{Krzeminski:2018:HPW:3209280.3229103,
 author = {Krzemi\'{n}ski, Dominik and Balinsky, Helen and Balinsky, Alexander},
 title = {Helmholtz Principle on Word Embeddings for Automatic Document Segmentation},
 booktitle = {Proceedings of the ACM Symposium on Document Engineering 2018},
 series = {DocEng '18},
 year = {2018},
 isbn = {978-1-4503-5769-2},
 location = {Halifax, NS, Canada},
 pages = {40:1--40:4},
 articleno = {40},
 numpages = {4},
 url = {http://doi.acm.org/10.1145/3209280.3229103},
 doi = {10.1145/3209280.3229103},
 acmid = {3229103},
 publisher = {ACM},
 address = {New York, NY, USA},
 keywords = {Helmholtz principle, automatic document segmentation, natural language processing, word embeddings},
}

@inproceedings{Wessolek:2013:VLG:2460625.2460681,
 author = {Wessolek, Daniel},
 title = {Volumetric Linear Gradient: Methods for and Applications of a Simple Volumetric Display},
 booktitle = {Proceedings of the 7th International Conference on Tangible, Embedded and Embodied Interaction},
 series = {TEI '13},
 year = {2013},
 isbn = {978-1-4503-1898-3},
 location = {Barcelona, Spain},
 pages = {327--330},
 numpages = {4},
 url = {http://doi.acm.org/10.1145/2460625.2460681},
 doi = {10.1145/2460625.2460681},
 acmid = {2460681},
 publisher = {ACM},
 address = {New York, NY, USA},
 keywords = {360, ambient information systems, animated light, linear gradient, non-flat display, optical fiber, tangible, volumetric display},
}

@inproceedings{Seevinck:2014:EAV:2636240.2636851,
 author = {Seevinck, Jennifer},
 title = {Emergence and Artistic Visualization},
 booktitle = {Proceedings of the 7th International Symposium on Visual Information Communication and Interaction},
 series = {VINCI '14},
 year = {2014},
 isbn = {978-1-4503-2765-7},
 location = {Sydney NSW, Australia},
 pages = {165:165--165:170},
 articleno = {165},
 numpages = {6},
 url = {http://doi.acm.org/10.1145/2636240.2636851},
 doi = {10.1145/2636240.2636851},
 acmid = {2636851},
 publisher = {ACM},
 address = {New York, NY, USA},
 keywords = {Art, cerebral palsy, creativity, design, drawing, emergence, interactive art, visualization},
}

@inproceedings{Lieng:2012:RDC:2328888.2328902,
 author = {Lieng, Henrik and Richardt, Christian and Dodgson, Neil A.},
 title = {Random Discrete Colour Sampling},
 booktitle = {Proceedings of the Eighth Annual Symposium on Computational Aesthetics in Graphics, Visualization, and Imaging},
 series = {CAe '12},
 year = {2012},
 isbn = {978-1-4503-1584-5},
 location = {Annecy, France},
 pages = {81--87},
 numpages = {7},
 url = {http://dl.acm.org/citation.cfm?id=2328888.2328902},
 acmid = {2328902},
 publisher = {Eurographics Association},
 address = {Goslar Germany, Germany},
}

@inproceedings{Kvarnbrink:2013:BIC:2468356.2468772,
 author = {Kvarnbrink, Per and Fahlquist, Karin and Mejtoft, Thomas},
 title = {Biometric Interaction: A Case Study of Visual Feedback and Privacy Issues in New Face Recognition Solutions},
 booktitle = {CHI '13 Extended Abstracts on Human Factors in Computing Systems},
 series = {CHI EA '13},
 year = {2013},
 isbn = {978-1-4503-1952-2},
 location = {Paris, France},
 pages = {2367--2370},
 numpages = {4},
 url = {http://doi.acm.org/10.1145/2468356.2468772},
 doi = {10.1145/2468356.2468772},
 acmid = {2468772},
 publisher = {ACM},
 address = {New York, NY, USA},
 keywords = {biometric interaction, case study, face recognition, gate system, interaction, user experience},
}

@inproceedings{Swearngin:2018:SME:3266037.3271626,
 author = {Swearngin, Amanda and Ko, Andrew J. and Fogarty, James},
 title = {Scout: Mixed-Initiative Exploration of Design Variations Through High-Level Design Constraints},
 booktitle = {The 31st Annual ACM Symposium on User Interface Software and Technology Adjunct Proceedings},
 series = {UIST '18 Adjunct},
 year = {2018},
 isbn = {978-1-4503-5949-8},
 location = {Berlin, Germany},
 pages = {134--136},
 numpages = {3},
 url = {http://doi.acm.org/10.1145/3266037.3271626},
 doi = {10.1145/3266037.3271626},
 acmid = {3271626},
 publisher = {ACM},
 address = {New York, NY, USA},
 keywords = {design, prototyping, user interfaces, variations},
}

@inproceedings{Geslin:2012:MIB:2407783.2407789,
 author = {Geslin, Erik},
 title = {Method of Induction of Basic and Complex Emotions in Video Games and Virtual Environments},
 booktitle = {SIGGRAPH Asia 2012 Courses},
 series = {SA '12},
 year = {2012},
 isbn = {978-1-4503-1913-3},
 location = {Singapore, Singapore},
 pages = {6:1--6:70},
 articleno = {6},
 numpages = {70},
 url = {http://doi.acm.org/10.1145/2407783.2407789},
 doi = {10.1145/2407783.2407789},
 acmid = {2407789},
 publisher = {ACM},
 address = {New York, NY, USA},
}

@article{Chen:2010:DVS:1754393.1754394,
 author = {Chen, Teh-Chung and Dick, Scott and Miller, James},
 title = {Detecting Visually Similar Web Pages: Application to Phishing Detection},
 journal = {ACM Trans. Internet Technol.},
 issue_date = {May 2010},
 volume = {10},
 number = {2},
 month = jun,
 year = {2010},
 issn = {1533-5399},
 pages = {5:1--5:38},
 articleno = {5},
 numpages = {38},
 url = {http://doi.acm.org/10.1145/1754393.1754394},
 doi = {10.1145/1754393.1754394},
 acmid = {1754394},
 publisher = {ACM},
 address = {New York, NY, USA},
 keywords = {Algorithmic complexity theory, Gestalt theory, Web page similarity, anti-phishing technologies},
}

@inproceedings{Landragin:2002:RGM:846222.847736,
 author = {Landragin, Fr{\'e}d{\'e}ric},
 title = {The Role of Gesture in Multimodal Referring Actions},
 booktitle = {Proceedings of the 4th IEEE International Conference on Multimodal Interfaces},
 series = {ICMI '02},
 year = {2002},
 isbn = {0-7695-1834-6},
 pages = {173--},
 url = {https://doi.org/10.1109/ICMI.2002.1166988},
 doi = {10.1109/ICMI.2002.1166988},
 acmid = {847736},
 publisher = {IEEE Computer Society},
 address = {Washington, DC, USA},
}

@inproceedings{Schmidt:2012:IHV:2379057.2379107,
 author = {Schmidt, Benedikt and Doeweling, Sebastian and M\"{u}hlh\"{a}user, Max},
 title = {Interaction History Visualization},
 booktitle = {Proceedings of the 30th ACM International Conference on Design of Communication},
 series = {SIGDOC '12},
 year = {2012},
 isbn = {978-1-4503-1497-8},
 location = {Seattle, Washington, USA},
 pages = {261--270},
 numpages = {10},
 url = {http://doi.acm.org/10.1145/2379057.2379107},
 doi = {10.1145/2379057.2379107},
 acmid = {2379107},
 publisher = {ACM},
 address = {New York, NY, USA},
 keywords = {human-computer interaction, information work support, interaction history, task execution support, visualization},
}

@inproceedings{Philemotte:2007:GGA:1276958.1277208,
 author = {Philemotte, Christophe and Bersini, Hugues},
 title = {A Gestalt Genetic Algorithm: Less Details for Better Search},
 booktitle = {Proceedings of the 9th Annual Conference on Genetic and Evolutionary Computation},
 series = {GECCO '07},
 year = {2007},
 isbn = {978-1-59593-697-4},
 location = {London, England},
 pages = {1328--1334},
 numpages = {7},
 url = {http://doi.acm.org/10.1145/1276958.1277208},
 doi = {10.1145/1276958.1277208},
 acmid = {1277208},
 publisher = {ACM},
 address = {New York, NY, USA},
 keywords = {genetic algorithm, gestalt, traveling salesman problem},
}

@inproceedings{Sharma:2018:AVH:3167918.3167958,
 author = {Sharma, Vishakha and Stranieri, Andrew and Firmin, Sally and Mays, Heather and Burstein, Frada},
 title = {Approaches for the Visualization of Health Information},
 booktitle = {Proceedings of the Australasian Computer Science Week Multiconference},
 series = {ACSW '18},
 year = {2018},
 isbn = {978-1-4503-5436-3},
 location = {Brisband, Queensland, Australia},
 pages = {23:1--23:9},
 articleno = {23},
 numpages = {9},
 url = {http://doi.acm.org/10.1145/3167918.3167958},
 doi = {10.1145/3167918.3167958},
 acmid = {3167958},
 publisher = {ACM},
 address = {New York, NY, USA},
 keywords = {design science, diagrams, health informatics, visualisations},
}

@inproceedings{Cantoni:2014:ETC:2659532.2659592,
 author = {Cantoni, Virginio and Porta, Marco},
 title = {Eye Tracking As a Computer Input and Interaction Method},
 booktitle = {Proceedings of the 15th International Conference on Computer Systems and Technologies},
 series = {CompSysTech '14},
 year = {2014},
 isbn = {978-1-4503-2753-4},
 location = {Ruse, Bulgaria},
 pages = {1--12},
 numpages = {12},
 url = {http://doi.acm.org/10.1145/2659532.2659592},
 doi = {10.1145/2659532.2659592},
 acmid = {2659592},
 publisher = {ACM},
 address = {New York, NY, USA},
 keywords = {eye tracking, human computer interaction, pointing devices, visual attention},
}

@inproceedings{Yi:2011:ECV:1978942.1979335,
 author = {Yi, Cheng and Jiang, Zhenhui and Benbasat, Izak},
 title = {Enticing Consumers via Incomplete Product Experience: An Investigation of Online Product Interactivity Designs},
 booktitle = {Proceedings of the SIGCHI Conference on Human Factors in Computing Systems},
 series = {CHI '11},
 year = {2011},
 isbn = {978-1-4503-0228-9},
 location = {Vancouver, BC, Canada},
 pages = {2679--2688},
 numpages = {10},
 url = {http://doi.acm.org/10.1145/1978942.1979335},
 doi = {10.1145/1978942.1979335},
 acmid = {1979335},
 publisher = {ACM},
 address = {New York, NY, USA},
 keywords = {full interaction, interaction constraint, online product presentation, product seductiveness, triggered interaction, virtual product experience (vpe)},
}

@inproceedings{Yang:2016:SEI:2964284.2967304,
 author = {Yang, Cheng-Han and Kuo, Ying-Miao and Chu, Hung-Kuo},
 title = {Synthesizing Emerging Images from Photographs},
 booktitle = {Proceedings of the 24th ACM International Conference on Multimedia},
 series = {MM '16},
 year = {2016},
 isbn = {978-1-4503-3603-1},
 location = {Amsterdam, The Netherlands},
 pages = {660--664},
 numpages = {5},
 url = {http://doi.acm.org/10.1145/2964284.2967304},
 doi = {10.1145/2964284.2967304},
 acmid = {2967304},
 publisher = {ACM},
 address = {New York, NY, USA},
 keywords = {emergence, gestalt psychology, image segmentation, image synthesis},
}

@inproceedings{Denis:2009:RRG:1654595.1654608,
 author = {Denis, Alexandre and Pitel, Guillaume and Quignard, Matthieu},
 title = {Resolution of Referents Groupings in Practical Dialogues},
 booktitle = {Proceedings of the 7th SIGdial Workshop on Discourse and Dialogue},
 series = {SigDIAL '06},
 year = {2006},
 isbn = {1-932432-71-X},
 location = {Sydney, Australia},
 pages = {54--59},
 numpages = {6},
 url = {http://dl.acm.org/citation.cfm?id=1654595.1654608},
 acmid = {1654608},
 publisher = {Association for Computational Linguistics},
 address = {Stroudsburg, PA, USA},
}

@inproceedings{Pirzadeh:2011:SBA:1985793.1985955,
 author = {Pirzadeh, Heidar and Hamou-Lhadj, Abdelwahab},
 title = {A Software Behaviour Analysis Framework Based on the Human Perception Systems (NIER Track)},
 booktitle = {Proceedings of the 33rd International Conference on Software Engineering},
 series = {ICSE '11},
 year = {2011},
 isbn = {978-1-4503-0445-0},
 location = {Waikiki, Honolulu, HI, USA},
 pages = {948--951},
 numpages = {4},
 url = {http://doi.acm.org/10.1145/1985793.1985955},
 doi = {10.1145/1985793.1985955},
 acmid = {1985955},
 publisher = {ACM},
 address = {New York, NY, USA},
 keywords = {dynamic analysis, human perception, phase detection, program comprehension, psychological processes, trace analysis},
}

@article{Lester:1995:DLV:216876.216882,
 author = {Lester, Paul Martin},
 title = {Digital Literacy: Visual Communication and Computer Images},
 journal = {SIGGRAPH Comput. Graph.},
 issue_date = {Nov. 1995},
 volume = {29},
 number = {4},
 month = nov,
 year = {1995},
 issn = {0097-8930},
 pages = {25--27},
 numpages = {3},
 url = {http://doi.acm.org/10.1145/216876.216882},
 doi = {10.1145/216876.216882},
 acmid = {216882},
 publisher = {ACM},
 address = {New York, NY, USA},
}

@inproceedings{Phan:2014:LFH:2557977.2558075,
 author = {Phan, Dung and Na, In-Seop and Kim, Soo-Hyung},
 title = {Local Features and Histogram Based Planar Object Recognition},
 booktitle = {Proceedings of the 8th International Conference on Ubiquitous Information Management and Communication},
 series = {ICUIMC '14},
 year = {2014},
 isbn = {978-1-4503-2644-5},
 location = {Siem Reap, Cambodia},
 pages = {49:1--49:4},
 articleno = {49},
 numpages = {4},
 url = {http://doi.acm.org/10.1145/2557977.2558075},
 doi = {10.1145/2557977.2558075},
 acmid = {2558075},
 publisher = {ACM},
 address = {New York, NY, USA},
 keywords = {ORB binary local invariant feature, descriptor, detector, histogram corellation, homography, local histogram, planar object recognition},
}

@article{Mayer:1995:SLI:216708.216714,
 author = {Mayer, Richard E.},
 title = {A Second Look at Increasing the Understandability of Scientific Text},
 journal = {SIGDOC Asterisk J. Comput. Doc.},
 issue_date = {Aug. 1995},
 volume = {19},
 number = {3},
 month = aug,
 year = {1995},
 issn = {0731-1001},
 pages = {45--50},
 numpages = {6},
 url = {http://doi.acm.org/10.1145/216708.216714},
 doi = {10.1145/216708.216714},
 acmid = {216714},
 publisher = {ACM},
 address = {New York, NY, USA},
}

@inproceedings{Coopey:2014:CSC:2567574.2567611,
 author = {Coopey, Eric and Shapiro, R. Benjamin and Danahy, Ethan},
 title = {Collaborative Spatial Classification},
 booktitle = {Proceedings of the Fourth International Conference on Learning Analytics And Knowledge},
 series = {LAK '14},
 year = {2014},
 isbn = {978-1-4503-2664-3},
 location = {Indianapolis, Indiana, USA},
 pages = {138--142},
 numpages = {5},
 url = {http://doi.acm.org/10.1145/2567574.2567611},
 doi = {10.1145/2567574.2567611},
 acmid = {2567611},
 publisher = {ACM},
 address = {New York, NY, USA},
 keywords = {audience response system, classification, clustering, collaboration, interaction techniques, minimum spanning tree, spatial arrangement},
}

@inproceedings{Koch:2016:CLP:2851581.2892537,
 author = {Koch, Janin and Oulasvirta, Antti},
 title = {Computational Layout Perception Using Gestalt Laws},
 booktitle = {Proceedings of the 2016 CHI Conference Extended Abstracts on Human Factors in Computing Systems},
 series = {CHI EA '16},
 year = {2016},
 isbn = {978-1-4503-4082-3},
 location = {San Jose, California, USA},
 pages = {1423--1429},
 numpages = {7},
 url = {http://doi.acm.org/10.1145/2851581.2892537},
 doi = {10.1145/2851581.2892537},
 acmid = {2892537},
 publisher = {ACM},
 address = {New York, NY, USA},
 keywords = {computational perception, user interface layouts},
}

@inproceedings{Chattopadhyay:2015:TMI:2817721.2820985,
 author = {Chattopadhyay, Debaleena},
 title = {Toward Motor: Intuitive Interaction Primitives for Touchless Interfaces},
 booktitle = {Proceedings of the 2015 International Conference on Interactive Tabletops \& Surfaces},
 series = {ITS '15},
 year = {2015},
 isbn = {978-1-4503-3899-8},
 location = {Madeira, Portugal},
 pages = {445--450},
 numpages = {6},
 url = {http://doi.acm.org/10.1145/2817721.2820985},
 doi = {10.1145/2817721.2820985},
 acmid = {2820985},
 publisher = {ACM},
 address = {New York, NY, USA},
 keywords = {gesture-based interfaces, motor-intuitive interaction., novel interaction techniques, touchless interaction},
}

@inproceedings{Kinnaird:2012:WTM:2389176.2389219,
 author = {Kinnaird, Peter and Dabbish, Laura and Kiesler, Sara},
 title = {Workflow Transparency in a Microtask Marketplace},
 booktitle = {Proceedings of the 17th ACM International Conference on Supporting Group Work},
 series = {GROUP '12},
 year = {2012},
 isbn = {978-1-4503-1486-2},
 location = {Sanibel Island, Florida, USA},
 pages = {281--284},
 numpages = {4},
 url = {http://doi.acm.org/10.1145/2389176.2389219},
 doi = {10.1145/2389176.2389219},
 acmid = {2389219},
 publisher = {ACM},
 address = {New York, NY, USA},
 keywords = {crowdsourcing, cscw, entitativity, productivity, task motivation, visualization, workflow},
}

@inproceedings{Liang:2010:PMG:1785455.1785471,
 author = {Liang, Shuang and Li, Rong-Hua and Baciu, George and Chan, Eddie C. L. and Zheng, Dejun},
 title = {Partial Matching of Garment Panel Shapes with Dynamic Sketching Design},
 booktitle = {Proceedings of the 1st Augmented Human International Conference},
 series = {AH '10},
 year = {2010},
 isbn = {978-1-60558-825-4},
 location = {Meg\&\#232;ve, France},
 pages = {16:1--16:6},
 articleno = {16},
 numpages = {6},
 url = {http://doi.acm.org/10.1145/1785455.1785471},
 doi = {10.1145/1785455.1785471},
 acmid = {1785471},
 publisher = {ACM},
 address = {New York, NY, USA},
}

@inproceedings{Duthil:2013:VST:2494266.2494299,
 author = {Duthil, Benjamin and Coustaty, Mickael and Courboulay, Vincent and Ogier, Jean-Marc},
 title = {Visual Saliency and Terminology Extraction for Document Annotation},
 booktitle = {Proceedings of the 2013 ACM Symposium on Document Engineering},
 series = {DocEng '13},
 year = {2013},
 isbn = {978-1-4503-1789-4},
 location = {Florence, Italy},
 pages = {103--106},
 numpages = {4},
 url = {http://doi.acm.org/10.1145/2494266.2494299},
 doi = {10.1145/2494266.2494299},
 acmid = {2494299},
 publisher = {ACM},
 address = {New York, NY, USA},
 keywords = {document annotation, terminology extraction, visual saliency},
}

@inproceedings{Kim:2015:MDC:2814940.2814999,
 author = {Kim, Seonggyu and Rammohan, Mallipeddi and Lee, Minho},
 title = {Monitoring Driver's Cognitive Status Based on Integration of Internal and External Information},
 booktitle = {Proceedings of the 3rd International Conference on Human-Agent Interaction},
 series = {HAI '15},
 year = {2015},
 isbn = {978-1-4503-3527-0},
 location = {Daegu, Kyungpook, Republic of Korea},
 pages = {287--290},
 numpages = {4},
 url = {http://doi.acm.org/10.1145/2814940.2814999},
 doi = {10.1145/2814940.2814999},
 acmid = {2814999},
 publisher = {ACM},
 address = {New York, NY, USA},
 keywords = {ADAS system, gestalt saliency map, head pose estimate, mutual information},
}

@inproceedings{Obrist:2012:STF:2212776.2223739,
 author = {Obrist, Marianna and Roto, Virpi and Vermeeren, Arnold and V\"{a}\"{a}n\"{a}nen-Vainio-Mattila, Kaisa and Law, Effie Lai-Chong and Kuutti, Kari},
 title = {In Search of Theoretical Foundations for UX Research and Practice},
 booktitle = {CHI '12 Extended Abstracts on Human Factors in Computing Systems},
 series = {CHI EA '12},
 year = {2012},
 isbn = {978-1-4503-1016-1},
 location = {Austin, Texas, USA},
 pages = {1979--1984},
 numpages = {6},
 url = {http://doi.acm.org/10.1145/2212776.2223739},
 doi = {10.1145/2212776.2223739},
 acmid = {2223739},
 publisher = {ACM},
 address = {New York, NY, USA},
 keywords = {data analysis, theory, user experience},
}

@inproceedings{Gavrilova:2015:PFK:2809563.2809599,
 author = {Gavrilova, Tatiana and Alsufyev, Artem and Gladkova, Margarita},
 title = {Perceptual Factors in Knowledge Map Visual Design},
 booktitle = {Proceedings of the 15th International Conference on Knowledge Technologies and Data-driven Business},
 series = {i-KNOW '15},
 year = {2015},
 isbn = {978-1-4503-3721-2},
 location = {Graz, Austria},
 pages = {39:1--39:4},
 articleno = {39},
 numpages = {4},
 url = {http://doi.acm.org/10.1145/2809563.2809599},
 doi = {10.1145/2809563.2809599},
 acmid = {2809599},
 publisher = {ACM},
 address = {New York, NY, USA},
 keywords = {concept maps, knowledge maps, knowledge visualization, mind maps, perceptual factors, visual design},
}

@inproceedings{Shovman:2015:TLI:2702123.2702201,
 author = {Shovman, Mark and Bown, James and Szymkowiak, Andrea and Scott-Brown, Kenneth C.},
 title = {Twist and Learn: Interface Learning in 3DOF Exploration of 3D Scatterplots},
 booktitle = {Proceedings of the 33rd Annual ACM Conference on Human Factors in Computing Systems},
 series = {CHI '15},
 year = {2015},
 isbn = {978-1-4503-3145-6},
 location = {Seoul, Republic of Korea},
 pages = {313--316},
 numpages = {4},
 url = {http://doi.acm.org/10.1145/2702123.2702201},
 doi = {10.1145/2702123.2702201},
 acmid = {2702201},
 publisher = {ACM},
 address = {New York, NY, USA},
 keywords = {3d controller, interface learning, scatterplot, visual analytics},
}

@inproceedings{Tausch:2015:SDM:2702613.2732827,
 author = {Tausch, Sarah and Nu\ssberger, Fabian and Hu\ssmann, Heinrich},
 title = {Supporting the Disney Method with an Interactive Feedback System},
 booktitle = {Proceedings of the 33rd Annual ACM Conference Extended Abstracts on Human Factors in Computing Systems},
 series = {CHI EA '15},
 year = {2015},
 isbn = {978-1-4503-3146-3},
 location = {Seoul, Republic of Korea},
 pages = {1013--1018},
 numpages = {6},
 url = {http://doi.acm.org/10.1145/2702613.2732827},
 doi = {10.1145/2702613.2732827},
 acmid = {2732827},
 publisher = {ACM},
 address = {New York, NY, USA},
 keywords = {Disney method, collaboration, creativity technique, feedback, guidance, tablets},
}

@inproceedings{Patterson:2016:WHC:2970930.2979720,
 author = {Patterson, M. and Bond, R. R. and Mulvenna, M. and Reid, C. and McMahon, F. and McGowan, P. and Cowan, K. and Cormican, H.},
 title = {A Web-based Human Computer Interaction Audit Tool to Support Collaborative Cognitive Ergonomics Within Interaction Design},
 booktitle = {Proceedings of the European Conference on Cognitive Ergonomics},
 series = {ECCE '16},
 year = {2016},
 isbn = {978-1-4503-4244-5},
 location = {Nottingham, United Kingdom},
 pages = {40:1--40:4},
 articleno = {40},
 numpages = {4},
 url = {http://doi.acm.org/10.1145/2970930.2979720},
 doi = {10.1145/2970930.2979720},
 acmid = {2979720},
 publisher = {ACM},
 address = {New York, NY, USA},
 keywords = {HCI, audit tool, checklist, design principles, interaction design, user experience},
}

@inproceedings{Chang:2008:VVS:1459359.1459500,
 author = {Chang, Chia-Hu and Hsieh, Kuei-Yi and Chung, Ming-Che and Wu, Ja-Ling},
 title = {ViSA: Virtual Spotlighted Advertising},
 booktitle = {Proceedings of the 16th ACM International Conference on Multimedia},
 series = {MM '08},
 year = {2008},
 isbn = {978-1-60558-303-7},
 location = {Vancouver, British Columbia, Canada},
 pages = {837--840},
 numpages = {4},
 url = {http://doi.acm.org/10.1145/1459359.1459500},
 doi = {10.1145/1459359.1459500},
 acmid = {1459500},
 publisher = {ACM},
 address = {New York, NY, USA},
 keywords = {image advertising, less intrusiveness, tennis video analysis, virtual advertisement},
}

@inproceedings{Chattopadhyay:2015:EPM:2677199.2691603,
 author = {Chattopadhyay, Debaleena},
 title = {Exploring Perceptual and Motor Gestalt in Touchless Interactions with Distant Displays},
 booktitle = {Proceedings of the Ninth International Conference on Tangible, Embedded, and Embodied Interaction},
 series = {TEI '15},
 year = {2015},
 isbn = {978-1-4503-3305-4},
 location = {Stanford, California, USA},
 pages = {433--436},
 numpages = {4},
 url = {http://doi.acm.org/10.1145/2677199.2691603},
 doi = {10.1145/2677199.2691603},
 acmid = {2691603},
 publisher = {ACM},
 address = {New York, NY, USA},
 keywords = {embodied interaction, gestalt psychology, interaction design, touchless interaction, visual perception},
}

@article{Mirielli:2007:UPW:1229637.1229639,
 author = {Mirielli, Edward J.},
 title = {Using Peer-evaluation in a Website Design Course},
 journal = {J. Comput. Sci. Coll.},
 issue_date = {April 2007},
 volume = {22},
 number = {4},
 month = apr,
 year = {2007},
 issn = {1937-4771},
 pages = {14--21},
 numpages = {8},
 url = {http://dl.acm.org/citation.cfm?id=1229637.1229639},
 acmid = {1229639},
 publisher = {Consortium for Computing Sciences in Colleges},
 address = {USA},
}

@inproceedings{Padilla:2017:UCM:3025453.3025977,
 author = {Padilla, Stefano and Methven, Thomas S. and Robb, David A. and Chantler, Mike J.},
 title = {Understanding Concept Maps: A Closer Look at How People Organise Ideas},
 booktitle = {Proceedings of the 2017 CHI Conference on Human Factors in Computing Systems},
 series = {CHI '17},
 year = {2017},
 isbn = {978-1-4503-4655-9},
 location = {Denver, Colorado, USA},
 pages = {815--827},
 numpages = {13},
 url = {http://doi.acm.org/10.1145/3025453.3025977},
 doi = {10.1145/3025453.3025977},
 acmid = {3025977},
 publisher = {ACM},
 address = {New York, NY, USA},
 keywords = {concept maps, data, design, information, interaction, interfaces, knowledge, organisation., visualisation},
}

@inproceedings{Serrano:2017:VCG:3025453.3025677,
 author = {Serrano, Marcos and Roudaut, Anne and Irani, Pourang},
 title = {Visual Composition of Graphical Elements on Non-Rectangular Displays},
 booktitle = {Proceedings of the 2017 CHI Conference on Human Factors in Computing Systems},
 series = {CHI '17},
 year = {2017},
 isbn = {978-1-4503-4655-9},
 location = {Denver, Colorado, USA},
 pages = {4405--4416},
 numpages = {12},
 url = {http://doi.acm.org/10.1145/3025453.3025677},
 doi = {10.1145/3025453.3025677},
 acmid = {3025677},
 publisher = {ACM},
 address = {New York, NY, USA},
 keywords = {freeform display, non-rectangular display, visual design guidelines},
}

@inproceedings{Bohne:2011:EKE:2034691.2034732,
 author = {Bohne, Thomas and R\"{o}nnau, Sebastian and Borghoff, Uwe M.},
 title = {Efficient Keyword Extraction for Meaningful Document Perception},
 booktitle = {Proceedings of the 11th ACM Symposium on Document Engineering},
 series = {DocEng '11},
 year = {2011},
 isbn = {978-1-4503-0863-2},
 location = {Mountain View, California, USA},
 pages = {185--194},
 numpages = {10},
 url = {http://doi.acm.org/10.1145/2034691.2034732},
 doi = {10.1145/2034691.2034732},
 acmid = {2034732},
 publisher = {ACM},
 address = {New York, NY, USA},
 keywords = {heuristic algorithm, information retrieval, keyword extraction, single document, text data mining},
}

@inproceedings{Esteves:2015:OGI:2807442.2807499,
 author = {Esteves, Augusto and Velloso, Eduardo and Bulling, Andreas and Gellersen, Hans},
 title = {Orbits: Gaze Interaction for Smart Watches Using Smooth Pursuit Eye Movements},
 booktitle = {Proceedings of the 28th Annual ACM Symposium on User Interface Software \&\#38; Technology},
 series = {UIST '15},
 year = {2015},
 isbn = {978-1-4503-3779-3},
 location = {Charlotte, NC, USA},
 pages = {457--466},
 numpages = {10},
 url = {http://doi.acm.org/10.1145/2807442.2807499},
 doi = {10.1145/2807442.2807499},
 acmid = {2807499},
 publisher = {ACM},
 address = {New York, NY, USA},
 keywords = {eye tracking, gaze input, gaze interaction, pursuits, small devices, small displays, smart watches, wearable computing.},
}

@inproceedings{Lindlbauer:2013:PGS:2512349.2512801,
 author = {Lindlbauer, David and Haller, Michael and Hancock, Mark and Scott, Stacey D. and Stuerzlinger, Wolfgang},
 title = {Perceptual Grouping: Selection Assistance for Digital Sketching},
 booktitle = {Proceedings of the 2013 ACM International Conference on Interactive Tabletops and Surfaces},
 series = {ITS '13},
 year = {2013},
 isbn = {978-1-4503-2271-3},
 location = {St. Andrews, Scotland, United Kingdom},
 pages = {51--60},
 numpages = {10},
 url = {http://doi.acm.org/10.1145/2512349.2512801},
 doi = {10.1145/2512349.2512801},
 acmid = {2512801},
 publisher = {ACM},
 address = {New York, NY, USA},
 keywords = {digital sketching, interactive whiteboard, perceptual grouping, selection assistance, sketch analysis},
}

@article{Fernandes:2008:COA:1527063.1527065,
 author = {Fernandes, Carlos M.},
 title = {A Camera Obscura for Ants},
 journal = {SIGEVOlution},
 issue_date = {Summer 2008},
 volume = {3},
 number = {2},
 month = jul,
 year = {2008},
 issn = {1931-8499},
 pages = {9--16},
 numpages = {8},
 url = {http://doi.acm.org/10.1145/1527063.1527065},
 doi = {10.1145/1527063.1527065},
 acmid = {1527065},
 publisher = {ACM},
 address = {New York, NY, USA},
}

@inproceedings{MacKinnon:2003:DUD:944868.944891,
 author = {MacKinnon, Neil and Murphy, Steve},
 title = {Designing UML Diagrams for Technical Documentation},
 booktitle = {Proceedings of the 21st Annual International Conference on Documentation},
 series = {SIGDOC '03},
 year = {2003},
 isbn = {1-58113-696-X},
 location = {San Francisco, CA, USA},
 pages = {105--112},
 numpages = {8},
 url = {http://doi.acm.org/10.1145/944868.944891},
 doi = {10.1145/944868.944891},
 acmid = {944891},
 publisher = {ACM},
 address = {New York, NY, USA},
 keywords = {UML diagrams, documentation, graphic design, guidelines, human factors, unified modeling language, visualization},
}

@inproceedings{Hao:2011:IHV:2016656.2016668,
 author = {Hao, Jie and Zhang, Kang},
 title = {InfoShape: High-level Views of Multidimensional Information},
 booktitle = {Proceedings of the 2011 Visual Information Communication - International Symposium},
 series = {VINCI '11},
 year = {2011},
 isbn = {978-1-4503-0786-4},
 location = {Hong Kong, China},
 pages = {12:1--12:8},
 articleno = {12},
 numpages = {8},
 url = {http://doi.acm.org/10.1145/2016656.2016668},
 doi = {10.1145/2016656.2016668},
 acmid = {2016668},
 publisher = {ACM},
 address = {New York, NY, USA},
 keywords = {3D shapes, multidimensional visualization, sphere},
}

@inproceedings{Ullrich:2011:GOD:2381170.2381172,
 author = {Ullrich, Torsten and Fellner, Dieter W.},
 title = {Generative Object Definition and Semantic Recognition},
 booktitle = {Proceedings of the 4th Eurographics Conference on 3D Object Retrieval},
 series = {3DOR '11},
 year = {2011},
 isbn = {978-3-905674-31-6},
 location = {Llandudno, UK},
 pages = {1--8},
 numpages = {8},
 url = {http://dx.doi.org/10.2312/3DOR/3DOR11/001-008},
 doi = {10.2312/3DOR/3DOR11/001-008},
 acmid = {2381172},
 publisher = {Eurographics Association},
 address = {Aire-la-Ville, Switzerland, Switzerland},
}

@inproceedings{Khan:2012:EVA:2328888.2328898,
 author = {Khan, Shehroz S. and Vogel, Daniel},
 title = {Evaluating Visual Aesthetics in Photographic Portraiture},
 booktitle = {Proceedings of the Eighth Annual Symposium on Computational Aesthetics in Graphics, Visualization, and Imaging},
 series = {CAe '12},
 year = {2012},
 isbn = {978-1-4503-1584-5},
 location = {Annecy, France},
 pages = {55--62},
 numpages = {8},
 url = {http://dl.acm.org/citation.cfm?id=2328888.2328898},
 acmid = {2328898},
 publisher = {Eurographics Association},
 address = {Goslar Germany, Germany},
}

@inproceedings{Huang:2013:CPI:2513506.2513516,
 author = {Huang, Chung-Ching and Stolterman, Erik},
 title = {Capturing Prolonged Interactive Experiences: A Review of Visual Approaches in User Research},
 booktitle = {Proceedings of the 6th International Conference on Designing Pleasurable Products and Interfaces},
 series = {DPPI '13},
 year = {2013},
 isbn = {978-1-4503-2192-1},
 location = {Newcastle upon Tyne, United Kingdom},
 pages = {86--95},
 numpages = {10},
 url = {http://doi.acm.org/10.1145/2513506.2513516},
 doi = {10.1145/2513506.2513516},
 acmid = {2513516},
 publisher = {ACM},
 address = {New York, NY, USA},
 keywords = {temporality, use experience, user research, visual approaches},
}

@inproceedings{Railean:2018:LLD:3236112.3236126,
 author = {Railean, Alexandr and Reinhardt, Delphine},
 title = {Let There Be LITE: Design and Evaluation of a Label for IoT Transparency Enhancement},
 booktitle = {Proceedings of the 20th International Conference on Human-Computer Interaction with Mobile Devices and Services Adjunct},
 series = {MobileHCI '18},
 year = {2018},
 isbn = {978-1-4503-5941-2},
 location = {Barcelona, Spain},
 pages = {103--110},
 numpages = {8},
 url = {http://doi.acm.org/10.1145/3236112.3236126},
 doi = {10.1145/3236112.3236126},
 acmid = {3236126},
 publisher = {ACM},
 address = {New York, NY, USA},
 keywords = {IoT, internet of things, label, privacy, usability},
}

@inproceedings{Pereda:2019:TEC:3294109.3301000,
 author = {Pereda, Javier},
 title = {A TUI to Explore Cultural Heritage Repositories on the Web},
 booktitle = {Proceedings of the Thirteenth International Conference on Tangible, Embedded, and Embodied Interaction},
 series = {TEI '19},
 year = {2019},
 isbn = {978-1-4503-6196-5},
 location = {Tempe, Arizona, USA},
 pages = {259--267},
 numpages = {9},
 url = {http://doi.acm.org/10.1145/3294109.3301000},
 doi = {10.1145/3294109.3301000},
 acmid = {3301000},
 publisher = {ACM},
 address = {New York, NY, USA},
 keywords = {TUI, cultural heritage, design methods, participatory design, prototyping, tangible interaction, user experience},
}

@inproceedings{Deshpande:2017:CAC:3019612.3019857,
 author = {Deshpande, Shailesh and Sowmya, Arcot and Yadav, Piyush and Ladha, Shamsuddin and Verma, Priyanka and Vaiapury, Karthikeyan and Gubbi, Jay and Balamuralidhar, P.},
 title = {CogVis: Attention-driven Cognitive Architecture for Visual Change Detection},
 booktitle = {Proceedings of the Symposium on Applied Computing},
 series = {SAC '17},
 year = {2017},
 isbn = {978-1-4503-4486-9},
 location = {Marrakech, Morocco},
 pages = {151--154},
 numpages = {4},
 url = {http://doi.acm.org/10.1145/3019612.3019857},
 doi = {10.1145/3019612.3019857},
 acmid = {3019857},
 publisher = {ACM},
 address = {New York, NY, USA},
 keywords = {attention model, change detection, cognitive architecture, gestalt},
}

@inproceedings{Wilkinson:1982:EEM:800049.801781,
 author = {Wilkinson, Leland},
 title = {An Experimental Evaluation of Multivariate Graphical Point Representations},
 booktitle = {Proceedings of the 1982 Conference on Human Factors in Computing Systems},
 series = {CHI '82},
 year = {1982},
 location = {Gaithersburg, Maryland, USA},
 pages = {202--209},
 numpages = {8},
 url = {http://doi.acm.org/10.1145/800049.801781},
 doi = {10.1145/800049.801781},
 acmid = {801781},
 publisher = {ACM},
 address = {New York, NY, USA},
}

@inproceedings{Simbelis:2017:TSB:3064663.3064793,
 author = {Simbelis, Vygandas "Vegas"},
 title = {Time and Space in Broken Panorama},
 booktitle = {Proceedings of the 2017 Conference on Designing Interactive Systems},
 series = {DIS '17},
 year = {2017},
 isbn = {978-1-4503-4922-2},
 location = {Edinburgh, United Kingdom},
 pages = {1369--1381},
 numpages = {13},
 url = {http://doi.acm.org/10.1145/3064663.3064793},
 doi = {10.1145/3064663.3064793},
 acmid = {3064793},
 publisher = {ACM},
 address = {New York, NY, USA},
 keywords = {digital photography, fault aesthetics, glitch aesthetics, panorama camera, panoramic image},
}

@inproceedings{Pineo:2008:NMF:1394281.1394313,
 author = {Pineo, Daniel and Ware, Colin},
 title = {Neural Modeling of Flow Rendering Effectiveness},
 booktitle = {Proceedings of the 5th Symposium on Applied Perception in Graphics and Visualization},
 series = {APGV '08},
 year = {2008},
 isbn = {978-1-59593-981-4},
 location = {Los Angeles, California},
 pages = {171--178},
 numpages = {8},
 url = {http://doi.acm.org/10.1145/1394281.1394313},
 doi = {10.1145/1394281.1394313},
 acmid = {1394313},
 publisher = {ACM},
 address = {New York, NY, USA},
 keywords = {contour perception, flow visualization, perceptual theory, visual cortex, visualization},
}

@inproceedings{Wigdor:2006:TIS:1133265.1133286,
 author = {Wigdor, Daniel and Shen, Chia and Forlines, Clifton and Balakrishnan, Ravin},
 title = {Table-centric Interactive Spaces for Real-time Collaboration},
 booktitle = {Proceedings of the Working Conference on Advanced Visual Interfaces},
 series = {AVI '06},
 year = {2006},
 isbn = {1-59593-353-0},
 location = {Venezia, Italy},
 pages = {103--107},
 numpages = {5},
 url = {http://doi.acm.org/10.1145/1133265.1133286},
 doi = {10.1145/1133265.1133286},
 acmid = {1133286},
 publisher = {ACM},
 address = {New York, NY, USA},
 keywords = {groupware, interactive spaces, real-time collaboration, tabletop interaction},
}

@inproceedings{Lehtonen:2006:TUM:1190183.1190190,
 author = {Lehtonen, Timo and Benamar, Said and Laamanen, Vesa and Luoma, Ilkka and Ruotsalainen, Olli and Salonen, Jaakko and MikkonenP, Tommi},
 title = {Towards User-friendly Mobile Browsing},
 booktitle = {Proceedings of the 2Nd International Workshop on Advanced Architectures and Algorithms for Internet Delivery and Applications},
 series = {AAA-IDEA '06},
 year = {2006},
 isbn = {1-59593-505-3},
 location = {Pisa, Italy},
 articleno = {6},
 url = {http://doi.acm.org/10.1145/1190183.1190190},
 doi = {10.1145/1190183.1190190},
 acmid = {1190190},
 publisher = {ACM},
 address = {New York, NY, USA},
 keywords = {content adaption, human computer interaction, mobile web browsing},
}

@incollection{2017:PRE:3015783.3015784,
 chapter = {Preface},
 title = {The Handbook of Multimodal-Multisensor Interfaces},
 editor = {Oviatt, Sharon and Schuller, Bj\"{o}rn and Cohen, Philip R. and Sonntag, Daniel and Potamianos, Gerasimos and Kr\"{u}ger, Antonio},
 year = {2017},
 isbn = {978-1-97000-167-9},
 pages = {xv--xvii},
 url = {https://doi.org/10.1145/3015783.3015784},
 doi = {10.1145/3015783.3015784},
 acmid = {3015784},
 publisher = {Association for Computing Machinery and Morgan \&\#38; Claypool},
 address = {New York, NY, USA},
key = {{$\!\!$}} ,
}

@inproceedings{Ross:1956:GPN:1455410.1455414,
 author = {Ross, Douglas T.},
 title = {Gestalt Programming: A New Concept in Automatic Programming},
 booktitle = {Papers Presented at the February 7-9, 1956, Joint ACM-AIEE-IRE Western Computer Conference},
 series = {AIEE-IRE '56 (Western)},
 year = {1956},
 location = {San Francisco, California},
 pages = {5--10},
 numpages = {6},
 url = {http://doi.acm.org/10.1145/1455410.1455414},
 doi = {10.1145/1455410.1455414},
 acmid = {1455414},
 publisher = {ACM},
 address = {New York, NY, USA},
}

@inproceedings{Mukherjee:2010:HAR:1924559.1924561,
 author = {Mukherjee, Snehasis and Biswas, Sujoy Kumar and Mukherjee, Dipti Prasad},
 title = {Human Action Recognition in Video by 'Meaningful' Poses},
 booktitle = {Proceedings of the Seventh Indian Conference on Computer Vision, Graphics and Image Processing},
 series = {ICVGIP '10},
 year = {2010},
 isbn = {978-1-4503-0060-5},
 location = {Chennai, India},
 pages = {9--16},
 numpages = {8},
 url = {http://doi.acm.org/10.1145/1924559.1924561},
 doi = {10.1145/1924559.1924561},
 acmid = {1924561},
 publisher = {ACM},
 address = {New York, NY, USA},
}

@inproceedings{Raptis:2016:UET:3003733.3003762,
 author = {Raptis, George E. and Fidas, Christos A. and Avouris, Nikolaos M.},
 title = {Using Eye Tracking to Identify Cognitive Differences: A Brief Literature Review},
 booktitle = {Proceedings of the 20th Pan-Hellenic Conference on Informatics},
 series = {PCI '16},
 year = {2016},
 isbn = {978-1-4503-4789-1},
 location = {Patras, Greece},
 pages = {21:1--21:6},
 articleno = {21},
 numpages = {6},
 url = {http://doi.acm.org/10.1145/3003733.3003762},
 doi = {10.1145/3003733.3003762},
 acmid = {3003762},
 publisher = {ACM},
 address = {New York, NY, USA},
 keywords = {Cognitive differences, Cognitive styles, Eye tracking, Literature review, Visual perception},
}

@article{Price:1975:CHC:1045215.1045217,
 author = {Price, Keith},
 title = {A Comparison of Human and Computer Vision Systems: A Tutorial},
 journal = {SIGART Bull.},
 issue_date = {February 1975},
 number = {50},
 month = feb,
 year = {1975},
 issn = {0163-5719},
 pages = {5--10},
 numpages = {6},
 url = {http://doi.acm.org/10.1145/1045215.1045217},
 doi = {10.1145/1045215.1045217},
 acmid = {1045217},
 publisher = {ACM},
 address = {New York, NY, USA},
}

@inproceedings{Kandemir:2017:BSA:3126686.3126712,
 author = {Kandemir, Baris and Zhou, Zihan and Li, Jia and Wang, James Z.},
 title = {Beyond Saliency: Assessing Visual Balance with High-level Cues},
 booktitle = {Proceedings of the on Thematic Workshops of ACM Multimedia 2017},
 series = {Thematic Workshops '17},
 year = {2017},
 isbn = {978-1-4503-5416-5},
 location = {Mountain View, California, USA},
 pages = {26--34},
 numpages = {9},
 url = {http://doi.acm.org/10.1145/3126686.3126712},
 doi = {10.1145/3126686.3126712},
 acmid = {3126712},
 publisher = {ACM},
 address = {New York, NY, USA},
 keywords = {art, composition, compositional balance, computational aesthetics, saliency},
}

@inproceedings{Ware:2016:AVS:2931002.2931012,
 author = {Ware, Colin and Bolan, Daniel and Miller, Ricky and Rogers, David H. and Ahrens, James P.},
 title = {Animated Versus Static Views of Steady Flow Patterns},
 booktitle = {Proceedings of the ACM Symposium on Applied Perception},
 series = {SAP '16},
 year = {2016},
 isbn = {978-1-4503-4383-1},
 location = {Anaheim, California},
 pages = {77--84},
 numpages = {8},
 url = {http://doi.acm.org/10.1145/2931002.2931012},
 doi = {10.1145/2931002.2931012},
 acmid = {2931012},
 publisher = {ACM},
 address = {New York, NY, USA},
 keywords = {animated flow, flow visualization, vector field visualization},
}

@incollection{2017:IST:3015783.3015785,
 chapter = {Introduction: Scope, Trends, and Paradigm Shift in the Field of Computer Interfaces},
 title = {The Handbook of Multimodal-Multisensor Interfaces},
 editor = {Oviatt, Sharon and Schuller, Bj\"{o}rn and Cohen, Philip R. and Sonntag, Daniel and Potamianos, Gerasimos and Kr\"{u}ger, Antonio},
 year = {2017},
 isbn = {978-1-97000-167-9},
 pages = {1--15},
 numpages = {15},
 url = {https://doi.org/10.1145/3015783.3015785},
 doi = {10.1145/3015783.3015785},
 acmid = {3015785},
 publisher = {Association for Computing Machinery and Morgan \&\#38; Claypool},
 address = {New York, NY, USA},
key = {{$\!\!$}} ,
}

@inproceedings{Purchase:2011:IOM:2460616.2460619,
 author = {Purchase, Helen C. and Hamer, John and Jamieson, Adrian and Ryan, Oran},
 title = {Investigating Objective Measures of Web Page Aesthetics and Usability},
 booktitle = {Proceedings of the Twelfth Australasian User Interface Conference - Volume 117},
 series = {AUIC '11},
 year = {2011},
 isbn = {978-1-920682-97-2},
 location = {Perth, Australia},
 pages = {19--28},
 numpages = {10},
 url = {http://dl.acm.org/citation.cfm?id=2460616.2460619},
 acmid = {2460619},
 publisher = {Australian Computer Society, Inc.},
 address = {Darlinghurst, Australia, Australia},
 keywords = {aesthetics, empirical study, layout, perception},
}

@inproceedings{Hug:2010:PDE:1859799.1859806,
 author = {Hug, Daniel},
 title = {Performativity in Design and Evaluation of Sounding Interactive Commodities},
 booktitle = {Proceedings of the 5th Audio Mostly Conference: A Conference on Interaction with Sound},
 series = {AM '10},
 year = {2010},
 isbn = {978-1-4503-0046-9},
 location = {Pite\&\#229;, Sweden},
 pages = {7:1--7:8},
 articleno = {7},
 numpages = {8},
 url = {http://doi.acm.org/10.1145/1859799.1859806},
 doi = {10.1145/1859799.1859806},
 acmid = {1859806},
 publisher = {ACM},
 address = {New York, NY, USA},
 keywords = {acousmatic Wizard of Oz prototyping, interactive commodities, sonic interaction design},
}

@inproceedings{Schacher:2016:MME:2948910.2948940,
 author = {Schacher, Jan C.},
 title = {Moving Music: Exploring Movement-to-Sound Relationships},
 booktitle = {Proceedings of the 3rd International Symposium on Movement and Computing},
 series = {MOCO '16},
 year = {2016},
 isbn = {978-1-4503-4307-7},
 location = {Thessaloniki, GA, Greece},
 pages = {19:1--19:8},
 articleno = {19},
 numpages = {8},
 url = {http://doi.acm.org/10.1145/2948910.2948940},
 doi = {10.1145/2948910.2948940},
 acmid = {2948940},
 publisher = {ACM},
 address = {New York, NY, USA},
 keywords = {interactive dance, mapping strategies, multimodal correlations, perceptual categories, translations},
}

@inproceedings{Diana:2015:MDD:2823465.2823466,
 author = {Diana, Barbara and Elia, Massimiliano and Zurloni, Valentino and Elia, Annibale and Maisto, Alessandro and Pelosi, Serena},
 title = {Multimodal Deception Detection: A T-pattern Approach},
 booktitle = {Proceedings of the 2015 ACM on Workshop on Multimodal Deception Detection},
 series = {WMDD '15},
 year = {2015},
 isbn = {978-1-4503-3987-2},
 location = {Seattle, Washington, USA},
 pages = {21--28},
 numpages = {8},
 url = {http://doi.acm.org/10.1145/2823465.2823466},
 doi = {10.1145/2823465.2823466},
 acmid = {2823466},
 publisher = {ACM},
 address = {New York, NY, USA},
 keywords = {deception, multimodality, t-pattern analysis},
}

@inproceedings{Ao:2006:SDI:1111449.1111484,
 author = {Ao, Xiang and Li, Junfeng and Wang, Xugang and Dai, Guozhong},
 title = {Structuralizing Digital Ink for Efficient Selection},
 booktitle = {Proceedings of the 11th International Conference on Intelligent User Interfaces},
 series = {IUI '06},
 year = {2006},
 isbn = {1-59593-287-9},
 location = {Sydney, Australia},
 pages = {148--154},
 numpages = {7},
 url = {http://doi.acm.org/10.1145/1111449.1111484},
 doi = {10.1145/1111449.1111484},
 acmid = {1111484},
 publisher = {ACM},
 address = {New York, NY, USA},
 keywords = {digital ink, selection gesture, structuralizing, text line extraction, text/graph separation},
}

@article{Pineo:2008:NMF:1773965.1773971,
 author = {Pineo, Daniel and Ware, Colin},
 title = {Neural Modeling of Flow Rendering Effectiveness},
 journal = {ACM Trans. Appl. Percept.},
 issue_date = {June 2010},
 volume = {7},
 number = {3},
 month = jun,
 year = {2008},
 issn = {1544-3558},
 pages = {20:1--20:15},
 articleno = {20},
 numpages = {15},
 url = {http://doi.acm.org/10.1145/1773965.1773971},
 doi = {10.1145/1773965.1773971},
 acmid = {1773971},
 publisher = {ACM},
 address = {New York, NY, USA},
 keywords = {Contour perception, flow visualization, perceptual theory, visual cortex, visualization},
}

@inproceedings{Gorno:2011:AIC:2347504.2347522,
 author = {Gorno, Roberta and Colombo, Sara},
 title = {Attributing Intended Character to Products Through Their Formal Features},
 booktitle = {Proceedings of the 2011 Conference on Designing Pleasurable Products and Interfaces},
 series = {DPPI '11},
 year = {2011},
 isbn = {978-1-4503-1280-6},
 location = {Milano, Italy},
 pages = {16:1--16:8},
 articleno = {16},
 numpages = {8},
 url = {http://doi.acm.org/10.1145/2347504.2347522},
 doi = {10.1145/2347504.2347522},
 acmid = {2347522},
 publisher = {ACM},
 address = {New York, NY, USA},
 keywords = {character attribution, design, design guidelines, design process, product form},
}

@inproceedings{Albers:2007:ISI:1297144.1297163,
 author = {Albers, Michael J.},
 title = {Information Salience and Interpreting Information},
 booktitle = {Proceedings of the 25th Annual ACM International Conference on Design of Communication},
 series = {SIGDOC '07},
 year = {2007},
 isbn = {978-1-59593-588-5},
 location = {El Paso, Texas, USA},
 pages = {80--86},
 numpages = {7},
 url = {http://doi.acm.org/10.1145/1297144.1297163},
 doi = {10.1145/1297144.1297163},
 acmid = {1297163},
 publisher = {ACM},
 address = {New York, NY, USA},
 keywords = {document design, information presentation, information salience},
}

@inproceedings{MacGillivray:2012:DSS:2328888.2328900,
 author = {MacGillivray, C. and Mathez, B. and Leymarie, F. Fol},
 title = {Developing a System of Screen-less Animation for Experiments in Perception of Movement},
 booktitle = {Proceedings of the Eighth Annual Symposium on Computational Aesthetics in Graphics, Visualization, and Imaging},
 series = {CAe '12},
 year = {2012},
 isbn = {978-1-4503-1584-5},
 location = {Annecy, France},
 pages = {71--80},
 numpages = {10},
 url = {http://dl.acm.org/citation.cfm?id=2328888.2328900},
 acmid = {2328900},
 publisher = {Eurographics Association},
 address = {Goslar Germany, Germany},
}

@inproceedings{Gogi:2014:PSR:2693848.2694299,
 author = {Gogi, Anastasia and Tako, Antuela A. and Robinson, Stewart},
 title = {A Preliminary Study on the Role of Simulation Models in Generating Insights},
 booktitle = {Proceedings of the 2014 Winter Simulation Conference},
 series = {WSC '14},
 year = {2014},
 location = {Savannah, Georgia},
 pages = {3618--3629},
 numpages = {12},
 url = {http://dl.acm.org/citation.cfm?id=2693848.2694299},
 acmid = {2694299},
 publisher = {IEEE Press},
 address = {Piscataway, NJ, USA},
}

@inproceedings{Salimun:2010:EAP:1868914.1868963,
 author = {Salimun, Carolyn and Purchase, Helen C. and Simmons, David R. and Brewster, Stephen},
 title = {The Effect of Aesthetically Pleasing Composition on Visual Search Performance},
 booktitle = {Proceedings of the 6th Nordic Conference on Human-Computer Interaction: Extending Boundaries},
 series = {NordiCHI '10},
 year = {2010},
 isbn = {978-1-60558-934-3},
 location = {Reykjavik, Iceland},
 pages = {422--431},
 numpages = {10},
 url = {http://doi.acm.org/10.1145/1868914.1868963},
 doi = {10.1145/1868914.1868963},
 acmid = {1868963},
 publisher = {ACM},
 address = {New York, NY, USA},
 keywords = {aesthetics, aesthetics measures, interface layout, task performance},
}

@inproceedings{Abdelhakim:2007:WGD:1290144.1290150,
 author = {Abdelhakim, Mohammed N. A. and Shirmohammadi, Shervin},
 title = {A Web-based Group Decision Support System for the Selection and Evaluation of Educational Multimedia},
 booktitle = {Proceedings of the International Workshop on Educational Multimedia and Multimedia Education},
 series = {Emme '07},
 year = {2007},
 isbn = {978-1-59593-783-4},
 location = {Augsburg, Bavaria, Germany},
 pages = {27--36},
 numpages = {10},
 url = {http://doi.acm.org/10.1145/1290144.1290150},
 doi = {10.1145/1290144.1290150},
 acmid = {1290150},
 publisher = {ACM},
 address = {New York, NY, USA},
 keywords = {educational multimedia, instructional design, knowledge management, web-Based group decision support system},
}

@inproceedings{Yanulevskaya:2012:EBE:2393347.2393399,
 author = {Yanulevskaya, Victoria and Uijlings, Jasper and Bruni, Elia and Sartori, Andreza and Zamboni, Elisa and Bacci, Francesca and Melcher, David and Sebe, Nicu},
 title = {In the Eye of the Beholder: Employing Statistical Analysis and Eye Tracking for Analyzing Abstract Paintings},
 booktitle = {Proceedings of the 20th ACM International Conference on Multimedia},
 series = {MM '12},
 year = {2012},
 isbn = {978-1-4503-1089-5},
 location = {Nara, Japan},
 pages = {349--358},
 numpages = {10},
 url = {http://doi.acm.org/10.1145/2393347.2393399},
 doi = {10.1145/2393347.2393399},
 acmid = {2393399},
 publisher = {ACM},
 address = {New York, NY, USA},
 keywords = {abstract paintings, emotion recognition, eye tracking, visual art},
}

@inproceedings{BautistaR.:2018:ARU:3293578.3293590,
 author = {Bautista R., Luis E. and Maradei G., Fernanda and Pedraza F., Gabriel},
 title = {Augmented Reality User Interaction to Computer Assisted Orthopedic Surgery System},
 booktitle = {Proceedings of the 7th Mexican Conference on Human-Computer Interaction},
 series = {MexIHC '18},
 year = {2018},
 isbn = {978-1-4503-6653-3},
 location = {Merida, Mexico},
 pages = {5:1--5:9},
 articleno = {5},
 numpages = {9},
 url = {http://doi.acm.org/10.1145/3293578.3293590},
 doi = {10.1145/3293578.3293590},
 acmid = {3293590},
 publisher = {ACM},
 address = {New York, NY, USA},
 keywords = {Augmented Reality, Efficacy, Efficiency, Satisfaction, Touchless Interaction},
}

@inproceedings{Ma:2003:CIA:957013.957094,
 author = {Ma, Yu-Fei and Zhang, Hong-Jiang},
 title = {Contrast-based Image Attention Analysis by Using Fuzzy Growing},
 booktitle = {Proceedings of the Eleventh ACM International Conference on Multimedia},
 series = {MULTIMEDIA '03},
 year = {2003},
 isbn = {1-58113-722-2},
 location = {Berkeley, CA, USA},
 pages = {374--381},
 numpages = {8},
 url = {http://doi.acm.org/10.1145/957013.957094},
 doi = {10.1145/957013.957094},
 acmid = {957094},
 publisher = {ACM},
 address = {New York, NY, USA},
 keywords = {attention detection, contrast analysis, fuzzy growing, image analysis, visual attention model},
}

@inproceedings{Kohls:2007:GSM:1772070.1772086,
 author = {Kohls, Christian and Windbrake, Tobias},
 title = {Where to Go and What to Show: More Patterns for a Pattern Language of Interactive Information Graphics},
 booktitle = {Proceedings of the 14th Conference on Pattern Languages of Programs},
 series = {PLOP '07},
 year = {2007},
 isbn = {978-1-60558-411-9},
 location = {Monticello, Illinois, USA},
 pages = {13:1--13:14},
 articleno = {13},
 numpages = {14},
 url = {http://doi.acm.org/10.1145/1772070.1772086},
 doi = {10.1145/1772070.1772086},
 acmid = {1772086},
 publisher = {ACM},
 address = {New York, NY, USA},
 keywords = {design patterns, e-learning, educational patterns, interactive graphic},
}

@article{Mitra:2009:EI:1618452.1618509,
 author = {Mitra, Niloy J. and Chu, Hung-Kuo and Lee, Tong-Yee and Wolf, Lior and Yeshurun, Hezy and Cohen-Or, Daniel},
 title = {Emerging Images},
 journal = {ACM Trans. Graph.},
 issue_date = {December 2009},
 volume = {28},
 number = {5},
 month = dec,
 year = {2009},
 issn = {0730-0301},
 pages = {163:1--163:8},
 articleno = {163},
 numpages = {8},
 url = {http://doi.acm.org/10.1145/1618452.1618509},
 doi = {10.1145/1618452.1618509},
 acmid = {1618509},
 publisher = {ACM},
 address = {New York, NY, USA},
}

@inproceedings{Mitra:2009:EI:1661412.1618509,
 author = {Mitra, Niloy J. and Chu, Hung-Kuo and Lee, Tong-Yee and Wolf, Lior and Yeshurun, Hezy and Cohen-Or, Daniel},
 title = {Emerging Images},
 booktitle = {ACM SIGGRAPH Asia 2009 Papers},
 series = {SIGGRAPH Asia '09},
 year = {2009},
 isbn = {978-1-60558-858-2},
 location = {Yokohama, Japan},
 pages = {163:1--163:8},
 articleno = {163},
 numpages = {8},
 url = {http://doi.acm.org/10.1145/1661412.1618509},
 doi = {10.1145/1661412.1618509},
 acmid = {1618509},
 publisher = {ACM},
 address = {New York, NY, USA},
}

@inproceedings{Kohls:2008:RDP:1753196.1753214,
 author = {Kohls, Christian and Scheiter, Katharina},
 title = {The Relation Between Design Patterns and Schema Theory},
 booktitle = {Proceedings of the 15th Conference on Pattern Languages of Programs},
 series = {PLoP '08},
 year = {2008},
 isbn = {978-1-60558-151-4},
 location = {Nashville, Tennessee, USA},
 pages = {15:1--15:16},
 articleno = {15},
 numpages = {16},
 url = {http://doi.acm.org/10.1145/1753196.1753214},
 doi = {10.1145/1753196.1753214},
 acmid = {1753214},
 publisher = {ACM},
 address = {New York, NY, USA},
 keywords = {design patterns, frames, mental models, schema theory, scripts},
}

@article{Newell:1976:CSE:360018.360022,
 author = {Newell, Allen and Simon, Herbert A.},
 title = {Computer Science As Empirical Inquiry: Symbols and Search},
 journal = {Commun. ACM},
 issue_date = {March 1976},
 volume = {19},
 number = {3},
 month = mar,
 year = {1976},
 issn = {0001-0782},
 pages = {113--126},
 numpages = {14},
 url = {http://doi.acm.org/10.1145/360018.360022},
 doi = {10.1145/360018.360022},
 acmid = {360022},
 publisher = {ACM},
 address = {New York, NY, USA},
 keywords = {Turing, artificial intelligence, cognition, computer science, empirical, heuristics, list processing, problem solving, science, search, symbols},
}

@inproceedings{Bauer:2010:PCA:2328909.2328924,
 author = {Bauer, Reinhard and Baumgartner, Peter},
 title = {The Potential of Christopher Alexander's Theory and Practice of Wholeness: Clues for Developing an Educational Taxonomy},
 booktitle = {Proceedings of the 15th European Conference on Pattern Languages of Programs},
 series = {EuroPLoP '10},
 year = {2010},
 isbn = {978-1-4503-0259-3},
 location = {Irsee, Germany},
 pages = {12:1--12:21},
 articleno = {12},
 numpages = {21},
 url = {http://doi.acm.org/10.1145/2328909.2328924},
 doi = {10.1145/2328909.2328924},
 acmid = {2328924},
 publisher = {ACM},
 address = {New York, NY, USA},
 keywords = {education, educational scenarios, living centers, methodology, pedagogical patterns, taxonomy, wholeness},
}

@article{Boi:2016:RUA:2912576.2912124,
 author = {Boi, Paolo and Fenu, Gianni and Spano, Lucio Davide and Vargiu, Valentino},
 title = {Reconstructing User\&Rsquo;s Attention on the Web Through Mouse Movements and Perception-Based Content Identification},
 journal = {ACM Trans. Appl. Percept.},
 issue_date = {May 2016},
 volume = {13},
 number = {3},
 month = may,
 year = {2016},
 issn = {1544-3558},
 pages = {15:1--15:21},
 articleno = {15},
 numpages = {21},
 url = {http://doi.acm.org/10.1145/2912124},
 doi = {10.1145/2912124},
 acmid = {2912124},
 publisher = {ACM},
 address = {New York, NY, USA},
 keywords = {User's attention, content segmentation, layout analysis, machine learning, mouse-eye correlation},
}

@inproceedings{Kohls:2011:SPP:2578903.2601079,
 author = {Kohls, Christian},
 title = {The Structure of Patterns: Part II - Qualities},
 booktitle = {Proceedings of the 18th Conference on Pattern Languages of Programs},
 series = {PLoP '11},
 year = {2011},
 isbn = {978-1-4503-1283-7},
 location = {Portland, Oregon, USA},
 pages = {27:1--27:18},
 articleno = {27},
 numpages = {18},
 url = {http://doi.acm.org/10.1145/2578903.2601079},
 doi = {10.1145/2578903.2601079},
 acmid = {2601079},
 publisher = {ACM},
 address = {New York, NY, USA},
 keywords = {design patterns, epistemology, evidence, methodology, pattern mining, theory of science},
}

@inproceedings{Kohls:2009:TTE:1943226.1943237,
 author = {Kohls, Christian and Panke, Stefanie},
 title = {Is That True...?: Thoughts on the Epistemology of Patterns},
 booktitle = {Proceedings of the 16th Conference on Pattern Languages of Programs},
 series = {PLoP '09},
 year = {2010},
 isbn = {978-1-60558-873-5},
 location = {Chicago, Illinois, USA},
 pages = {9:1--9:14},
 articleno = {9},
 numpages = {14},
 url = {http://doi.acm.org/10.1145/1943226.1943237},
 doi = {10.1145/1943226.1943237},
 acmid = {1943237},
 publisher = {ACM},
 address = {New York, NY, USA},
 keywords = {design patterns, epistemology, evidence, methodology, pattern mining, theory of science},
}

@article{Sartori:2015:AAP:2799389.2768209,
 author = {Sartori, Andreza and Yanulevskaya, Victoria and Salah, Almila Akdag and Uijlings, Jasper and Bruni, Elia and Sebe, Nicu},
 title = {Affective Analysis of Professional and Amateur Abstract Paintings Using Statistical Analysis and Art Theory},
 journal = {ACM Trans. Interact. Intell. Syst.},
 issue_date = {July 2015},
 volume = {5},
 number = {2},
 month = jun,
 year = {2015},
 issn = {2160-6455},
 pages = {8:1--8:27},
 articleno = {8},
 numpages = {27},
 url = {http://doi.acm.org/10.1145/2768209},
 doi = {10.1145/2768209},
 acmid = {2768209},
 publisher = {ACM},
 address = {New York, NY, USA},
 keywords = {Abstract Paintings, Emotion Recognition, Eye tracking, Visual Art},
}

@incollection{Newell:2007:CSE:1283920.1283930,
 author = {Newell, Allen and Simon, Herbert A.},
 chapter = {Computer Science As Empirical Inquiry: Symbols and Search},
 title = {ACM Turing Award Lectures},
 year = {2007},
 isbn = {978-1-4503-1049-9},
 articleno = {1975},
 url = {http://doi.acm.org/10.1145/1283920.1283930},
 doi = {10.1145/1283920.1283930},
 acmid = {1283930},
 publisher = {ACM},
 address = {New York, NY, USA},
 keywords = {LISP, Turing, artificial intelligence, cognition, computer science, empirical, heuristics, integer programming, intelligence, list processing, problem solving, science, search, symbols},
}

@inproceedings{Sas:2010:IVA:1854969.1854985,
 author = {Sas, Corina and Luchian, Eric and Ball, Linden},
 title = {Investigating Visual Analogies for Visual Insight Problems},
 booktitle = {Proceedings of the 1st DESIRE Network Conference on Creativity and Innovation in Design},
 series = {DESIRE '10},
 year = {2010},
 location = {Aarhus, Denmark},
 pages = {90--100},
 numpages = {11},
 url = {http://dl.acm.org/citation.cfm?id=1854969.1854985},
 acmid = {1854985},
 publisher = {Desire Network},
 address = {Lancaster, UK, UK},
 keywords = {incubation effect, visual analogies, visual insight problem},
}

@inproceedings{Gourlet:2018:CCE:3202185.3202734,
 author = {Gourlet, Pauline},
 title = {Children's Conversation with Experience: Making Emotional Imprints},
 booktitle = {Proceedings of the 17th ACM Conference on Interaction Design and Children},
 series = {IDC '18},
 year = {2018},
 isbn = {978-1-4503-5152-2},
 location = {Trondheim, Norway},
 pages = {313--324},
 numpages = {12},
 url = {http://doi.acm.org/10.1145/3202185.3202734},
 doi = {10.1145/3202185.3202734},
 acmid = {3202734},
 publisher = {ACM},
 address = {New York, NY, USA},
 keywords = {children, emotions, experience, materiality, mediated activity, personal visualization, reflection},
}

@article{Wang:2012:RCM:2122263.2122454,
 author = {Wang, Shu-Lin and Zhu, Yi-Hai and Jia, Wei and Huang, De-Shuang},
 title = {Robust Classification Method of Tumor Subtype by Using Correlation Filters},
 journal = {IEEE/ACM Trans. Comput. Biol. Bioinformatics},
 issue_date = {March 2012},
 volume = {9},
 number = {2},
 month = mar,
 year = {2012},
 issn = {1545-5963},
 pages = {580--591},
 numpages = {12},
 url = {http://dx.doi.org/10.1109/TCBB.2011.135},
 doi = {10.1109/TCBB.2011.135},
 acmid = {2122454},
 publisher = {IEEE Computer Society Press},
 address = {Los Alamitos, CA, USA},
 keywords = {Correlation filters, gene expression profiles, tumor classification, template-based method, model-based method.},
}

@inproceedings{Silva:2018:TDM:3275245.3275267,
 author = {Silva, Victor and Jeronimo, Helvio and Travassos, Guilherme Horta},
 title = {Technical Debt Management in Brazilian Software Organizations: A Need, an Expectation, or a Fact?},
 booktitle = {Proceedings of the 17th Brazilian Symposium on Software Quality},
 series = {SBQS},
 year = {2018},
 isbn = {978-1-4503-6565-9},
 location = {Curitiba, Brazil},
 pages = {200--209},
 numpages = {10},
 url = {http://doi.acm.org/10.1145/3275245.3275267},
 doi = {10.1145/3275245.3275267},
 acmid = {3275267},
 publisher = {ACM},
 address = {New York, NY, USA},
 keywords = {Literature Review, Survey, Technical Debt, Technical Debt Management},
}

@article{Lun:2017:LGD:3130800.3130841,
 author = {Lun, Zhaoliang and Zou, Changqing and Huang, Haibin and Kalogerakis, Evangelos and Tan, Ping and Cani, Marie-Paule and Zhang, Hao},
 title = {Learning to Group Discrete Graphical Patterns},
 journal = {ACM Trans. Graph.},
 issue_date = {November 2017},
 volume = {36},
 number = {6},
 month = nov,
 year = {2017},
 issn = {0730-0301},
 pages = {225:1--225:11},
 articleno = {225},
 numpages = {11},
 url = {http://doi.acm.org/10.1145/3130800.3130841},
 doi = {10.1145/3130800.3130841},
 acmid = {3130841},
 publisher = {ACM},
 address = {New York, NY, USA},
 keywords = {convolutional neural networks, discrete pattern analysis, perceptual grouping, supervised learning},
}

@inproceedings{Cui:2017:TPA:3038912.3052654,
 author = {Cui, Qian and Jourdan, Guy-Vincent and Bochmann, Gregor V. and Couturier, Russell and Onut, Iosif-Viorel},
 title = {Tracking Phishing Attacks Over Time},
 booktitle = {Proceedings of the 26th International Conference on World Wide Web},
 series = {WWW '17},
 year = {2017},
 isbn = {978-1-4503-4913-0},
 location = {Perth, Australia},
 pages = {667--676},
 numpages = {10},
 url = {https://doi.org/10.1145/3038912.3052654},
 doi = {10.1145/3038912.3052654},
 acmid = {3052654},
 publisher = {International World Wide Web Conferences Steering Committee},
 address = {Republic and Canton of Geneva, Switzerland},
 keywords = {clustering, phishing detection},
}

@inproceedings{Xia:2017:COE:3025453.3025554,
 author = {Xia, Haijun and Araujo, Bruno and Wigdor, Daniel},
 title = {Collection Objects: Enabling Fluid Formation and Manipulation of Aggregate Selections},
 booktitle = {Proceedings of the 2017 CHI Conference on Human Factors in Computing Systems},
 series = {CHI '17},
 year = {2017},
 isbn = {978-1-4503-4655-9},
 location = {Denver, Colorado, USA},
 pages = {5592--5604},
 numpages = {13},
 url = {http://doi.acm.org/10.1145/3025453.3025554},
 doi = {10.1145/3025453.3025554},
 acmid = {3025554},
 publisher = {ACM},
 address = {New York, NY, USA},
 keywords = {collection object, object-oriented interaction, pen and touch},
}

@inproceedings{Hanauer:2018:PFS:3230833.3232855,
 author = {Hanauer, Tanja and Hommel, Wolfgang and Metzger, Stefan and P\"{o}hn, Daniela},
 title = {A Process Framework for Stakeholder-specific Visualization of Security Metrics},
 booktitle = {Proceedings of the 13th International Conference on Availability, Reliability and Security},
 series = {ARES 2018},
 year = {2018},
 isbn = {978-1-4503-6448-5},
 location = {Hamburg, Germany},
 pages = {28:1--28:10},
 articleno = {28},
 numpages = {10},
 url = {http://doi.acm.org/10.1145/3230833.3232855},
 doi = {10.1145/3230833.3232855},
 acmid = {3232855},
 publisher = {ACM},
 address = {New York, NY, USA},
 keywords = {Information Security, Visualization of Security-Related Data},
}

@inproceedings{Perteneder:2015:CSC:2807442.2807455,
 author = {Perteneder, Florian and Bresler, Martin and Grossauer, Eva-Maria and Leong, Joanne and Haller, Michael},
 title = {cLuster: Smart Clustering of Free-Hand Sketches on Large Interactive Surfaces},
 booktitle = {Proceedings of the 28th Annual ACM Symposium on User Interface Software \&\#38; Technology},
 series = {UIST '15},
 year = {2015},
 isbn = {978-1-4503-3779-3},
 location = {Charlotte, NC, USA},
 pages = {37--46},
 numpages = {10},
 url = {http://doi.acm.org/10.1145/2807442.2807455},
 doi = {10.1145/2807442.2807455},
 acmid = {2807455},
 publisher = {ACM},
 address = {New York, NY, USA},
 keywords = {cluster analysis, free-hand sketching, segmentation},
}

@inproceedings{Miniukovich:2014:VIM:2639189.2641219,
 author = {Miniukovich, Aliaksei and De Angeli, Antonella},
 title = {Visual Impressions of Mobile App Interfaces},
 booktitle = {Proceedings of the 8th Nordic Conference on Human-Computer Interaction: Fun, Fast, Foundational},
 series = {NordiCHI '14},
 year = {2014},
 isbn = {978-1-4503-2542-4},
 location = {Helsinki, Finland},
 pages = {31--40},
 numpages = {10},
 url = {http://doi.acm.org/10.1145/2639189.2641219},
 doi = {10.1145/2639189.2641219},
 acmid = {2641219},
 publisher = {ACM},
 address = {New York, NY, USA},
 keywords = {automatic metrics of GUI quality, first impression, visual aesthetics, visual complexity},
}

@article{Nan:2011:CGR:2070781.2024219,
 author = {Nan, Liangliang and Sharf, Andrei and Xie, Ke and Wong, Tien-Tsin and Deussen, Oliver and Cohen-Or, Daniel and Chen, Baoquan},
 title = {Conjoining Gestalt Rules for Abstraction of Architectural Drawings},
 journal = {ACM Trans. Graph.},
 issue_date = {December 2011},
 volume = {30},
 number = {6},
 month = dec,
 year = {2011},
 issn = {0730-0301},
 pages = {185:1--185:10},
 articleno = {185},
 numpages = {10},
 url = {http://doi.acm.org/10.1145/2070781.2024219},
 doi = {10.1145/2070781.2024219},
 acmid = {2024219},
 publisher = {ACM},
 address = {New York, NY, USA},
 keywords = {Gestalt, abstraction, simplification},
}

@inproceedings{Nan:2011:CGR:2024156.2024219,
 author = {Nan, Liangliang and Sharf, Andrei and Xie, Ke and Wong, Tien-Tsin and Deussen, Oliver and Cohen-Or, Daniel and Chen, Baoquan},
 title = {Conjoining Gestalt Rules for Abstraction of Architectural Drawings},
 booktitle = {Proceedings of the 2011 SIGGRAPH Asia Conference},
 series = {SA '11},
 year = {2011},
 isbn = {978-1-4503-0807-6},
 location = {Hong Kong, China},
 pages = {185:1--185:10},
 articleno = {185},
 numpages = {10},
 url = {http://doi.acm.org/10.1145/2024156.2024219},
 doi = {10.1145/2024156.2024219},
 acmid = {2024219},
 publisher = {ACM},
 address = {New York, NY, USA},
 keywords = {Gestalt, abstraction, simplification},
}

@inproceedings{Richards:2012:UAV:2336727.2336736,
 author = {Richards, Deborah and Kelaiah, Iwan},
 title = {Usability Attributes in Virtual Learning Environments},
 booktitle = {Proceedings of The 8th Australasian Conference on Interactive Entertainment: Playing the System},
 series = {IE '12},
 year = {2012},
 isbn = {978-1-4503-1410-7},
 location = {Auckland, New Zealand},
 pages = {9:1--9:10},
 articleno = {9},
 numpages = {10},
 url = {http://doi.acm.org/10.1145/2336727.2336736},
 doi = {10.1145/2336727.2336736},
 acmid = {2336736},
 publisher = {ACM},
 address = {New York, NY, USA},
 keywords = {education, usability attributes, virtual worlds},
}

@inproceedings{Gao:2015:EIG:2818000.2818006,
 author = {Gao, Song and Mohamed, Manar and Saxena, Nitesh and Zhang, Chengcui},
 title = {Emerging Image Game CAPTCHAs for Resisting Automated and Human-Solver Relay Attacks},
 booktitle = {Proceedings of the 31st Annual Computer Security Applications Conference},
 series = {ACSAC 2015},
 year = {2015},
 isbn = {978-1-4503-3682-6},
 location = {Los Angeles, CA, USA},
 pages = {11--20},
 numpages = {10},
 url = {http://doi.acm.org/10.1145/2818000.2818006},
 doi = {10.1145/2818000.2818006},
 acmid = {2818006},
 publisher = {ACM},
 address = {New York, NY, USA},
}

@inproceedings{Vatrapu:2010:ECO:1841853.1841871,
 author = {Vatrapu, Ravi K.},
 title = {Explaining Culture: An Outline of a Theory of Socio-technical Interactions},
 booktitle = {Proceedings of the 3rd International Conference on Intercultural Collaboration},
 series = {ICIC '10},
 year = {2010},
 isbn = {978-1-4503-0108-4},
 location = {Copenhagen, Denmark},
 pages = {111--120},
 numpages = {10},
 url = {http://doi.acm.org/10.1145/1841853.1841871},
 doi = {10.1145/1841853.1841871},
 acmid = {1841871},
 publisher = {ACM},
 address = {New York, NY, USA},
 keywords = {comparative informatics, computer supported intercultural collaboration (csic), culture, perception and appropriation of affordances, socio-technical interactions, structures and functions of technological intersubjectivity},
}

@inproceedings{Mueller:2016:GIU:2955129.2955182,
 author = {Mueller, Juergen and Stumme, Gerd},
 title = {Gender Inference Using Statistical Name Characteristics in Twitter},
 booktitle = {Proceedings of the The 3rd Multidisciplinary International Social Networks Conference on SocialInformatics 2016, Data Science 2016},
 series = {MISNC, SI, DS 2016},
 year = {2016},
 isbn = {978-1-4503-4129-5},
 location = {Union, NJ, USA},
 pages = {47:1--47:8},
 articleno = {47},
 numpages = {8},
 url = {http://doi.acm.org/10.1145/2955129.2955182},
 doi = {10.1145/2955129.2955182},
 acmid = {2955182},
 publisher = {ACM},
 address = {New York, NY, USA},
 keywords = {Classification, Experimentation, Gender Inference, Social Networks, Twitter},
}

@inproceedings{Miniukovich:2014:QIV:2598153.2598173,
 author = {Miniukovich, Aliaksei and De Angeli, Antonella},
 title = {Quantification of Interface Visual Complexity},
 booktitle = {Proceedings of the 2014 International Working Conference on Advanced Visual Interfaces},
 series = {AVI '14},
 year = {2014},
 isbn = {978-1-4503-2775-6},
 location = {Como, Italy},
 pages = {153--160},
 numpages = {8},
 url = {http://doi.acm.org/10.1145/2598153.2598173},
 doi = {10.1145/2598153.2598173},
 acmid = {2598173},
 publisher = {ACM},
 address = {New York, NY, USA},
 keywords = {GUI quality, immediate impression, metric validation, visual aesthetics},
}

@inproceedings{Keller:2013:GGM:2568488.2568743,
 author = {Keller, Matthias and Hartenstein, Hannes},
 title = {GRABEX: A Graph-Based Method for Web Site Block Classification and Its Application on Mining Breadcrumb Trails},
 booktitle = {Proceedings of the 2013 IEEE/WIC/ACM International Joint Conferences on Web Intelligence (WI) and Intelligent Agent Technologies (IAT) - Volume 01},
 series = {WI-IAT '13},
 year = {2013},
 isbn = {978-0-7695-5145-6},
 pages = {290--297},
 numpages = {8},
 url = {http://dx.doi.org/10.1109/WI-IAT.2013.42},
 doi = {10.1109/WI-IAT.2013.42},
 acmid = {2568743},
 publisher = {IEEE Computer Society},
 address = {Washington, DC, USA},
 keywords = {Web site block classification, breadcrumb mining, page segmentation},
}

@inproceedings{Mancini:2004:TCH:1012807.1012863,
 author = {Mancini, Clara and Shum, Simon Buckingham},
 title = {Towards 'Cinematic' Hypertext},
 booktitle = {Proceedings of the Fifteenth ACM Conference on Hypertext and Hypermedia},
 series = {HYPERTEXT '04},
 year = {2004},
 isbn = {1-58113-848-2},
 location = {Santa Cruz, CA, USA},
 pages = {215--224},
 numpages = {10},
 url = {http://doi.acm.org/10.1145/1012807.1012863},
 doi = {10.1145/1012807.1012863},
 acmid = {1012863},
 publisher = {ACM},
 address = {New York, NY, USA},
 keywords = {cinematic language, cognitive coherence relations, discourse patterns, dynamic visual patterns, hypertext discourse coherence, hypertext languages, visual languages},
}

@inproceedings{Klockner:2010:ABG:1822018.1822056,
 author = {Kl\"{o}ckner, Kerstin and Kohler, Kirstin and Kerkow, Daniel and Niebuhr, Sabine and Nass, Claudia},
 title = {Aligning Business Goals and User Goals by Engineering Hedonic Quality},
 booktitle = {Proceedings of the 2Nd ACM SIGCHI Symposium on Engineering Interactive Computing Systems},
 series = {EICS '10},
 year = {2010},
 isbn = {978-1-4503-0083-4},
 location = {Berlin, Germany},
 pages = {241--250},
 numpages = {10},
 url = {http://doi.acm.org/10.1145/1822018.1822056},
 doi = {10.1145/1822018.1822056},
 acmid = {1822056},
 publisher = {ACM},
 address = {New York, NY, USA},
 keywords = {business goals, fun-of-use, hedonic quality, interaction pattern, joy-of-use, user experience, user interface engineering},
}

@inproceedings{Kattenbeck:2015:EMS:2820783.2820820,
 author = {Kattenbeck, Markus},
 title = {Empirically Measuring Salience of Objects for Use in Pedestrian Navigation},
 booktitle = {Proceedings of the 23rd SIGSPATIAL International Conference on Advances in Geographic Information Systems},
 series = {SIGSPATIAL '15},
 year = {2015},
 isbn = {978-1-4503-3967-4},
 location = {Seattle, Washington},
 pages = {3:1--3:10},
 articleno = {3},
 numpages = {10},
 url = {http://doi.acm.org/10.1145/2820783.2820820},
 doi = {10.1145/2820783.2820820},
 acmid = {2820820},
 publisher = {ACM},
 address = {New York, NY, USA},
 keywords = {PLS-SEM, in-situ experiment, navigation, salience model},
}

@inproceedings{Gottlob:2004:LDE:1055558.1055560,
 author = {Gottlob, Georg and Koch, Christoph and Baumgartner, Robert and Herzog, Marcus and Flesca, Sergio},
 title = {The Lixto Data Extraction Project: Back and Forth Between Theory and Practice},
 booktitle = {Proceedings of the Twenty-third ACM SIGMOD-SIGACT-SIGART Symposium on Principles of Database Systems},
 series = {PODS '04},
 year = {2004},
 isbn = {158113858X},
 location = {Paris, France},
 pages = {1--12},
 numpages = {12},
 url = {http://doi.acm.org/10.1145/1055558.1055560},
 doi = {10.1145/1055558.1055560},
 acmid = {1055560},
 publisher = {ACM},
 address = {New York, NY, USA},
}

@inproceedings{Ashok:2017:WSR:3025171.3025229,
 author = {Ashok, Vikas and Puzis, Yury and Borodin, Yevgen and Ramakrishnan, I.V.},
 title = {Web Screen Reading Automation Assistance Using Semantic Abstraction},
 booktitle = {Proceedings of the 22Nd International Conference on Intelligent User Interfaces},
 series = {IUI '17},
 year = {2017},
 isbn = {978-1-4503-4348-0},
 location = {Limassol, Cyprus},
 pages = {407--418},
 numpages = {12},
 url = {http://doi.acm.org/10.1145/3025171.3025229},
 doi = {10.1145/3025171.3025229},
 acmid = {3025229},
 publisher = {ACM},
 address = {New York, NY, USA},
 keywords = {accessibility, assistant, automation, blind users, blindness, natural interfaces, screen-reader, web browsing},
}

@book{Oviatt:2017:HMI:3015783,
 editor = {Oviatt, Sharon and Schuller, Bj\"{o}rn and Cohen, Philip R. and Sonntag, Daniel and Potamianos, Gerasimos and Kr\"{u}ger, Antonio},
 title = {The Handbook of Multimodal-Multisensor Interfaces: Foundations, User Modeling, and Common Modality Combinations - Volume 1},
 year = {2017},
 isbn = {978-1-97000-167-9},
 volume = {Volume 1},
 publisher = {Association for Computing Machinery and Morgan \&\#38; Claypool},
 address = {New York, NY, USA},
}

@article{Xu:2014:TCN:2601097.2601128,
 author = {Xu, Baoxuan and Chang, William and Sheffer, Alla and Bousseau, Adrien and McCrae, James and Singh, Karan},
 title = {True2Form: 3D Curve Networks from 2D Sketches via Selective Regularization},
 journal = {ACM Trans. Graph.},
 issue_date = {July 2014},
 volume = {33},
 number = {4},
 month = jul,
 year = {2014},
 issn = {0730-0301},
 pages = {131:1--131:13},
 articleno = {131},
 numpages = {13},
 url = {http://doi.acm.org/10.1145/2601097.2601128},
 doi = {10.1145/2601097.2601128},
 acmid = {2601128},
 publisher = {ACM},
 address = {New York, NY, USA},
 keywords = {descriptive lines, regularity, sketch-based modeling},
}

@article{Carroll:1992:GAT:146802.146834,
 author = {Carroll, John M. and Rosson, Mary Beth},
 title = {Getting Around the Task-artifact Cycle: How to Make Claims and Design by Scenario},
 journal = {ACM Trans. Inf. Syst.},
 issue_date = {April 1992},
 volume = {10},
 number = {2},
 month = apr,
 year = {1992},
 issn = {1046-8188},
 pages = {181--212},
 numpages = {32},
 url = {http://doi.acm.org/10.1145/146802.146834},
 doi = {10.1145/146802.146834},
 acmid = {146834},
 publisher = {ACM},
 address = {New York, NY, USA},
 keywords = {design rationale, planning, user interfaces},
}

@inproceedings{Beckhaus:2004:UHC:1103900.1103918,
 author = {Beckhaus, Steffi and Kruijff, Ernst},
 title = {Unconventional Human Computer Interfaces},
 booktitle = {ACM SIGGRAPH 2004 Course Notes},
 series = {SIGGRAPH '04},
 year = {2004},
 location = {Los Angeles, CA},
 articleno = {18},
 url = {http://doi.acm.org/10.1145/1103900.1103918},
 doi = {10.1145/1103900.1103918},
 acmid = {1103918},
 publisher = {ACM},
 address = {New York, NY, USA},
}

@article{Spicker:2019:QVA:3310277.3301414,
 author = {Spicker, Marc and G\"{o}tz-Hahn, Franz and Lindemeier, Thomas and Saupe, Dietmar and Deussen, Oliver},
 title = {Quantifying Visual Abstraction Quality for Computer-Generated Illustrations},
 journal = {ACM Trans. Appl. Percept.},
 issue_date = {February 2019},
 volume = {16},
 number = {1},
 month = feb,
 year = {2019},
 issn = {1544-3558},
 pages = {5:1--5:20},
 articleno = {5},
 numpages = {20},
 url = {http://doi.acm.org/10.1145/3301414},
 doi = {10.1145/3301414},
 acmid = {3301414},
 publisher = {ACM},
 address = {New York, NY, USA},
 keywords = {Visual abstraction, non-photorealistic rendering, perception, stippling, user study},
}

@article{Yi:2018:DPI:3272127.3275027,
 author = {Yi, Li and Huang, Haibin and Liu, Difan and Kalogerakis, Evangelos and Su, Hao and Guibas, Leonidas},
 title = {Deep Part Induction from Articulated Object Pairs},
 journal = {ACM Trans. Graph.},
 issue_date = {November 2018},
 volume = {37},
 number = {6},
 month = dec,
 year = {2018},
 issn = {0730-0301},
 pages = {209:1--209:15},
 articleno = {209},
 numpages = {15},
 url = {http://doi.acm.org/10.1145/3272127.3275027},
 doi = {10.1145/3272127.3275027},
 acmid = {3275027},
 publisher = {ACM},
 address = {New York, NY, USA},
 keywords = {deep learning, differentiable sequential RANSAC, motion based part segmentation, shape correspondences},
}

@article{Chen:2014:ASE:2617317.2584680,
 author = {Chen, Teh-Chung and Stepan, Torin and Dick, Scott and Miller, James},
 title = {An Anti-Phishing System Employing Diffused Information},
 journal = {ACM Trans. Inf. Syst. Secur.},
 issue_date = {April 2014},
 volume = {16},
 number = {4},
 month = apr,
 year = {2014},
 issn = {1094-9224},
 pages = {16:1--16:31},
 articleno = {16},
 numpages = {31},
 url = {http://doi.acm.org/10.1145/2584680},
 doi = {10.1145/2584680},
 acmid = {2584680},
 publisher = {ACM},
 address = {New York, NY, USA},
 keywords = {Phishing, compression-based learning},
}

@proceedings{Mynatt:2010:1753846,
 title = {CHI EA '10: CHI '10 Extended Abstracts on Human Factors in Computing Systems},
 year = {2010},
 isbn = {978-1-60558-930-5},
 location = {Atlanta, Georgia, USA},
 note = {609101},
 publisher = {ACM},
 address = {New York, NY, USA},
}

@article{Mordohai:2010:DEM:1756006.1756018,
 author = {Mordohai, Philippos and Medioni, G{\'e}rard},
 title = {Dimensionality Estimation, Manifold Learning and Function Approximation Using Tensor Voting},
 journal = {J. Mach. Learn. Res.},
 issue_date = {3/1/2010},
 volume = {11},
 month = mar,
 year = {2010},
 issn = {1532-4435},
 pages = {411--450},
 numpages = {40},
 url = {http://dl.acm.org/citation.cfm?id=1756006.1756018},
 acmid = {1756018},
 publisher = {JMLR.org},
}

@article{Covaci:2018:MMR:3271482.3233774,
 author = {Covaci, Alexandra and Zou, Longhao and Tal, Irina and Muntean, Gabriel-Miro and Ghinea, Gheorghita},
 title = {Is Multimedia Multisensorial? - A Review of Mulsemedia Systems},
 journal = {ACM Comput. Surv.},
 issue_date = {January 2019},
 volume = {51},
 number = {5},
 month = sep,
 year = {2018},
 issn = {0360-0300},
 pages = {91:1--91:35},
 articleno = {91},
 numpages = {35},
 url = {http://doi.acm.org/10.1145/3233774},
 doi = {10.1145/3233774},
 acmid = {3233774},
 publisher = {ACM},
 address = {New York, NY, USA},
 keywords = {Mulsemedia, cross-modal, multimedia, multisensory, quality of experience},
}

@article{Bailly:2016:VMT:3022634.3002171,
 author = {Bailly, Gilles and Lecolinet, Eric and Nigay, Laurence},
 title = {Visual Menu Techniques},
 journal = {ACM Comput. Surv.},
 issue_date = {February 2017},
 volume = {49},
 number = {4},
 month = dec,
 year = {2016},
 issn = {0360-0300},
 pages = {60:1--60:41},
 articleno = {60},
 numpages = {41},
 url = {http://doi.acm.org/10.1145/3002171},
 doi = {10.1145/3002171},
 acmid = {3002171},
 publisher = {ACM},
 address = {New York, NY, USA},
 keywords = {Menu techniques, command selection, shortcuts},
}

@inproceedings{Christie:2009:CCC:1665817.1665820,
 author = {Christie, Marc and Olivier, Patrick},
 title = {Camera Control in Computer Graphics: Models, Techniques and Applications},
 booktitle = {ACM SIGGRAPH ASIA 2009 Courses},
 series = {SIGGRAPH ASIA '09},
 year = {2009},
 location = {Yokohama, Japan},
 pages = {3:1--3:197},
 articleno = {3},
 numpages = {197},
 url = {http://doi.acm.org/10.1145/1665817.1665820},
 doi = {10.1145/1665817.1665820},
 acmid = {1665820},
 publisher = {ACM},
 address = {New York, NY, USA},
}

@incollection{2019:EMI:3233795.3233810,
 chapter = {Embedded Multimodal Interfaces in Robotics: Applications, Future Trends, and Societal Implications},
 title = {The Handbook of Multimodal-Multisensor Interfaces},
 editor = {Oviatt, Sharon and Schuller, Bj\"{o}rn and Cohen, Philip R. and Sonntag, Daniel and Potamianos, Gerasimos and Kr\"{u}ger, Antonio},
 year = {2019},
 isbn = {978-1-97000-175-4},
 pages = {523--576},
 numpages = {54},
 url = {https://doi.org/10.1145/3233795.3233810},
 doi = {10.1145/3233795.3233810},
 acmid = {3233810},
 publisher = {Association for Computing Machinery and Morgan \&\#38; Claypool},
 address = {New York, NY, USA},
key = {{$\!\!$}} ,
}

