@inproceedings{Buffum:2015:LNI:2787622.2787734,
 author = {Buffum, Philip Sheridan},
 title = {Leveraging Narrative Interactivity to Foster Computer Science Identities},
 booktitle = {Proceedings of the Eleventh Annual International Conference on International Computing Education Research},
 series = {ICER '15},
 year = {2015},
 isbn = {978-1-4503-3630-7},
 location = {Omaha, Nebraska, USA},
 pages = {247--248},
 numpages = {2},
 url = {http://doi.acm.org/10.1145/2787622.2787734},
 doi = {10.1145/2787622.2787734},
 acmid = {2787734},
 publisher = {ACM},
 address = {New York, NY, USA},
 keywords = {equity, identity formation, middle school, narrative},
}

@inproceedings{Buffum:2015:EIN:2793107.2810278,
 author = {Buffum, Philip Sheridan},
 title = {Examining the Impact Narrative Interactivity Has on Fostering Identity Formation in an Educational Game},
 booktitle = {Proceedings of the 2015 Annual Symposium on Computer-Human Interaction in Play},
 series = {CHI PLAY '15},
 year = {2015},
 isbn = {978-1-4503-3466-2},
 location = {London, United Kingdom},
 pages = {395--398},
 numpages = {4},
 url = {http://doi.acm.org/10.1145/2793107.2810278},
 doi = {10.1145/2793107.2810278},
 acmid = {2810278},
 publisher = {ACM},
 address = {New York, NY, USA},
 keywords = {identity formation, k-12 education, narrative interactivity},
}

@article{Junglas:2007:IFL:1314234.1314251,
 author = {Junglas, Iris A. and Johnson, Norman A. and Steel, Douglas J. and Abraham, D. Chon and Loughlin, Paul Mac},
 title = {Identity Formation, Learning Styles and Trust in Virtual Worlds},
 journal = {SIGMIS Database},
 issue_date = {November 2007},
 volume = {38},
 number = {4},
 month = oct,
 year = {2007},
 issn = {0095-0033},
 pages = {90--96},
 numpages = {7},
 url = {http://doi.acm.org/10.1145/1314234.1314251},
 doi = {10.1145/1314234.1314251},
 acmid = {1314251},
 publisher = {ACM},
 address = {New York, NY, USA},
 keywords = {identity formation, learning style, social laboratories, trust, virtual world},
}

@inproceedings{Szynkiewicz:2019:LTC:3304221.3325597,
 author = {Szynkiewicz, Justyna},
 title = {Learning Through Construction's Influence on IT Students' Identity Formation},
 booktitle = {Proceedings of the 2019 ACM Conference on Innovation and Technology in Computer Science Education},
 series = {ITiCSE '19},
 year = {2019},
 isbn = {978-1-4503-6301-3},
 location = {Aberdeen, Scotland Uk},
 pages = {348--349},
 numpages = {2},
 url = {http://doi.acm.org/10.1145/3304221.3325597},
 doi = {10.1145/3304221.3325597},
 acmid = {3325597},
 publisher = {ACM},
 address = {New York, NY, USA},
 keywords = {active learning, it identity, computer science education, learning through construction},
}

@inproceedings{Kapoor:2019:GTC:3304221.3325598,
 author = {Kapoor, Amanpreet},
 title = {A Grounded Theory of Computing Professional Identity Formation},
 booktitle = {Proceedings of the 2019 ACM Conference on Innovation and Technology in Computer Science Education},
 series = {ITiCSE '19},
 year = {2019},
 isbn = {978-1-4503-6301-3},
 location = {Aberdeen, Scotland Uk},
 pages = {334--335},
 numpages = {2},
 url = {http://doi.acm.org/10.1145/3304221.3325598},
 doi = {10.1145/3304221.3325598},
 acmid = {3325598},
 publisher = {ACM},
 address = {New York, NY, USA},
 keywords = {computing professional identity, grounded theory, identity},
}

@inproceedings{2010:IFY:1854509.1854706,
 title = {The Identity Formation of Youth with Disabilities Across Academic Disciplines and Social Contexts},
 booktitle = {Proceedings of the 9th International Conference of the Learning Sciences - Volume 2},
 series = {ICLS '10},
 year = {2010},
 location = {Chicago, Illinois},
 pages = {378--379},
 numpages = {2},
 url = {http://dl.acm.org/citation.cfm?id=1854509.1854706},
 acmid = {1854706},
 publisher = {International Society of the Learning Sciences},
key = {{$\!\!$}} ,
}

@inproceedings{Marshall:2018:DSI:3196839.3196855,
 author = {Marshall, Andrea and Rode, Jennifer},
 title = {Deconstructing Sociotechnical Identity in Maker Cultures},
 booktitle = {Proceedings of the 4th Conference on Gender \& IT},
 series = {GenderIT '18},
 year = {2018},
 isbn = {978-1-4503-5346-5},
 location = {Heilbronn, Germany},
 pages = {91--100},
 numpages = {10},
 url = {http://doi.acm.org/10.1145/3196839.3196855},
 doi = {10.1145/3196839.3196855},
 acmid = {3196855},
 publisher = {ACM},
 address = {New York, NY, USA},
 keywords = {DIY, HCI, gender, german, identity, innovation, maker movement, making},
}

@inproceedings{Suzuki:1997:IFP:1599773.1599808,
 author = {Suzuki, Hideyuki and Kato, Hiroshi},
 title = {Identity Formation/Transformation As the Process of Collaborative Learning Through AlgoArena},
 booktitle = {Proceedings of the 2Nd International Conference on Computer Support for Collaborative Learning},
 series = {CSCL '97},
 year = {1997},
 location = {Toronto, Ontario, Canada},
 pages = {283--291},
 numpages = {9},
 url = {http://dl.acm.org/citation.cfm?id=1599773.1599808},
 acmid = {1599808},
 publisher = {International Society of the Learning Sciences},
 keywords = {identity, interaction analysis, situated learning, software education},
}

@inproceedings{DeVane:2010:IIG:1854509.1854758,
 author = {DeVane, Ben},
 title = {Identity in Informal Game-based Learning Environments},
 booktitle = {Proceedings of the 9th International Conference of the Learning Sciences - Volume 2},
 series = {ICLS '10},
 year = {2010},
 location = {Chicago, Illinois},
 pages = {484--485},
 numpages = {2},
 url = {http://dl.acm.org/citation.cfm?id=1854509.1854758},
 acmid = {1854758},
 publisher = {International Society of the Learning Sciences},
}

@inproceedings{Parker:2017:SPI:3105726.3105737,
 author = {Parker, Rick},
 title = {Studying Professional Identity in Software Engineering},
 booktitle = {Proceedings of the 2017 ACM Conference on International Computing Education Research},
 series = {ICER '17},
 year = {2017},
 isbn = {978-1-4503-4968-0},
 location = {Tacoma, Washington, USA},
 pages = {283--284},
 numpages = {2},
 url = {http://doi.acm.org/10.1145/3105726.3105737},
 doi = {10.1145/3105726.3105737},
 acmid = {3105737},
 publisher = {ACM},
 address = {New York, NY, USA},
 keywords = {capstone, communities of practice, concerns-based adoption, professional identity},
}

@inproceedings{Spiel:2019:QHM:3290607.3311750,
 author = {Spiel, Katta and Keyes, Os and Walker, Ashley Marie and DeVito, Michael A. and Birnholtz, Jeremy and Brul{\'e}, Emeline and Light, Ann and Barlas, P\inar and Hardy, Jean and Ahmed, Alex and Rode, Jennifer A. and Brubaker, Jed R. and Kannabiran, Gopinaath},
 title = {Queer(Ing) HCI: Moving Forward in Theory and Practice},
 booktitle = {Extended Abstracts of the 2019 CHI Conference on Human Factors in Computing Systems},
 series = {CHI EA '19},
 year = {2019},
 isbn = {978-1-4503-5971-9},
 location = {Glasgow, Scotland Uk},
 pages = {SIG11:1--SIG11:4},
 articleno = {SIG11},
 numpages = {4},
 url = {http://doi.acm.org/10.1145/3290607.3311750},
 doi = {10.1145/3290607.3311750},
 acmid = {3311750},
 publisher = {ACM},
 address = {New York, NY, USA},
 keywords = {queer identity, queer interaction, queer practice, queer theory},
}

@inproceedings{Rose:2006:BEC:1150034.1150124,
 author = {Rose, Sage and Robinson, Cecil},
 title = {Beyond Essentialist Critiques: The Co-development of Individual and Society Within Erik Erikson's Psychosocial Theory of Identity Development},
 booktitle = {Proceedings of the 7th International Conference on Learning Sciences},
 series = {ICLS '06},
 year = {2006},
 isbn = {0-8058-6174-2},
 location = {Bloomington, Indiana},
 pages = {620--626},
 numpages = {7},
 url = {http://dl.acm.org/citation.cfm?id=1150034.1150124},
 acmid = {1150124},
 publisher = {International Society of the Learning Sciences},
}

@inproceedings{Sigurdson:2017:SPM:3141880.3141888,
 author = {Sigurdson, Nikki and Petersen, Andrew},
 title = {Student Perspectives on Mathematics in Computer Science},
 booktitle = {Proceedings of the 17th Koli Calling International Conference on Computing Education Research},
 series = {Koli Calling '17},
 year = {2017},
 isbn = {978-1-4503-5301-4},
 location = {Koli, Finland},
 pages = {108--117},
 numpages = {10},
 url = {http://doi.acm.org/10.1145/3141880.3141888},
 doi = {10.1145/3141880.3141888},
 acmid = {3141888},
 publisher = {ACM},
 address = {New York, NY, USA},
 keywords = {curriculum, identity, mathematics},
}

@inproceedings{Chu:2017:IMT:3025453.3025458,
 author = {Chu, Sharon Lynn and Schlegel, Rebecca and Quek, Francis and Christy, Andrew and Chen, Kaiyuan},
 title = {'I Make, Therefore I Am': The Effects of Curriculum-Aligned Making on Children's Self-Identity},
 booktitle = {Proceedings of the 2017 CHI Conference on Human Factors in Computing Systems},
 series = {CHI '17},
 year = {2017},
 isbn = {978-1-4503-4655-9},
 location = {Denver, Colorado, USA},
 pages = {109--120},
 numpages = {12},
 url = {http://doi.acm.org/10.1145/3025453.3025458},
 doi = {10.1145/3025453.3025458},
 acmid = {3025458},
 publisher = {ACM},
 address = {New York, NY, USA},
 keywords = {children, education, learning, maker movement, making, science, self-efficacy, self-identity, stem},
}

@inproceedings{Parker:2016:SPS:2839509.2850544,
 author = {Parker, Rick},
 title = {Student Perceptions of Success in Computer Science Senior Capstone Projects (Abstract Only)},
 booktitle = {Proceedings of the 47th ACM Technical Symposium on Computing Science Education},
 series = {SIGCSE '16},
 year = {2016},
 isbn = {978-1-4503-3685-7},
 location = {Memphis, Tennessee, USA},
 pages = {689--689},
 numpages = {1},
 url = {http://doi.acm.org/10.1145/2839509.2850544},
 doi = {10.1145/2839509.2850544},
 acmid = {2850544},
 publisher = {ACM},
 address = {New York, NY, USA},
 keywords = {capstone, computer science education, student perceptions},
}

@article{Thomas:2016:AVB:2896600.2896639,
 author = {Thomas, Lisa and Briggs, Pam},
 title = {Assessing the Value of Brief Automated Biographies},
 journal = {Personal Ubiquitous Comput.},
 issue_date = {February  2016},
 volume = {20},
 number = {1},
 month = feb,
 year = {2016},
 issn = {1617-4909},
 pages = {37--49},
 numpages = {13},
 url = {http://dx.doi.org/10.1007/s00779-015-0896-2},
 doi = {10.1007/s00779-015-0896-2},
 acmid = {2896639},
 publisher = {Springer-Verlag},
 address = {London, UK, UK},
 keywords = {Facebook, Intel, Life-review, Museum of Me, Qualitative methods, Reminiscence},
}

@article{Sutherland:1974:RPC:360767.360802,
 author = {Sutherland, Ivan E. and Hodgman, Gary W.},
 title = {Reentrant Polygon Clipping},
 journal = {Commun. ACM},
 issue_date = {Jan. 1974},
 volume = {17},
 number = {1},
 month = jan,
 year = {1974},
 issn = {0001-0782},
 pages = {32--42},
 numpages = {11},
 url = {http://doi.acm.org/10.1145/360767.360802},
 doi = {10.1145/360767.360802},
 acmid = {360802},
 publisher = {ACM},
 address = {New York, NY, USA},
 keywords = {clipping, computer graphics, hidden-suface},
}

