@inproceedings{Chatfield:2016:ODP:2912160.2912173,
 author = {Chatfield, Akemi Takeoka and Reddick, Christopher G.},
 title = {Open Data Policy Innovation Diffusion: An Analysis of Australian Federal and State Governments},
 booktitle = {Proceedings of the 17th International Digital Government Research Conference on Digital Government Research},
 series = {dg.o '16},
 year = {2016},
 isbn = {978-1-4503-4339-8},
 location = {Shanghai, China},
 pages = {155--163},
 numpages = {9},
 url = {http://doi.acm.org/10.1145/2912160.2912173},
 doi = {10.1145/2912160.2912173},
 acmid = {2912173},
 publisher = {ACM},
 address = {New York, NY, USA},
 keywords = {Australia, Open data policy, governments, innovation diffusion theory, policy innovation diffusion},
}

@inproceedings{Hazard:2007:GSD:1282100.1282162,
 author = {Hazard, Christopher J. and Wurman, Peter R.},
 title = {The Game of Scale: Decision Making with Economies of Scale},
 booktitle = {Proceedings of the Ninth International Conference on Electronic Commerce},
 series = {ICEC '07},
 year = {2007},
 isbn = {978-1-59593-700-1},
 location = {Minneapolis, MN, USA},
 pages = {329--338},
 numpages = {10},
 url = {http://doi.acm.org/10.1145/1282100.1282162},
 doi = {10.1145/1282100.1282162},
 acmid = {1282162},
 publisher = {ACM},
 address = {New York, NY, USA},
 keywords = {decision model, economy of scale, game theory, innovation diffusion},
}

@article{Cooper:2005:IPM:1047070.1047074,
 author = {Cooper, Randolph B. and Wolfe, Richard A.},
 title = {Information Processing Model of Information Technology Adaptation: An Intra-organizational Diffusion Perspective},
 journal = {SIGMIS Database},
 issue_date = {Winter 2005},
 volume = {36},
 number = {1},
 month = feb,
 year = {2005},
 issn = {0095-0033},
 pages = {30--48},
 numpages = {19},
 url = {http://doi.acm.org/10.1145/1047070.1047074},
 doi = {10.1145/1047070.1047074},
 acmid = {1047074},
 publisher = {ACM},
 address = {New York, NY, USA},
 keywords = {IT implementation, imaging technology, information processing, innovation diffusion, media richness},
}

@article{VanSlyke:2008:IRA:1364636.1364642,
 author = {Van Slyke, Craig and Johnson, Richard D. and Hightower, Ross and Elgarah, Wafa},
 title = {Implications of Researcher Assumptions About Perceived Relative Advantage and Compatibility},
 journal = {SIGMIS Database},
 issue_date = {May 2008},
 volume = {39},
 number = {2},
 month = apr,
 year = {2008},
 issn = {0095-0033},
 pages = {50--65},
 numpages = {16},
 url = {http://doi.acm.org/10.1145/1364636.1364642},
 doi = {10.1145/1364636.1364642},
 acmid = {1364642},
 publisher = {ACM},
 address = {New York, NY, USA},
 keywords = {adoption, compatibility, innovation diffusion theory, relative advantage, scale reuse},
}

@inproceedings{Loukis:2014:SMS:2645791.2645840,
 author = {Loukis, Euripidis and Charalabidis, Yannis and Androutsopoulou, Aggeliki},
 title = {A Study of Multiple Social Media Use in the European Parliament from an Innovation Perspective},
 booktitle = {Proceedings of the 18th Panhellenic Conference on Informatics},
 series = {PCI '14},
 year = {2014},
 isbn = {978-1-4503-2897-5},
 location = {Athens, Greece},
 pages = {8:1--8:6},
 articleno = {8},
 numpages = {6},
 url = {http://doi.acm.org/10.1145/2645791.2645840},
 doi = {10.1145/2645791.2645840},
 acmid = {2645840},
 publisher = {ACM},
 address = {New York, NY, USA},
 keywords = {European Parliament, government, innovation, innovation diffusion, social media},
}

@inproceedings{Gallivan:1996:SIN:238857.238913,
 author = {Gallivan, Michael J.},
 title = {Strategies for Implementing New Software Processes: An Evaluation of a Contingency Framework},
 booktitle = {Proceedings of the 1996 ACM SIGCPR/SIGMIS Conference on Computer Personnel Research},
 series = {SIGCPR '96},
 year = {1996},
 isbn = {0-89791-782-0},
 location = {Denver, Colorado, USA},
 pages = {313--325},
 numpages = {13},
 url = {http://doi.acm.org/10.1145/238857.238913},
 doi = {10.1145/238857.238913},
 acmid = {238913},
 publisher = {ACM},
 address = {New York, NY, USA},
 keywords = {client/server computing, implementation strategy, innovation diffusion, reskilling, training},
}

@inproceedings{Zhang:2015:DAM:2772879.2773550,
 author = {Zhang, Haifeng},
 title = {Data-Driven Agent-based Modeling of Innovation Diffusion},
 booktitle = {Proceedings of the 2015 International Conference on Autonomous Agents and Multiagent Systems},
 series = {AAMAS '15},
 year = {2015},
 isbn = {978-1-4503-3413-6},
 location = {Istanbul, Turkey},
 pages = {2009--2010},
 numpages = {2},
 url = {http://dl.acm.org/citation.cfm?id=2772879.2773550},
 acmid = {2773550},
 publisher = {International Foundation for Autonomous Agents and Multiagent Systems},
 address = {Richland, SC},
 keywords = {agent-based modeling, innovation diffusion, machine learning, policy optimization},
}

@inproceedings{Schuurman:2010:ELL:1809777.1809811,
 author = {Schuurman, Dimitri and De Marez, Lieven and Berte, Katrien},
 title = {Enriching Living Lab-approaches for ICT-innovation by Introducing Different User Roles: The Case of Digital TV},
 booktitle = {Proceedings of the 8th European Conference on Interactive TV and Video},
 series = {EuroITV '10},
 year = {2010},
 isbn = {978-1-60558-831-5},
 location = {Tampere, Finland},
 pages = {161--170},
 numpages = {10},
 url = {http://doi.acm.org/10.1145/1809777.1809811},
 doi = {10.1145/1809777.1809811},
 acmid = {1809811},
 publisher = {ACM},
 address = {New York, NY, USA},
 keywords = {digital television, innovation diffusion, lead users, living labs, use diffusion, user centered innovation, user roles},
}

@inproceedings{Zhang:2015:DAM:2772879.2772945,
 author = {Zhang, Haifeng and Vorobeychik, Yevgeniy and Letchford, Joshua and Lakkaraju, Kiran},
 title = {Data-Driven Agent-Based Modeling, with Application to Rooftop Solar Adoption},
 booktitle = {Proceedings of the 2015 International Conference on Autonomous Agents and Multiagent Systems},
 series = {AAMAS '15},
 year = {2015},
 isbn = {978-1-4503-3413-6},
 location = {Istanbul, Turkey},
 pages = {513--521},
 numpages = {9},
 url = {http://dl.acm.org/citation.cfm?id=2772879.2772945},
 acmid = {2772945},
 publisher = {International Foundation for Autonomous Agents and Multiagent Systems},
 address = {Richland, SC},
 keywords = {agent-based modeling, innovation diffusion, machine learning, policy optimization, rooftop solar},
}

@inproceedings{Barkstrom:2001:UMM:379437.379811,
 author = {Barkstrom, Bruce R.},
 title = {Using Markov Models and Innovation-diffusion As a Tool for Predicting Digital Library Access and Distribution},
 booktitle = {Proceedings of the 1st ACM/IEEE-CS Joint Conference on Digital Libraries},
 series = {JCDL '01},
 year = {2001},
 isbn = {1-58113-345-6},
 location = {Roanoke, Virginia, USA},
 pages = {476--},
 url = {http://doi.acm.org/10.1145/379437.379811},
 doi = {10.1145/379437.379811},
 acmid = {379811},
 publisher = {ACM},
 address = {New York, NY, USA},
 keywords = {EOSDIS, Markov models, innovation-diffusion, user access patterns, user access rates, user modeling},
}

@article{Chen:2004:CAV:1007965.1007968,
 author = {Chen, Lei-da and Gillenson, Mark L. and Sherrell, Daniel L.},
 title = {Consumer Acceptance of Virtual Stores: A Theoretical Model and Critical Success Factors for Virtual Stores},
 journal = {SIGMIS Database},
 issue_date = {Spring 2004},
 volume = {35},
 number = {2},
 month = jun,
 year = {2004},
 issn = {0095-0033},
 pages = {8--31},
 numpages = {24},
 url = {http://doi.acm.org/10.1145/1007965.1007968},
 doi = {10.1145/1007965.1007968},
 acmid = {1007968},
 publisher = {ACM},
 address = {New York, NY, USA},
 keywords = {critical success factor, electronic commerce, innovation diffusion, online retailing, technology acceptance model, virtual store},
}

@inproceedings{Alemneh:2010:EAP:1920331.1920403,
 author = {Alemneh, Daniel Gelaw and Hastings, Samantha Kelly},
 title = {Exploration of Adoption of Preservation Metadata in Cultural Heritage Institutions: Case of PREMIS},
 booktitle = {Proceedings of the 73rd ASIS\&T Annual Meeting on Navigating Streams in an Information Ecosystem - Volume 47},
 series = {ASIS\&\#38;T '10},
 year = {2010},
 location = {Pittsburgh, Pennsylvania},
 pages = {50:1--50:8},
 articleno = {50},
 numpages = {8},
 url = {http://dl.acm.org/citation.cfm?id=1920331.1920403},
 acmid = {1920403},
 publisher = {American Society for Information Science},
 address = {Silver Springs, MD, USA},
 keywords = {PREMIS, adoption of innovations, diffusion of innovations, digital preservation, preservation metadata},
}

@inproceedings{Maurer:2006:AMM:1134285.1134503,
 author = {Maurer, Frank and Melnik, Grigori},
 title = {Agile Methods: Moving Towards the Mainstream of the Software Industry},
 booktitle = {Proceedings of the 28th International Conference on Software Engineering},
 series = {ICSE '06},
 year = {2006},
 isbn = {1-59593-375-1},
 location = {Shanghai, China},
 pages = {1057--1058},
 numpages = {2},
 url = {http://doi.acm.org/10.1145/1134285.1134503},
 doi = {10.1145/1134285.1134503},
 acmid = {1134503},
 publisher = {ACM},
 address = {New York, NY, USA},
 keywords = {agile methods, agile project management, eXtreme programming, innovation diffusion, knowledge sharing, lean, quality assurance, scrum},
}

@inproceedings{Zhong:2013:ECA:2523429.2523483,
 author = {Zhong, Junying and Dhir, Amandeep and Nieminen, Marko and H\"{a}m\"{a}l\"{a}inen, Matti and Laine, Juha},
 title = {Exploring Consumer Adoption of Mobile Payments in China},
 booktitle = {Proceedings of International Conference on Making Sense of Converging Media},
 series = {AcademicMindTrek '13},
 year = {2013},
 isbn = {978-1-4503-1992-8},
 location = {Tampere, Finland},
 pages = {318:318--318:325},
 articleno = {318},
 numpages = {8},
 url = {http://doi.acm.org/10.1145/2523429.2523483},
 doi = {10.1145/2523429.2523483},
 acmid = {2523483},
 publisher = {ACM},
 address = {New York, NY, USA},
 keywords = {Consumer adoption, innovation diffusion theory (IDT), mobile financial services, mobile payment, technology acceptance model (TAM)},
}

@inproceedings{Quan:2007:SSS:1236360.1236402,
 author = {Quan, Zhi and Kaiser, William J. and Sayed, Ali H.},
 title = {A Spatial Sampling Scheme Based on Innovations Diffusion in Sensor Networks},
 booktitle = {Proceedings of the 6th International Conference on Information Processing in Sensor Networks},
 series = {IPSN '07},
 year = {2007},
 isbn = {978-1-59593-638-7},
 location = {Cambridge, Massachusetts, USA},
 pages = {323--330},
 numpages = {8},
 url = {http://doi.acm.org/10.1145/1236360.1236402},
 doi = {10.1145/1236360.1236402},
 acmid = {1236402},
 publisher = {ACM},
 address = {New York, NY, USA},
 keywords = {distributed processing, estimation, innovations, mean-squared error, sampling, sensor networks},
}

@inproceedings{Dafnis:2015:IDP:2808006.2808036,
 author = {Dafnis, Bill},
 title = {The Innovation Diffusion Paradox in Undergraduate Information Technology Student Outcomes},
 booktitle = {Proceedings of the 16th Annual Conference on Information Technology Education},
 series = {SIGITE '15},
 year = {2015},
 isbn = {978-1-4503-3835-6},
 location = {Chicago, Illinois, USA},
 pages = {15--20},
 numpages = {6},
 url = {http://doi.acm.org/10.1145/2808006.2808036},
 doi = {10.1145/2808006.2808036},
 acmid = {2808036},
 publisher = {ACM},
 address = {New York, NY, USA},
 keywords = {assessment, disruptive change., information technology innovation},
}

@inproceedings{Tsang:2014:ODS:2615731.2615778,
 author = {Tsang, Alan and Larson, Kate},
 title = {Opinion Dynamics of Skeptical Agents},
 booktitle = {Proceedings of the 2014 International Conference on Autonomous Agents and Multi-agent Systems},
 series = {AAMAS '14},
 year = {2014},
 isbn = {978-1-4503-2738-1},
 location = {Paris, France},
 pages = {277--284},
 numpages = {8},
 url = {http://dl.acm.org/citation.cfm?id=2615731.2615778},
 acmid = {2615778},
 publisher = {International Foundation for Autonomous Agents and Multiagent Systems},
 address = {Richland, SC},
 keywords = {agent-based models, cognitive convergence, degree-based voter model, homophily, information propagation, innovation diffusion, opinion dynamics, social networks, social simulation},
}

@inproceedings{Simon:2011:CSF:1953163.1953350,
 author = {Simon, Beth and Bales, Elizabeth and Griswold, William G. and Cooper, Stephen},
 title = {Case Study: Faculty Professional Development Workshops for Innovation Diffusion},
 booktitle = {Proceedings of the 42Nd ACM Technical Symposium on Computer Science Education},
 series = {SIGCSE '11},
 year = {2011},
 isbn = {978-1-4503-0500-6},
 location = {Dallas, TX, USA},
 pages = {673--678},
 numpages = {6},
 url = {http://doi.acm.org/10.1145/1953163.1953350},
 doi = {10.1145/1953163.1953350},
 acmid = {1953350},
 publisher = {ACM},
 address = {New York, NY, USA},
 keywords = {faculty development workshop, instructor adoption, tablet PC, ubiquitous presenter},
}

@inproceedings{Ross:1992:MCA:144001.144076,
 author = {Ross, Jeanne W.},
 title = {MIS As Change Agent: An Extension of Innovation Diffusion Theory},
 booktitle = {Proceedings of the 1992 ACM SIGCPR Conference on Computer Personnel Research},
 series = {SIGCPR '92},
 year = {1992},
 isbn = {0-89791-500-3},
 location = {Cincinnati, Ohio, USA},
 pages = {241--249},
 numpages = {9},
 url = {http://doi.acm.org/10.1145/144001.144076},
 doi = {10.1145/144001.144076},
 acmid = {144076},
 publisher = {ACM},
 address = {New York, NY, USA},
}

@inproceedings{Sanchez-Gomez:2016:MTR:3012430.3012587,
 author = {S\'{a}nchez-G\'{o}mez, M Cruz and Iglesias-Rodr\'{\i}guez, Ana and Mart\'{\i}n-Garc\'{\i}a, Antonio V.},
 title = {Methodological Triangulation As a Research Strategy in Educational Innovation Processes: Case Study of the B-learning Methodology in the University Context},
 booktitle = {Proceedings of the Fourth International Conference on Technological Ecosystems for Enhancing Multiculturality},
 series = {TEEM '16},
 year = {2016},
 isbn = {978-1-4503-4747-1},
 location = {Salamanca, Spain},
 pages = {643--650},
 numpages = {8},
 url = {http://doi.acm.org/10.1145/3012430.3012587},
 doi = {10.1145/3012430.3012587},
 acmid = {3012587},
 publisher = {ACM},
 address = {New York, NY, USA},
 keywords = {blended learning, educational innovation, higher education, innovation diffusion theory, multimethod research, research methodology, triangulation, unified theory of acceptance and use of technology},
}

@inproceedings{Jurison:1993:AOF:158011.158226,
 author = {Jurison, Jaak},
 title = {Adoption of OIS by Four Groups of Office Workers: An Analysis from the Perspective of Innovation Diffusion Theory},
 booktitle = {Proceedings of the 1993 Conference on Computer Personnel Research},
 series = {SIGCPR '93},
 year = {1993},
 isbn = {0-89791-572-0},
 location = {St Louis, Missouri, USA},
 pages = {178--187},
 numpages = {10},
 url = {http://doi.acm.org/10.1145/158011.158226},
 doi = {10.1145/158011.158226},
 acmid = {158226},
 publisher = {ACM},
 address = {New York, NY, USA},
}

@inproceedings{Bloemen:2014:IDO:2597073.2597079,
 author = {Bloemen, Remco and Amrit, Chintan and Kuhlmann, Stefan and Ord\'{o}\~{n}ez--Matamoros, Gonzalo},
 title = {Innovation Diffusion in Open Source Software: Preliminary Analysis of Dependency Changes in the Gentoo Portage Package Database},
 booktitle = {Proceedings of the 11th Working Conference on Mining Software Repositories},
 series = {MSR 2014},
 year = {2014},
 isbn = {978-1-4503-2863-0},
 location = {Hyderabad, India},
 pages = {316--319},
 numpages = {4},
 url = {http://doi.acm.org/10.1145/2597073.2597079},
 doi = {10.1145/2597073.2597079},
 acmid = {2597079},
 publisher = {ACM},
 address = {New York, NY, USA},
 keywords = {Gentoo, Innovation, dependencies, graph},
}

@article{Gurbaxani:1990:DCN:96267.96283,
 author = {Gurbaxani, Vijay},
 title = {Diffusion in Computing Networks: The Case of BITNET},
 journal = {Commun. ACM},
 issue_date = {Dec. 1990},
 volume = {33},
 number = {12},
 month = dec,
 year = {1990},
 issn = {0001-0782},
 pages = {65--75},
 numpages = {11},
 url = {http://doi.acm.org/10.1145/96267.96283},
 doi = {10.1145/96267.96283},
 acmid = {96283},
 publisher = {ACM},
 address = {New York, NY, USA},
}

@article{Prescott:1995:DIT:217278.217283,
 author = {Prescott, Mary B.},
 title = {Diffusion of Innovation Theory: Borrowings, Extensions, and Modifications from IT Researchers},
 journal = {SIGMIS Database},
 issue_date = {May/Aug. 1995},
 volume = {26},
 number = {2-3},
 month = may,
 year = {1995},
 issn = {0095-0033},
 pages = {16--19},
 numpages = {4},
 url = {http://doi.acm.org/10.1145/217278.217283},
 doi = {10.1145/217278.217283},
 acmid = {217283},
 publisher = {ACM},
 address = {New York, NY, USA},
}

@inproceedings{Yan:2007:SWS:1234772.1234798,
 author = {Yan, Jie and Assimakopoulos, Dimitris},
 title = {The Small World and Scale-free Structure of an Internet Technical Community},
 booktitle = {Proceedings of the 2007 Symposium on Computer Human Interaction for the Management of Information Technology},
 series = {CHIMIT '07},
 year = {2007},
 isbn = {978-1-59593-635-6},
 location = {Cambridge, Massachusetts},
 articleno = {10},
 url = {http://doi.acm.org/10.1145/1234772.1234798},
 doi = {10.1145/1234772.1234798},
 acmid = {1234798},
 publisher = {ACM},
 address = {New York, NY, USA},
 keywords = {internet technical community, scale free network, small world network, topological structure},
}

@inproceedings{Roberge:1993:RNL:158011.158138,
 author = {Roberge, Linda},
 title = {The Role of a Natural Language Interface in Diffusing Computer Assisted Journalism: An Empirical Investigation},
 booktitle = {Proceedings of the 1993 Conference on Computer Personnel Research},
 series = {SIGCPR '93},
 year = {1993},
 isbn = {0-89791-572-0},
 location = {St Louis, Missouri, USA},
 pages = {168--177},
 numpages = {10},
 url = {http://doi.acm.org/10.1145/158011.158138},
 doi = {10.1145/158011.158138},
 acmid = {158138},
 publisher = {ACM},
 address = {New York, NY, USA},
}

@article{Hoffer:1992:DDM:141342.141352,
 author = {Hoffer, Jeffrey A. and Alexander, Mary B.},
 title = {The Diffusion of Database Machines},
 journal = {SIGMIS Database},
 issue_date = {Spring 1992},
 volume = {23},
 number = {2},
 month = may,
 year = {1992},
 issn = {0095-0033},
 pages = {13--19},
 numpages = {7},
 url = {http://doi.acm.org/10.1145/141342.141352},
 doi = {10.1145/141342.141352},
 acmid = {141352},
 publisher = {ACM},
 address = {New York, NY, USA},
 keywords = {adoption, champion, database machine, diffusion, implementation, information technology, management support},
}

@inproceedings{Ishikawa:2007:IDA:1339264.1339675,
 author = {Ishikawa, Masayuki and Geczy, Peter and Izumi, Noriaki and Morita, Takeshi and Yamaguchi, Takahira},
 title = {Information Diffusion Approach to Cold-Start Problem},
 booktitle = {Proceedings of the 2007 IEEE/WIC/ACM International Conferences on Web Intelligence and Intelligent Agent Technology - Workshops},
 series = {WI-IATW '07},
 year = {2007},
 isbn = {0-7695-3028-1},
 pages = {129--132},
 numpages = {4},
 url = {http://dl.acm.org/citation.cfm?id=1339264.1339675},
 acmid = {1339675},
 publisher = {IEEE Computer Society},
 address = {Washington, DC, USA},
 keywords = {Cold-Start ProblemCollaborative filteringInformation Diffusion},
}

@inproceedings{Maurer:2007:AMC:1248821.1248992,
 author = {Maurer, Frank and Melnik, Grigori},
 title = {Agile Methods: Crossing the Chasm},
 booktitle = {Companion to the Proceedings of the 29th International Conference on Software Engineering},
 series = {ICSE COMPANION '07},
 year = {2007},
 isbn = {0-7695-2892-9},
 pages = {176--177},
 numpages = {2},
 url = {http://dx.doi.org/10.1109/ICSECOMPANION.2007.18},
 doi = {10.1109/ICSECOMPANION.2007.18},
 acmid = {1248992},
 publisher = {IEEE Computer Society},
 address = {Washington, DC, USA},
}

@article{Chin:2004:EDI:1007965.1007966,
 editor = {Chin, Wynne W. and Leidner, Dorothy},
 title = {From the Editors},
 journal = {SIGMIS Database},
 issue_date = {Spring 2004},
 volume = {35},
 number = {2},
 month = jun,
 year = {2004},
 issn = {0095-0033},
 pages = {4--4},
 numpages = {1},
 url = {http://doi.acm.org/10.1145/1007965.1007966},
 doi = {10.1145/1007965.1007966},
 acmid = {1007966},
 publisher = {ACM},
 address = {New York, NY, USA},
}

@inproceedings{Shin:2011:AMD:1968613.1968754,
 author = {Shin, Dong Hee and Kim, Tae Yang},
 title = {Analysis of MVNO Diffusion},
 booktitle = {Proceedings of the 5th International Conference on Ubiquitous Information Management and Communication},
 series = {ICUIMC '11},
 year = {2011},
 isbn = {978-1-4503-0571-6},
 location = {Seoul, Korea},
 pages = {121:1--121:7},
 articleno = {121},
 numpages = {7},
 url = {http://doi.acm.org/10.1145/1968613.1968754},
 doi = {10.1145/1968613.1968754},
 acmid = {1968754},
 publisher = {ACM},
 address = {New York, NY, USA},
 keywords = {business model, diffusion, mobile policy, mobile virtual network operator, network management, overlay network, telecom policy},
}

@inproceedings{Alshboul:2017:BCA:3178212.3178218,
 author = {Alshboul, Yazan and Streff, Kevin},
 title = {Beyond Cybersecurity Awareness: Antecedents and Satisfaction},
 booktitle = {Proceedings of the 2017 International Conference on Software and e-Business},
 series = {ICSEB 2017},
 year = {2017},
 isbn = {978-1-4503-5488-2},
 location = {Hong Kong, Hong Kong},
 pages = {85--91},
 numpages = {7},
 url = {http://doi.acm.org/10.1145/3178212.3178218},
 doi = {10.1145/3178212.3178218},
 acmid = {3178218},
 publisher = {ACM},
 address = {New York, NY, USA},
 keywords = {Cybersecurity, antecedent factors, cybersecurity awareness, satisfaction},
}

@inproceedings{Namatame:2009:AMS:1639809.1639811,
 author = {Namatame, Akira and Morita, Hiroshi and Matsuyama, Kazuyuki},
 title = {Agent-based Modeling for the Study of Diffusion Dynamics},
 booktitle = {Proceedings of the 2009 Spring Simulation Multiconference},
 series = {SpringSim '09},
 year = {2009},
 location = {San Diego, California},
 pages = {1:1--1:8},
 articleno = {1},
 numpages = {8},
 url = {http://dl.acm.org/citation.cfm?id=1639809.1639811},
 acmid = {1639811},
 publisher = {Society for Computer Simulation International},
 address = {San Diego, CA, USA},
 keywords = {consensus, contagion, diffusion, innovations, interaction, social influence, synchronization},
}

@inproceedings{Jespersen:2013:FEP:2676128.2676214,
 author = {Jespersen, Kristina Risom},
 title = {Forecasting Economic Performance of Implemented Innovation Openness},
 booktitle = {Proceedings of the 2013 Winter Simulation Conference: Simulation: Making Decisions in a Complex World},
 series = {WSC '13},
 year = {2013},
 location = {Washington, D.C.},
 pages = {1847--1855},
 numpages = {9},
 url = {http://dl.acm.org/citation.cfm?id=2676128.2676214},
 acmid = {2676214},
 publisher = {IEEE Press},
 address = {Piscataway, NJ, USA},
}

@inproceedings{Jespersen:2013:FEP:2675983.2676214,
 author = {Jespersen, Kristina Risom},
 title = {Forecasting Economic Performance of Implemented Innovation Openness},
 booktitle = {Proceedings of the 2013 Winter Simulation Conference: Simulation: Making Decisions in a Complex World},
 series = {WSC '13},
 year = {2013},
 isbn = {978-1-4799-2077-8},
 location = {Washington, D.C.},
 pages = {1847--1855},
 numpages = {9},
 url = {http://dl.acm.org/citation.cfm?id=2675983.2676214},
 acmid = {2676214},
 publisher = {IEEE Press},
 address = {Piscataway, NJ, USA},
}

@inproceedings{Quaddus:2005:FAO:1089551.1089572,
 author = {Quaddus, Mohammed and Xu, Jun and Hoque, Zohurul},
 title = {Factors of Adoption of Online Auction: A China Study},
 booktitle = {Proceedings of the 7th International Conference on Electronic Commerce},
 series = {ICEC '05},
 year = {2005},
 isbn = {1-59593-112-0},
 location = {Xi'an, China},
 pages = {93--100},
 numpages = {8},
 url = {http://doi.acm.org/10.1145/1089551.1089572},
 doi = {10.1145/1089551.1089572},
 acmid = {1089572},
 publisher = {ACM},
 address = {New York, NY, USA},
 keywords = {China, Partial Least Square (PLS), Structural Equation Modeling (SEM), adoption/diffusion, internet, on-line auction},
}

@inproceedings{Macal:2010:ASS:2433508.2433551,
 author = {Macal, Charles M.},
 title = {To Agent-based Simulation from System Dynamics},
 booktitle = {Proceedings of the Winter Simulation Conference},
 series = {WSC '10},
 year = {2010},
 isbn = {978-1-4244-9864-2},
 location = {Baltimore, Maryland},
 pages = {371--382},
 numpages = {12},
 url = {http://dl.acm.org/citation.cfm?id=2433508.2433551},
 acmid = {2433551},
 publisher = {Winter Simulation Conference},
}

@inproceedings{Akbarpour:2017:DNU:3033274.3085105,
 author = {Akbarpour, Mohammad and Jackson, Matthew},
 title = {Diffusion in Networks and the Unexpected Virtue of Burstiness},
 booktitle = {Proceedings of the 2017 ACM Conference on Economics and Computation},
 series = {EC '17},
 year = {2017},
 isbn = {978-1-4503-4527-9},
 location = {Cambridge, Massachusetts, USA},
 pages = {543--543},
 numpages = {1},
 url = {http://doi.acm.org/10.1145/3033274.3085105},
 doi = {10.1145/3033274.3085105},
 acmid = {3085105},
 publisher = {ACM},
 address = {New York, NY, USA},
 keywords = {diffusion, dynamic networks, heterogeneous agents, social networks},
}

@inproceedings{Miller:2009:CSI:1584322.1584331,
 author = {Miller, Jan C.},
 title = {Computer Science Innovation in Thailand},
 booktitle = {Proceedings of the Fifth International Workshop on Computing Education Research Workshop},
 series = {ICER '09},
 year = {2009},
 isbn = {978-1-60558-615-1},
 location = {Berkeley, CA, USA},
 pages = {63--74},
 numpages = {12},
 url = {http://doi.acm.org/10.1145/1584322.1584331},
 doi = {10.1145/1584322.1584331},
 acmid = {1584331},
 publisher = {ACM},
 address = {New York, NY, USA},
 keywords = {computer education, cross-cultural study, diffusion of innovation, empirical qualitative research, higher education reform, intercultural communication, system success, teaching and learning, thai culture, university culture},
}

@inproceedings{Cochran:2006:CMU:1125170.1125250,
 author = {Cochran, Justin},
 title = {A Comprehensive Model for Understanding Technology Selection Decisions of Interconnected Information Technologies},
 booktitle = {Proceedings of the 2006 ACM SIGMIS CPR Conference on Computer Personnel Research: Forty Four Years of Computer Personnel Research: Achievements, Challenges \&Amp; the Future},
 series = {SIGMIS CPR '06},
 year = {2006},
 isbn = {1-59593-349-2},
 location = {Claremont, California, USA},
 pages = {345--347},
 numpages = {3},
 url = {http://doi.acm.org/10.1145/1125170.1125250},
 doi = {10.1145/1125170.1125250},
 acmid = {1125250},
 publisher = {ACM},
 address = {New York, NY, USA},
 keywords = {network effects, switching costs, technology selection decision},
}

@article{Fuller:2007:DVI:1314234.1314243,
 author = {Fuller, Mark A. and Hardin, Andrew M. and Scott, Christopher L.},
 title = {Diffusion of Virtual Innovation},
 journal = {SIGMIS Database},
 issue_date = {November 2007},
 volume = {38},
 number = {4},
 month = oct,
 year = {2007},
 issn = {0095-0033},
 pages = {40--44},
 numpages = {5},
 url = {http://doi.acm.org/10.1145/1314234.1314243},
 doi = {10.1145/1314234.1314243},
 acmid = {1314243},
 publisher = {ACM},
 address = {New York, NY, USA},
 keywords = {computer self-efficacy, diffusion of innovations, innovation decision process, second life, technology acceptance, technology adoption, trust, virtual team efficacy, virtual teams, virtual world technology},
}

