@article{Filsinger:1981:APS:1056743.1056746,
 author = {Filsinger, Alan E.},
 title = {Approaching Problem Solving Type Behavior via the Psychological Process of Instrumental Conditioning},
 journal = {SIGART Bull.},
 issue_date = {July 1981},
 number = {77},
 month = jul,
 year = {1981},
 issn = {0163-5719},
 pages = {32--33},
 numpages = {2},
 url = {http://doi.acm.org/10.1145/1056743.1056746},
 doi = {10.1145/1056743.1056746},
 acmid = {1056746},
 publisher = {ACM},
 address = {New York, NY, USA},
}

@article{Filsinger:1982:PUA:1056176.1056178,
 author = {Filsinger, Alan E.},
 title = {Practical Uses for AI Research},
 journal = {SIGART Bull.},
 issue_date = {April 1982},
 number = {80},
 month = apr,
 year = {1982},
 issn = {0163-5719},
 pages = {26--26},
 numpages = {1},
 url = {http://doi.acm.org/10.1145/1056176.1056178},
 doi = {10.1145/1056176.1056178},
 acmid = {1056178},
 publisher = {ACM},
 address = {New York, NY, USA},
}

@article{Sheil:1981:ISF:1056743.1056745,
 author = {Sheil, Beau},
 title = {Interlisp-D: Further Steps in the Flight from Time-sharing},
 journal = {SIGART Bull.},
 issue_date = {July 1981},
 number = {77},
 month = jul,
 year = {1981},
 issn = {0163-5719},
 pages = {31--32},
 numpages = {2},
 url = {http://doi.acm.org/10.1145/1056743.1056745},
 doi = {10.1145/1056743.1056745},
 acmid = {1056745},
 publisher = {ACM},
 address = {New York, NY, USA},
}

@article{Filsinger:1980:PSA:1056768.1056773,
 author = {Filsinger, Alan E.},
 title = {Photographic Storage of AI Information},
 journal = {SIGART Bull.},
 issue_date = {October 1980},
 number = {73},
 month = oct,
 year = {1980},
 issn = {0163-5719},
 pages = {28--28},
 numpages = {1},
 url = {http://doi.acm.org/10.1145/1056768.1056773},
 doi = {10.1145/1056768.1056773},
 acmid = {1056773},
 publisher = {ACM},
 address = {New York, NY, USA},
}

@article{Carbonell:1981:MLR:1056743.1056744,
 author = {Carbonell, Jaime G.},
 title = {Machine Learning Research},
 journal = {SIGART Bull.},
 issue_date = {July 1981},
 number = {77},
 month = jul,
 year = {1981},
 issn = {0163-5719},
 pages = {29--29},
 numpages = {1},
 url = {http://doi.acm.org/10.1145/1056743.1056744},
 doi = {10.1145/1056743.1056744},
 acmid = {1056744},
 publisher = {ACM},
 address = {New York, NY, USA},
}

@article{Creeger:1982:LMO:1056176.1056179,
 author = {Creeger, Mache},
 title = {Lambda Machine Overview},
 journal = {SIGART Bull.},
 issue_date = {April 1982},
 number = {80},
 month = apr,
 year = {1982},
 issn = {0163-5719},
 pages = {26--28},
 numpages = {3},
 url = {http://doi.acm.org/10.1145/1056176.1056179},
 doi = {10.1145/1056176.1056179},
 acmid = {1056179},
 publisher = {ACM},
 address = {New York, NY, USA},
}

@article{Schefe:1980:LVC:1056768.1056772,
 author = {Schefe, Peter},
 title = {On Limitations of V.S. Cherniavsky: "on Limitations of Artificial Intelligence" Information System 5 (1980), 121--126},
 journal = {SIGART Bull.},
 issue_date = {October 1980},
 number = {73},
 month = oct,
 year = {1980},
 issn = {0163-5719},
 pages = {27--28},
 numpages = {2},
 url = {http://doi.acm.org/10.1145/1056768.1056772},
 doi = {10.1145/1056768.1056772},
 acmid = {1056772},
 publisher = {ACM},
 address = {New York, NY, USA},
}

@article{Nave:2013:HOC:2517249.2508975,
 author = {Nave, Gidi},
 title = {Habits: Our Cognitive Shortcut},
 journal = {XRDS},
 issue_date = {Fall 2013},
 volume = {20},
 number = {1},
 month = sep,
 year = {2013},
 issn = {1528-4972},
 pages = {12--13},
 numpages = {2},
 url = {http://doi.acm.org/10.1145/2508975},
 doi = {10.1145/2508975},
 acmid = {2508975},
 publisher = {ACM},
 address = {New York, NY, USA},
}

@article{Billing:2006:KAA:1113400.1113425,
 author = {Billing, Jamie and Cordingley, Tracy},
 title = {Some Kind of Analogtivity: Anti-simulation Through Design},
 journal = {Personal Ubiquitous Comput.},
 issue_date = {April 2006},
 volume = {10},
 number = {2-3},
 month = jan,
 year = {2006},
 issn = {1617-4909},
 pages = {101--105},
 numpages = {5},
 url = {http://dx.doi.org/10.1007/s00779-005-0008-9},
 doi = {10.1007/s00779-005-0008-9},
 acmid = {1113425},
 publisher = {Springer-Verlag},
 address = {London, UK, UK},
 keywords = {Analogtivity, Interactivity, Simulation, Systems, Technology, Transparency},
}

@article{Price:1980:NB:1056768.1056774,
 author = {Price, Keith},
 title = {New Books},
 journal = {SIGART Bull.},
 issue_date = {October 1980},
 number = {73},
 month = oct,
 year = {1980},
 issn = {0163-5719},
 pages = {28--29},
 numpages = {2},
 url = {http://doi.acm.org/10.1145/1056768.1056774},
 doi = {10.1145/1056768.1056774},
 acmid = {1056774},
 publisher = {ACM},
 address = {New York, NY, USA},
}

@inproceedings{Harris:2010:DPA:1866307.1866340,
 author = {Harris, William R. and Jha, Somesh and Reps, Thomas},
 title = {DIFC Programs by Automatic Instrumentation},
 booktitle = {Proceedings of the 17th ACM Conference on Computer and Communications Security},
 series = {CCS '10},
 year = {2010},
 isbn = {978-1-4503-0245-6},
 location = {Chicago, Illinois, USA},
 pages = {284--296},
 numpages = {13},
 url = {http://doi.acm.org/10.1145/1866307.1866340},
 doi = {10.1145/1866307.1866340},
 acmid = {1866340},
 publisher = {ACM},
 address = {New York, NY, USA},
 keywords = {DIFC, constraint solving, instrumentation},
}

@inproceedings{Sejnowski:1995:PHL:225298.225300,
 author = {Sejnowski, Terrence J. and Dayan, Peter and Montague, P. Read},
 title = {Predictive Hebbian Learning},
 booktitle = {Proceedings of the Eighth Annual Conference on Computational Learning Theory},
 series = {COLT '95},
 year = {1995},
 isbn = {0-89791-723-5},
 location = {Santa Cruz, California, USA},
 pages = {15--18},
 numpages = {4},
 url = {http://doi.acm.org/10.1145/225298.225300},
 doi = {10.1145/225298.225300},
 acmid = {225300},
 publisher = {ACM},
 address = {New York, NY, USA},
}

@inproceedings{Muhammad:2010:MES:1842752.1842760,
 author = {Muhammad, Naeem and Boucke, Nelis and Berbers, Yolande},
 title = {Model-based Enhancement of Software Performance for Precision Critical Systems},
 booktitle = {Proceedings of the Fourth European Conference on Software Architecture: Companion Volume},
 series = {ECSA '10},
 year = {2010},
 isbn = {978-1-4503-0179-4},
 location = {Copenhagen, Denmark},
 pages = {27--30},
 numpages = {4},
 url = {http://doi.acm.org/10.1145/1842752.1842760},
 doi = {10.1145/1842752.1842760},
 acmid = {1842760},
 publisher = {ACM},
 address = {New York, NY, USA},
 keywords = {architecture viewpoint, flow latency viewpoint, parallelism viewpoint, software performance},
}

@inproceedings{Conway:2016:MTB:2851581.2892433,
 author = {Conway, Dan and Chen, Fang and Yu, Kun and Zhou, Jianlong and Morris, Richard},
 title = {Misplaced Trust: A Bias in Human-Machine Trust Attribution -- In Contradiction to Learning Theory},
 booktitle = {Proceedings of the 2016 CHI Conference Extended Abstracts on Human Factors in Computing Systems},
 series = {CHI EA '16},
 year = {2016},
 isbn = {978-1-4503-4082-3},
 location = {San Jose, California, USA},
 pages = {3035--3041},
 numpages = {7},
 url = {http://doi.acm.org/10.1145/2851581.2892433},
 doi = {10.1145/2851581.2892433},
 acmid = {2892433},
 publisher = {ACM},
 address = {New York, NY, USA},
 keywords = {HCI, decision making, learning, trust, uncertainty},
}

@inproceedings{Etter:1967:RDP:1465611.1465675,
 author = {Etter, Irwin R.},
 title = {Requirements for a Data Processing System for Hospital Laboratories},
 booktitle = {Proceedings of the November 14-16, 1967, Fall Joint Computer Conference},
 series = {AFIPS '67 (Fall)},
 year = {1967},
 location = {Anaheim, California},
 pages = {491--496},
 numpages = {6},
 url = {http://doi.acm.org/10.1145/1465611.1465675},
 doi = {10.1145/1465611.1465675},
 acmid = {1465675},
 publisher = {ACM},
 address = {New York, NY, USA},
}

@inproceedings{Eriksson:2012:MTI:2427376.2427378,
 author = {Eriksson, Anders and Lindstr\"{o}m, Birgitta and Andler, Sten F. and Offutt, Jeff},
 title = {Model Transformation Impact on Test Artifacts: An Empirical Study},
 booktitle = {Proceedings of the Workshop on Model-Driven Engineering, Verification and Validation},
 series = {MoDeVVa '12},
 year = {2012},
 isbn = {978-1-4503-1801-3},
 location = {Innsbruck, Austria},
 pages = {5--10},
 numpages = {6},
 url = {http://doi.acm.org/10.1145/2427376.2427378},
 doi = {10.1145/2427376.2427378},
 acmid = {2427378},
 publisher = {ACM},
 address = {New York, NY, USA},
 keywords = {MCDC, model coverage, model transformation, model-driven development, structural code coverage, xtUML},
}

@inproceedings{Kim:2009:MCU:1651318.1651323,
 author = {Kim, Younghoon and Koo, Imhoi and Jung, Byung Hwa and Chung, Bong Chul and Lee, Doheon},
 title = {Multivariate Classification of Urine Metabolome Profiles for Breast Cancer Diagnosis},
 booktitle = {Proceedings of the Third International Workshop on Data and Text Mining in Bioinformatics},
 series = {DTMBIO '09},
 year = {2009},
 isbn = {978-1-60558-803-2},
 location = {Hong Kong, China},
 pages = {11--18},
 numpages = {8},
 url = {http://doi.acm.org/10.1145/1651318.1651323},
 doi = {10.1145/1651318.1651323},
 acmid = {1651323},
 publisher = {ACM},
 address = {New York, NY, USA},
 keywords = {biomarker discovery, breast cancer diagnosis, metabolomics, multivariate classification, urine analysis},
}

@inproceedings{Ross:1957:DSP:1457720.1457750,
 author = {Ross, Dan C.},
 title = {A Digital System for Position Determination},
 booktitle = {Papers and Discussions Presented at the December 9-13, 1957, Eastern Joint Computer Conference: Computers with Deadlines to Meet},
 series = {IRE-ACM-AIEE '57 (Eastern)},
 year = {1958},
 location = {Washington, D.C.},
 pages = {164--168},
 numpages = {5},
 url = {http://doi.acm.org/10.1145/1457720.1457750},
 doi = {10.1145/1457720.1457750},
 acmid = {1457750},
 publisher = {ACM},
 address = {New York, NY, USA},
}

@inproceedings{Hughes:2004:RCC:985692.985757,
 author = {Hughes, Stephen and Lewis, Michael},
 title = {Robotic Camera Control for Remote Exploration},
 booktitle = {Proceedings of the SIGCHI Conference on Human Factors in Computing Systems},
 series = {CHI '04},
 year = {2004},
 isbn = {1-58113-702-8},
 location = {Vienna, Austria},
 pages = {511--517},
 numpages = {7},
 url = {http://doi.acm.org/10.1145/985692.985757},
 doi = {10.1145/985692.985757},
 acmid = {985757},
 publisher = {ACM},
 address = {New York, NY, USA},
 keywords = {human-robot interaction, remote exploration, robotics, robotics aided search-and-rescue, viewpoint control},
}

@inproceedings{Blouin:2010:IMU:1822018.1822037,
 author = {Blouin, Arnaud and Beaudoux, Olivier},
 title = {Improving Modularity and Usability of Interactive Systems with Malai},
 booktitle = {Proceedings of the 2Nd ACM SIGCHI Symposium on Engineering Interactive Computing Systems},
 series = {EICS '10},
 year = {2010},
 isbn = {978-1-4503-0083-4},
 location = {Berlin, Germany},
 pages = {115--124},
 numpages = {10},
 url = {http://doi.acm.org/10.1145/1822018.1822037},
 doi = {10.1145/1822018.1822037},
 acmid = {1822037},
 publisher = {ACM},
 address = {New York, NY, USA},
 keywords = {action, instrument, interaction, interactive system, mde, user interface},
}

@inproceedings{Ugalde:2017:RVM:3131473.3131483,
 author = {Ugalde, Ines and Cheng, Bin and Rostami, Ali and Gruteser, Marco and Ahmad, Syed Amaar},
 title = {Repeatability of Vehicular Measurements on Public Roadways},
 booktitle = {Proceedings of the 11th Workshop on Wireless Network Testbeds, Experimental Evaluation \&\#38; CHaracterization},
 series = {WiNTECH '17},
 year = {2017},
 isbn = {978-1-4503-5147-8},
 location = {Snowbird, Utah, USA},
 pages = {25--32},
 numpages = {8},
 url = {http://doi.acm.org/10.1145/3131473.3131483},
 doi = {10.1145/3131473.3131483},
 acmid = {3131483},
 publisher = {ACM},
 address = {New York, NY, USA},
 keywords = {DSRC, RSSI, connected vehicles, measurements, pathloss, repeatability, testbed},
}

@inproceedings{Gore:2007:EEE:1248822.1249017,
 author = {Gore, Ross and Reynolds Jr., Paul F. and Tang, Lingjia and Brogan, David C.},
 title = {Explanation Exploration: Exploring Emergent Behavior},
 booktitle = {Proceedings of the 21st International Workshop on Principles of Advanced and Distributed Simulation},
 series = {PADS '07},
 year = {2007},
 isbn = {0-7695-2898-8},
 pages = {113--122},
 numpages = {10},
 url = {https://doi.org/10.1109/PADS.2007.18},
 doi = {10.1109/PADS.2007.18},
 acmid = {1249017},
 publisher = {IEEE Computer Society},
 address = {Washington, DC, USA},
}

@inproceedings{Dugerdil:2013:DDT:2480362.2480602,
 author = {Dugerdil, Philippe and Sennhauser, David},
 title = {Dynamic Decision Tree for Legacy Use-case Recovery},
 booktitle = {Proceedings of the 28th Annual ACM Symposium on Applied Computing},
 series = {SAC '13},
 year = {2013},
 isbn = {978-1-4503-1656-9},
 location = {Coimbra, Portugal},
 pages = {1284--1291},
 numpages = {8},
 url = {http://doi.acm.org/10.1145/2480362.2480602},
 doi = {10.1145/2480362.2480602},
 acmid = {2480602},
 publisher = {ACM},
 address = {New York, NY, USA},
 keywords = {decision tree processing, dynamic analysis, use-case recovery},
}

@article{Befekadu:2011:PMR:2014670.2014692,
 author = {Befekadu, Getachew K. and Tadesse, Mahlet G. and Tsai, Tsung-Heng and Ressom, Habtom W.},
 title = {Probabilistic Mixture Regression Models for Alignment of LC-MS Data},
 journal = {IEEE/ACM Trans. Comput. Biol. Bioinformatics},
 issue_date = {September 2011},
 volume = {8},
 number = {5},
 month = sep,
 year = {2011},
 issn = {1545-5963},
 pages = {1417--1424},
 numpages = {8},
 url = {https://doi.org/10.1109/TCBB.2010.88},
 doi = {10.1109/TCBB.2010.88},
 acmid = {2014692},
 publisher = {IEEE Computer Society Press},
 address = {Los Alamitos, CA, USA},
 keywords = {Liquid chromatography, mass spectrometry, mixed-regression model, expectation-maximization.},
}

@inproceedings{Shaffer:2005:WCC:1149293.1149371,
 author = {Shaffer, David Williamson and Clinton, Katherine A.},
 title = {Why All CSL is CL: Distributed Mind and the Future of Computer Supported Collaborative Learning},
 booktitle = {Proceedings of th 2005 Conference on Computer Support for Collaborative Learning: Learning 2005: The Next 10 Years!},
 series = {CSCL '05},
 year = {2005},
 isbn = {0-8058-5782-6},
 location = {Taipei, Taiwan},
 pages = {592--601},
 numpages = {10},
 url = {http://dl.acm.org/citation.cfm?id=1149293.1149371},
 acmid = {1149371},
 publisher = {International Society of the Learning Sciences},
 keywords = {activity systems, distributed mind, sociocultural theories, virtual culture},
}

@inproceedings{Poon:2008:CVA:1460563.1460623,
 author = {Poon, Sarah S. and Thomas, Rollin C. and Aragon, Cecilia R. and Lee, Brian},
 title = {Context-linked Virtual Assistants for Distributed Teams: An Astrophysics Case Study},
 booktitle = {Proceedings of the 2008 ACM Conference on Computer Supported Cooperative Work},
 series = {CSCW '08},
 year = {2008},
 isbn = {978-1-60558-007-4},
 location = {San Diego, CA, USA},
 pages = {361--370},
 numpages = {10},
 url = {http://doi.acm.org/10.1145/1460563.1460623},
 doi = {10.1145/1460563.1460623},
 acmid = {1460623},
 publisher = {ACM},
 address = {New York, NY, USA},
 keywords = {astrophysics, collaboratories, computer-mediated communication, context-aware computing, cross-cultural collaboration, notification systems, social awareness},
}

@inproceedings{Burke:2002:UEM:544741.544820,
 author = {Burke, Robert and Blumberg, Bruce},
 title = {Using an Ethologically-inspired Model to Learn Apparent Temporal Causality for Planning in Synthetic Creatures},
 booktitle = {Proceedings of the First International Joint Conference on Autonomous Agents and Multiagent Systems: Part 1},
 series = {AAMAS '02},
 year = {2002},
 isbn = {1-58113-480-0},
 location = {Bologna, Italy},
 pages = {326--333},
 numpages = {8},
 url = {http://doi.acm.org/10.1145/544741.544820},
 doi = {10.1145/544741.544820},
 acmid = {544820},
 publisher = {ACM},
 address = {New York, NY, USA},
 keywords = {apparent temporal causality, autonomous agents, ethology, planning, reactive systems, synthetic characters, virtual creatures},
}

@inproceedings{Cook:2014:FTR:2682923.2682942,
 author = {Cook, Byron and Khlaaf, Heidy and Piterman, Nir},
 title = {Faster Temporal Reasoning for Infinite-State Programs},
 booktitle = {Proceedings of the 14th Conference on Formal Methods in Computer-Aided Design},
 series = {FMCAD '14},
 year = {2014},
 isbn = {978-0-9835678-4-4},
 location = {Lausanne, Switzerland},
 pages = {16:75--16:82},
 articleno = {16},
 numpages = {8},
 url = {http://dl.acm.org/citation.cfm?id=2682923.2682942},
 acmid = {2682942},
 publisher = {FMCAD Inc},
 address = {Austin, TX},
}

@inproceedings{vanderMerwe:2013:EUU:2513456.2513481,
 author = {van der Merwe, T. M. and van Heerden, M. E.},
 title = {Ease of Use and Usefulness of Webinars in an Open Distance Learning Environment: An Activity Theory Perspective},
 booktitle = {Proceedings of the South African Institute for Computer Scientists and Information Technologists Conference},
 series = {SAICSIT '13},
 year = {2013},
 isbn = {978-1-4503-2112-9},
 location = {East London, South Africa},
 pages = {262--270},
 numpages = {9},
 url = {http://doi.acm.org/10.1145/2513456.2513481},
 doi = {10.1145/2513456.2513481},
 acmid = {2513481},
 publisher = {ACM},
 address = {New York, NY, USA},
 keywords = {activity theory, ease of use, open distance learning, usefulness, webinars},
}

@inproceedings{Borgman:2016:DFK:3017447.3017504,
 author = {Borgman, Christine L. and Darch, Peter T. and Sands, Ashley S. and Golshan, Milena S.},
 title = {The Durability and Fragility of Knowledge Infrastructures: Lessons Learned from Astronomy},
 booktitle = {Proceedings of the 79th ASIS\&T Annual Meeting: Creating Knowledge, Enhancing Lives Through Information \& Technology},
 series = {ASIST '16},
 year = {2016},
 location = {Copenhagen, Denmark},
 pages = {57:1--57:10},
 articleno = {57},
 numpages = {10},
 url = {http://dl.acm.org/citation.cfm?id=3017447.3017504},
 acmid = {3017504},
 publisher = {American Society for Information Science},
 address = {Silver Springs, MD, USA},
 keywords = {astronomy, knowledge infrastructures, scientific data, stewardship},
}

@inproceedings{Sanoubari:2018:SPH:3284432.3284447,
 author = {Sanoubari, Elaheh and Geiskkovitch, Denise Y. and Garcha, Diljot S. and Sabab, Shahed A. and Hong, Kenny and Young, James E. and Bunt, Andrea and Irani, Pourang},
 title = {Subliminal Priming in Human-Agent Interaction: Can Agents Use Single-Frame Visuals in Video Feeds to Shape User Perceptions?},
 booktitle = {Proceedings of the 6th International Conference on Human-Agent Interaction},
 series = {HAI '18},
 year = {2018},
 isbn = {978-1-4503-5953-5},
 location = {Southampton, United Kingdom},
 pages = {205--213},
 numpages = {9},
 url = {http://doi.acm.org/10.1145/3284432.3284447},
 doi = {10.1145/3284432.3284447},
 acmid = {3284447},
 publisher = {ACM},
 address = {New York, NY, USA},
 keywords = {human-agent interaction, persuasion, persuasive agents, prim-ing, subliminal priming, trustworthy interac-tion, visual priming},
}

@inproceedings{Wheatley:2009:CET:1542084.1542086,
 author = {Wheatley, David J. and Basapur, Santosh},
 title = {A Comparative Evaluation of TV Video Telephony with Webcam and Face to Face Communication},
 booktitle = {Proceedings of the 7th European Conference on Interactive TV and Video},
 series = {EuroITV '09},
 year = {2009},
 isbn = {978-1-60558-340-2},
 location = {Leuven, Belgium},
 pages = {1--8},
 numpages = {8},
 url = {http://doi.acm.org/10.1145/1542084.1542086},
 doi = {10.1145/1542084.1542086},
 acmid = {1542086},
 publisher = {ACM},
 address = {New York, NY, USA},
 keywords = {video mediated communications},
}

@inproceedings{Just:2014:EMA:2610384.2610388,
 author = {Just, Ren{\'e} and Ernst, Michael D. and Fraser, Gordon},
 title = {Efficient Mutation Analysis by Propagating and Partitioning Infected Execution States},
 booktitle = {Proceedings of the 2014 International Symposium on Software Testing and Analysis},
 series = {ISSTA 2014},
 year = {2014},
 isbn = {978-1-4503-2645-2},
 location = {San Jose, CA, USA},
 pages = {315--326},
 numpages = {12},
 url = {http://doi.acm.org/10.1145/2610384.2610388},
 doi = {10.1145/2610384.2610388},
 acmid = {2610388},
 publisher = {ACM},
 address = {New York, NY, USA},
 keywords = {Mutation analysis, dynamic analysis, software testing},
}

@inproceedings{Sharma:2015:CCS:2814270.2814278,
 author = {Sharma, Rahul and Schkufza, Eric and Churchill, Berkeley and Aiken, Alex},
 title = {Conditionally Correct Superoptimization},
 booktitle = {Proceedings of the 2015 ACM SIGPLAN International Conference on Object-Oriented Programming, Systems, Languages, and Applications},
 series = {OOPSLA 2015},
 year = {2015},
 isbn = {978-1-4503-3689-5},
 location = {Pittsburgh, PA, USA},
 pages = {147--162},
 numpages = {16},
 url = {http://doi.acm.org/10.1145/2814270.2814278},
 doi = {10.1145/2814270.2814278},
 acmid = {2814278},
 publisher = {ACM},
 address = {New York, NY, USA},
 keywords = {Binary Analysis, Compilers, Markov Chain Monte Carlo, Optimization, SMT, Superoptimization, Verification, x86},
}

@article{Sharma:2015:CCS:2858965.2814278,
 author = {Sharma, Rahul and Schkufza, Eric and Churchill, Berkeley and Aiken, Alex},
 title = {Conditionally Correct Superoptimization},
 journal = {SIGPLAN Not.},
 issue_date = {October 2015},
 volume = {50},
 number = {10},
 month = oct,
 year = {2015},
 issn = {0362-1340},
 pages = {147--162},
 numpages = {16},
 url = {http://doi.acm.org/10.1145/2858965.2814278},
 doi = {10.1145/2858965.2814278},
 acmid = {2814278},
 publisher = {ACM},
 address = {New York, NY, USA},
 keywords = {Binary Analysis, Compilers, Markov Chain Monte Carlo, Optimization, SMT, Superoptimization, Verification, x86},
}

@inproceedings{Lidbury:2019:SRR:3314221.3314635,
 author = {Lidbury, Christopher and Donaldson, Alastair F.},
 title = {Sparse Record and Replay with Controlled Scheduling},
 booktitle = {Proceedings of the 40th ACM SIGPLAN Conference on Programming Language Design and Implementation},
 series = {PLDI 2019},
 year = {2019},
 isbn = {978-1-4503-6712-7},
 location = {Phoenix, AZ, USA},
 pages = {576--593},
 numpages = {18},
 url = {http://doi.acm.org/10.1145/3314221.3314635},
 doi = {10.1145/3314221.3314635},
 acmid = {3314635},
 publisher = {ACM},
 address = {New York, NY, USA},
 keywords = {concurrency, controlled concurrency test- ing, data race detection, record and replay},
}

@inproceedings{Korff:2014:TMC:3235838.3235845,
 author = {Korff, Stefan and B\"{o}hme, Rainer},
 title = {Too Much Choice: End-user Privacy Decisions in the Context of Choice Proliferation},
 booktitle = {Proceedings of the Tenth USENIX Conference on Usable Privacy and Security},
 series = {SOUPS '14},
 year = {2014},
 isbn = {978-1-931971-13-3},
 location = {Menlo Park, CA},
 pages = {69--87},
 numpages = {19},
 url = {http://dl.acm.org/citation.cfm?id=3235838.3235845},
 acmid = {3235845},
 publisher = {USENIX Association},
 address = {Berkeley, CA, USA},
 keywords = {choice proliferation, experiment, privacy},
}

@article{Stephenson:2015:FSP:2872887.2750375,
 author = {Stephenson, Mark and Sastry Hari, Siva Kumar and Lee, Yunsup and Ebrahimi, Eiman and Johnson, Daniel R. and Nellans, David and O'Connor, Mike and Keckler, Stephen W.},
 title = {Flexible Software Profiling of GPU Architectures},
 journal = {SIGARCH Comput. Archit. News},
 issue_date = {June 2015},
 volume = {43},
 number = {3},
 month = jun,
 year = {2015},
 issn = {0163-5964},
 pages = {185--197},
 numpages = {13},
 url = {http://doi.acm.org/10.1145/2872887.2750375},
 doi = {10.1145/2872887.2750375},
 acmid = {2750375},
 publisher = {ACM},
 address = {New York, NY, USA},
}

@inproceedings{Stephenson:2015:FSP:2749469.2750375,
 author = {Stephenson, Mark and Sastry Hari, Siva Kumar and Lee, Yunsup and Ebrahimi, Eiman and Johnson, Daniel R. and Nellans, David and O'Connor, Mike and Keckler, Stephen W.},
 title = {Flexible Software Profiling of GPU Architectures},
 booktitle = {Proceedings of the 42Nd Annual International Symposium on Computer Architecture},
 series = {ISCA '15},
 year = {2015},
 isbn = {978-1-4503-3402-0},
 location = {Portland, Oregon},
 pages = {185--197},
 numpages = {13},
 url = {http://doi.acm.org/10.1145/2749469.2750375},
 doi = {10.1145/2749469.2750375},
 acmid = {2750375},
 publisher = {ACM},
 address = {New York, NY, USA},
}

@article{Silva:2017:LIV:3122009.3176864,
 author = {Silva, Ricardo and Shimizu, Shohei},
 title = {Learning Instrumental Variables with Structural and Non-gaussianity Assumptions},
 journal = {J. Mach. Learn. Res.},
 issue_date = {January 2017},
 volume = {18},
 number = {1},
 month = jan,
 year = {2017},
 issn = {1532-4435},
 pages = {4321--4369},
 numpages = {49},
 url = {http://dl.acm.org/citation.cfm?id=3122009.3176864},
 acmid = {3176864},
 publisher = {JMLR.org},
 keywords = {causal discovery, causality, instrumental variables},
}

@article{1981:SSI:1056490.1056491,
 title = {SIGART Special Issue on Machine Learning},
 journal = {SIGART Bull.},
 issue_date = {April 1981},
 number = {76},
 month = apr,
 year = {1981},
 issn = {0163-5719},
 pages = {25--54},
 numpages = {30},
 url = {http://doi.acm.org/10.1145/1056490.1056491},
 doi = {10.1145/1056490.1056491},
 acmid = {1056491},
 publisher = {ACM},
 address = {New York, NY, USA},
key = {{$\!\!$}} ,
}

