@article{Mhalo:1986:DSC:382153.382973,
 author = {Mhalo, William E.},
 title = {Developing a Software Core for Computing Centers},
 journal = {SIGUCCS Newsl.},
 issue_date = {Winter 1986},
 volume = {16},
 number = {4},
 month = dec,
 year = {1986},
 issn = {0736-6892},
 pages = {22--25},
 numpages = {4},
 url = {http://doi.acm.org/10.1145/382153.382973},
 doi = {10.1145/382153.382973},
 acmid = {382973},
 publisher = {ACM},
 address = {New York, NY, USA},
}

@inproceedings{Ertelt:2006:MDE:1150034.1150057,
 author = {Ertelt, Anna and Renkl, Alexander and Spada, Hans},
 title = {Making a Difference: Exploiting the Full Potential of Instructionally Designed On-screen Videos},
 booktitle = {Proceedings of the 7th International Conference on Learning Sciences},
 series = {ICLS '06},
 year = {2006},
 isbn = {0-8058-6174-2},
 location = {Bloomington, Indiana},
 pages = {154--160},
 numpages = {7},
 url = {http://dl.acm.org/citation.cfm?id=1150034.1150057},
 acmid = {1150057},
 publisher = {International Society of the Learning Sciences},
}

@inproceedings{Sweller:2016:CLT:2839509.2844549,
 author = {Sweller, John},
 title = {Cognitive Load Theory and Computer Science Education},
 booktitle = {Proceedings of the 47th ACM Technical Symposium on Computing Science Education},
 series = {SIGCSE '16},
 year = {2016},
 isbn = {978-1-4503-3685-7},
 location = {Memphis, Tennessee, USA},
 pages = {1--1},
 numpages = {1},
 url = {http://doi.acm.org/10.1145/2839509.2844549},
 doi = {10.1145/2839509.2844549},
 acmid = {2844549},
 publisher = {ACM},
 address = {New York, NY, USA},
 keywords = {cognitive load theory, human cognition, instructional design},
}

@inproceedings{Hamilton:2004:ALA:1027933.1027985,
 author = {Hamilton, Eric R.},
 title = {Agent and Library Augmented Shared Knowledge Areas (ALASKA)},
 booktitle = {Proceedings of the 6th International Conference on Multimodal Interfaces},
 series = {ICMI '04},
 year = {2004},
 isbn = {1-58113-995-0},
 location = {State College, PA, USA},
 pages = {317--318},
 numpages = {2},
 url = {http://doi.acm.org/10.1145/1027933.1027985},
 doi = {10.1145/1027933.1027985},
 acmid = {1027985},
 publisher = {ACM},
 address = {New York, NY, USA},
 keywords = {animated agents, applets, collaborative workspace, heterogeneous network, multi-tier system, pedagogical agents},
}

@inproceedings{Cannings:2003:OCF:857097.857101,
 author = {Cannings, Terence and Stager, Gary S.},
 title = {Online Constructionism and the Future of Teacher Education},
 booktitle = {Proceedings of the 3.1 and 3.3 Working Groups Conference on International Federation for Information Processing: ICT and the Teacher of the Future - Volume 23},
 series = {CRPIT '03},
 year = {2003},
 isbn = {1-920682-02-3},
 location = {Melbourne, Australia},
 pages = {13--15},
 numpages = {3},
 url = {http://dl.acm.org/citation.cfm?id=857097.857101},
 acmid = {857101},
 publisher = {Australian Computer Society, Inc.},
 address = {Darlinghurst, Australia, Australia},
 keywords = {E-learning, distance education, distributed learning, online learning},
}

@inproceedings{Schaffner:1996:ETA:1161135.1161247,
 author = {Schaffner, Andrew and Madigan, David},
 title = {Educational Tools for the Advancement of Undergraduate Statistics Education},
 booktitle = {Proceedings of the 1996 International Conference on Learning Sciences},
 series = {ICLS '96},
 year = {1996},
 isbn = {1-880094-23-1},
 location = {Evanston, Illinois},
 pages = {587--588},
 numpages = {2},
 url = {http://dl.acm.org/citation.cfm?id=1161135.1161247},
 acmid = {1161247},
 publisher = {International Society of the Learning Sciences},
}

@article{Feldstein:2002:YRN:566778.566780,
 author = {Feldstein, Michael},
 title = {Do You Really Need Reusability?},
 journal = {eLearn},
 issue_date = {July 2002},
 volume = {2002},
 number = {7},
 month = jul,
 year = {2002},
 issn = {1535-394X},
 pages = {1--},
 url = {http://doi.acm.org/10.1145/566778.566780},
 doi = {10.1145/566778.566780},
 acmid = {566780},
 publisher = {ACM},
 address = {New York, NY, USA},
}

@inproceedings{Pieschl:2008:ESC:1599871.1599898,
 author = {Pieschl, Stephanie and Bromme, Rainer and Porsch, Torsten and Stahl, Elmar},
 title = {Epistemological Sensitisation Causes Deeper Elaboration During Self-regulated Learning},
 booktitle = {Proceedings of the 8th International Conference on International Conference for the Learning Sciences - Volume 2},
 series = {ICLS'08},
 year = {2008},
 location = {Utrecht, The Netherlands},
 pages = {213--220},
 numpages = {8},
 url = {http://dl.acm.org/citation.cfm?id=1599871.1599898},
 acmid = {1599898},
 publisher = {International Society of the Learning Sciences},
}

@inproceedings{Underwood:2006:TIA:1150034.1150221,
 author = {Underwood, Jody S. and Zapata, Diego and Hester, Waverely},
 title = {A Teacher-friendly Interface to Assessment Data},
 booktitle = {Proceedings of the 7th International Conference on Learning Sciences},
 series = {ICLS '06},
 year = {2006},
 isbn = {0-8058-6174-2},
 location = {Bloomington, Indiana},
 pages = {1004--1005},
 numpages = {2},
 url = {http://dl.acm.org/citation.cfm?id=1150034.1150221},
 acmid = {1150221},
 publisher = {International Society of the Learning Sciences},
}

@article{Unger:1976:IAC:382220.382466,
 author = {Unger, E. A. and Ahmed, N.},
 title = {An Instructionally Acceptable Cost Effective Approach to a General Introductory Course},
 journal = {SIGCSE Bull.},
 issue_date = {June 1976},
 volume = {8},
 number = {2},
 month = jun,
 year = {1976},
 issn = {0097-8418},
 pages = {28--31},
 numpages = {4},
 url = {http://doi.acm.org/10.1145/382220.382466},
 doi = {10.1145/382220.382466},
 acmid = {382466},
 publisher = {ACM},
 address = {New York, NY, USA},
}

@inproceedings{Ryan:2010:SCN:1854509.1854728,
 author = {Ryan, Stephanie A. C. and Wink, Donald J.},
 title = {Student Conceptions of Number in Solutions Chemistry},
 booktitle = {Proceedings of the 9th International Conference of the Learning Sciences - Volume 2},
 series = {ICLS '10},
 year = {2010},
 location = {Chicago, Illinois},
 pages = {423--424},
 numpages = {2},
 url = {http://dl.acm.org/citation.cfm?id=1854509.1854728},
 acmid = {1854728},
 publisher = {International Society of the Learning Sciences},
}

@inproceedings{Davis:2011:LGC:2047594.2047600,
 author = {Davis, Donald and Jabeen, Iffat},
 title = {Learning in the GNU/Linux Community},
 booktitle = {Proceedings of the 2011 Conference on Information Technology Education},
 series = {SIGITE '11},
 year = {2011},
 isbn = {978-1-4503-1017-8},
 location = {West Point, New York, USA},
 pages = {21--26},
 numpages = {6},
 url = {http://doi.acm.org/10.1145/2047594.2047600},
 doi = {10.1145/2047594.2047600},
 acmid = {2047600},
 publisher = {ACM},
 address = {New York, NY, USA},
 keywords = {FOSS, GNU/Linux, legitimate peripheral participation},
}

@inproceedings{Dowling:2003:RHT:857097.857108,
 author = {Dowling, Carolyn},
 title = {The Role of the Human Teacher in Learning Environments of the Future},
 booktitle = {Proceedings of the 3.1 and 3.3 Working Groups Conference on International Federation for Information Processing: ICT and the Teacher of the Future - Volume 23},
 series = {CRPIT '03},
 year = {2003},
 isbn = {1-920682-02-3},
 location = {Melbourne, Australia},
 pages = {37--38},
 numpages = {2},
 url = {http://dl.acm.org/citation.cfm?id=857097.857108},
 acmid = {857108},
 publisher = {Australian Computer Society, Inc.},
 address = {Darlinghurst, Australia, Australia},
 keywords = {agent software, learning environments, online learning, role of the teacher},
}

@inproceedings{Bart:2019:POI:3287324.3287428,
 author = {Bart, Austin Cory and Sarver, Allie and Friend, Michael and Cox II, Larry},
 title = {PythonSneks: An Open-Source, Instructionally-Designed Introductory Curriculum with Action-Design Research},
 booktitle = {Proceedings of the 50th ACM Technical Symposium on Computer Science Education},
 series = {SIGCSE '19},
 year = {2019},
 isbn = {978-1-4503-5890-3},
 location = {Minneapolis, MN, USA},
 pages = {307--313},
 numpages = {7},
 url = {http://doi.acm.org/10.1145/3287324.3287428},
 doi = {10.1145/3287324.3287428},
 acmid = {3287428},
 publisher = {ACM},
 address = {New York, NY, USA},
 keywords = {instructional design, open curriculum, python},
}

@inproceedings{Berland:2010:AGD:1854509.1854674,
 author = {Berland, Leema K. and Lee, Victor R.},
 title = {Anomalous Graph Data and Claim Revision During Argumentation},
 booktitle = {Proceedings of the 9th International Conference of the Learning Sciences - Volume 2},
 series = {ICLS '10},
 year = {2010},
 location = {Chicago, Illinois},
 pages = {314--315},
 numpages = {2},
 url = {http://dl.acm.org/citation.cfm?id=1854509.1854674},
 acmid = {1854674},
 publisher = {International Society of the Learning Sciences},
}

@article{Taylor:2014:LWI:2591688.2591615,
 author = {Taylor, Ann},
 title = {A Look at Web-based Instruction Today: An Interview with Badrul Khan, Part 2},
 journal = {eLearn},
 issue_date = {03-01-2014},
 volume = {2014},
 number = {3},
 month = mar,
 year = {2014},
 issn = {1535-394X},
 articleno = {2},
 url = {http://doi.acm.org/10.1145/2591688.2591615},
 doi = {10.1145/2591688.2591615},
 acmid = {2591615},
 publisher = {ACM},
 address = {New York, NY, USA},
}

@inproceedings{Larson:2016:UYC:2987592.2987603,
 author = {Larson, Brian and Hart-Davidson, William and Walker, Kenneth C. and Walls, Douglas M. and Omizo, Ryan},
 title = {Use What You Choose: Applying Computational Methods to Genre Studies in Technical Communication},
 booktitle = {Proceedings of the 34th ACM International Conference on the Design of Communication},
 series = {SIGDOC '16},
 year = {2016},
 isbn = {978-1-4503-4495-1},
 location = {Silver Spring, MD, USA},
 pages = {8:1--8:8},
 articleno = {8},
 numpages = {8},
 url = {http://doi.acm.org/10.1145/2987592.2987603},
 doi = {10.1145/2987592.2987603},
 acmid = {2987603},
 publisher = {ACM},
 address = {New York, NY, USA},
 keywords = {Genre Theory, Natural Language Processing, Technical Communication, User Experience, Web Application Design},
}

@article{Hawthorne:2019:STS:3329103.3329104,
 author = {Hawthorne, Elizabeth K. and P{\'e}rez-Qui\~{n}ones, Manuel A. and Heckman, Sarah and Zhang, Jian},
 title = {SIGCSE Technical Symposium 2019 Report},
 journal = {SIGCSE Bull.},
 issue_date = {April 2019},
 volume = {51},
 number = {2},
 month = apr,
 year = {2019},
 issn = {0097-8418},
 pages = {2--4},
 numpages = {3},
 url = {http://doi.acm.org/10.1145/3329103.3329104},
 doi = {10.1145/3329103.3329104},
 acmid = {3329104},
 publisher = {ACM},
 address = {New York, NY, USA},
}

@article{Thackaberry:2011:SSW:1999651.1999659,
 author = {Thackaberry, A. Sasha},
 title = {Staying Sane While Creating Online or Hybrid Courses by Committee},
 journal = {eLearn},
 issue_date = {May 2011},
 volume = {2011},
 number = {5},
 month = may,
 year = {2011},
 issn = {1535-394X},
 articleno = {8},
 url = {http://doi.acm.org/10.1145/1999651.1999659},
 doi = {10.1145/1999651.1999659},
 acmid = {1999659},
 publisher = {ACM},
 address = {New York, NY, USA},
}

@inproceedings{Calhoun:1987:SSH:41866.41917,
 author = {Calhoun, James},
 title = {Support Services for a Heterogeneous Environment},
 booktitle = {Proceedings of the 15th Annual ACM SIGUCCS Conference on User Services},
 series = {SIGUCCS '87},
 year = {1987},
 isbn = {0-89791-241-1},
 location = {Kansas City, Missouri, USA},
 pages = {287--291},
 numpages = {5},
 url = {http://doi.acm.org/10.1145/41866.41917},
 doi = {10.1145/41866.41917},
 acmid = {41917},
 publisher = {ACM},
 address = {New York, NY, USA},
}

@inproceedings{Cakir:2007:OCM:1599600.1599619,
 author = {\c{C}akir, Murat Perit and Zemel, Alan and Stahl, Gerry},
 title = {The Organization of Collaborative Math Problem Solving Activities Across Dual Interaction Spaces},
 booktitle = {Proceedings of the 8th Iternational Conference on Computer Supported Collaborative Learning},
 series = {CSCL'07},
 year = {2007},
 isbn = {978-0-6151-5436-7},
 location = {New Brunswick, New Jersey, USA},
 pages = {105--107},
 numpages = {3},
 url = {http://dl.acm.org/citation.cfm?id=1599600.1599619},
 acmid = {1599619},
 publisher = {International Society of the Learning Sciences},
 keywords = {dual interaction spaces, interaction analysis, shared representations},
}

@article{Fadde:2008:PVL:1373281.1373283,
 author = {Fadde, Peter J.},
 title = {Producing Video Learning Objects for e-Learning},
 journal = {eLearn},
 issue_date = {April 2008},
 volume = {2008},
 number = {4},
 month = apr,
 year = {2008},
 issn = {1535-394X},
 pages = {1:1--1:1},
 articleno = {1},
 numpages = {1},
 url = {http://doi.acm.org/10.1145/1373281.1373283},
 doi = {10.1145/1373281.1373283},
 acmid = {1373283},
 publisher = {ACM},
 address = {New York, NY, USA},
}

@article{Richardson:2000:JHC:348429.348448,
 author = {Richardson, Marjorie},
 title = {Jim Higgins, Caldera Training},
 journal = {Linux J.},
 issue_date = {Mar. 2000},
 volume = {2000},
 number = {71es},
 month = mar,
 year = {2000},
 issn = {1075-3583},
 articleno = {4},
 url = {http://dl.acm.org/citation.cfm?id=348429.348448},
 acmid = {348448},
 publisher = {Belltown Media},
 address = {Houston, TX},
}

@article{Bunderson:1971:IPC:965872.965877,
 author = {Bunderson, C. Victor},
 title = {Instructional Psychology and Computer Science},
 journal = {SIGCUE Outlook},
 issue_date = {August 1971},
 volume = {5},
 number = {4},
 month = aug,
 year = {1971},
 issn = {0163-5735},
 pages = {175--182},
 numpages = {8},
 url = {http://doi.acm.org/10.1145/965872.965877},
 doi = {10.1145/965872.965877},
 acmid = {965877},
 publisher = {ACM},
 address = {New York, NY, USA},
}

@article{Bean:2011:ATC:1999742.1999745,
 author = {Bean, Cammy},
 title = {Avoiding the Trap of Clicky-Clicky Bling-Bling: (Part 1 of 2)},
 journal = {eLearn},
 issue_date = {June 2011},
 volume = {2011},
 number = {6},
 month = jun,
 year = {2011},
 issn = {1535-394X},
 articleno = {2},
 url = {http://doi.acm.org/10.1145/1999742.1999745},
 doi = {10.1145/1999742.1999745},
 acmid = {1999745},
 publisher = {ACM},
 address = {New York, NY, USA},
}

@inproceedings{Klassen:1975:CS:800181.810353,
 author = {Klassen, Daniel L.},
 title = {Computer Simulations},
 booktitle = {Proceedings of the 1975 Annual Conference},
 series = {ACM '75},
 year = {1975},
 pages = {308--310},
 numpages = {3},
 url = {http://doi.acm.org/10.1145/800181.810353},
 doi = {10.1145/800181.810353},
 acmid = {810353},
 publisher = {ACM},
 address = {New York, NY, USA},
}

@article{Stone:1989:UCG:74091.74100,
 author = {Stone, D. C.},
 title = {Using Cumulative Graphic Traces in the Visualization of Sorting Algorithms},
 journal = {SIGCSE Bull.},
 issue_date = {Dec. 1989},
 volume = {21},
 number = {4},
 month = dec,
 year = {1989},
 issn = {0097-8418},
 pages = {37--42},
 numpages = {6},
 url = {http://doi.acm.org/10.1145/74091.74100},
 doi = {10.1145/74091.74100},
 acmid = {74100},
 publisher = {ACM},
 address = {New York, NY, USA},
}

@article{Mason:2006:YYC:1127351.1127368,
 author = {Mason, John and Morrow, Robert Mc},
 title = {YACLD: Yet Another Computer Literacy Definition},
 journal = {J. Comput. Sci. Coll.},
 issue_date = {May 2006},
 volume = {21},
 number = {5},
 month = may,
 year = {2006},
 issn = {1937-4771},
 pages = {94--100},
 numpages = {7},
 url = {http://dl.acm.org/citation.cfm?id=1127351.1127368},
 acmid = {1127368},
 publisher = {Consortium for Computing Sciences in Colleges},
 address = {USA},
}

@inproceedings{Han:2014:SSL:2559206.2581204,
 author = {Han, Cheng-Hsien and Yang, Chi-Lan and Wang, Hao-Chuan},
 title = {Supporting Second Language Reading with Picture Note-taking},
 booktitle = {CHI '14 Extended Abstracts on Human Factors in Computing Systems},
 series = {CHI EA '14},
 year = {2014},
 isbn = {978-1-4503-2474-8},
 location = {Toronto, Ontario, Canada},
 pages = {2245--2250},
 numpages = {6},
 url = {http://doi.acm.org/10.1145/2559206.2581204},
 doi = {10.1145/2559206.2581204},
 acmid = {2581204},
 publisher = {ACM},
 address = {New York, NY, USA},
 keywords = {reading support, second language reading and learning, visualization},
}

@article{Burns:2010:HTU:1858579.1865476,
 author = {Burns, Mary},
 title = {How to Help Teachers Use Technology in the Classroom: The 5J Approach},
 journal = {eLearn},
 issue_date = {September 2010},
 volume = {2010},
 number = {9},
 month = sep,
 year = {2010},
 issn = {1535-394X},
 articleno = {4},
 url = {http://doi.acm.org/10.1145/1858579.1865476},
 doi = {10.1145/1858579.1865476},
 acmid = {1865476},
 publisher = {ACM},
 address = {New York, NY, USA},
}

@inproceedings{Butcher:2011:GSI:1998076.1998136,
 author = {Butcher, Kirsten R. and Davies, Sarah and Crockett, Ashley and Dewald, Aaron and Zheng, Robert},
 title = {Do Graphical Search Interfaces Support Effective Search for and Evaluation of Digital Library Resources},
 booktitle = {Proceedings of the 11th Annual International ACM/IEEE Joint Conference on Digital Libraries},
 series = {JCDL '11},
 year = {2011},
 isbn = {978-1-4503-0744-4},
 location = {Ottawa, Ontario, Canada},
 pages = {315--324},
 numpages = {10},
 url = {http://doi.acm.org/10.1145/1998076.1998136},
 doi = {10.1145/1998076.1998136},
 acmid = {1998136},
 publisher = {ACM},
 address = {New York, NY, USA},
 keywords = {digital resources, preservice teachers, resource evaluation},
}

@inproceedings{Metz:2010:SCU:1854360.1854411,
 author = {Metz, Kathleen E.},
 title = {Scaffolding Children's Understanding of the Fit Between Organisms and Their Environment in the Context of the Practices of Science},
 booktitle = {Proceedings of the 9th International Conference of the Learning Sciences - Volume 1},
 series = {ICLS '10},
 year = {2010},
 location = {Chicago, Illinois},
 pages = {396--403},
 numpages = {8},
 url = {http://dl.acm.org/citation.cfm?id=1854360.1854411},
 acmid = {1854411},
 publisher = {International Society of the Learning Sciences},
}

@inproceedings{Schworm:2008:HDC:1599871.1599911,
 author = {Schworm, Silke and Bradler, Pia and Renkl, Alexander},
 title = {Help Design in a Computer-based Learning Environment Teaching Argumentation Skills Through the Use of Double-content-examples},
 booktitle = {Proceedings of the 8th International Conference on International Conference for the Learning Sciences - Volume 2},
 series = {ICLS'08},
 year = {2008},
 location = {Utrecht, The Netherlands},
 pages = {319--326},
 numpages = {8},
 url = {http://dl.acm.org/citation.cfm?id=1599871.1599911},
 acmid = {1599911},
 publisher = {International Society of the Learning Sciences},
}

@inproceedings{Becker:2007:IER:1328202.1328224,
 author = {Becker, Katrin},
 title = {Instructional Ethology: Reverse Engineering for Serious Design of Educational Games},
 booktitle = {Proceedings of the 2007 Conference on Future Play},
 series = {Future Play '07},
 year = {2007},
 isbn = {978-1-59593-943-2},
 location = {Toronto, Canada},
 pages = {121--128},
 numpages = {8},
 url = {http://doi.acm.org/10.1145/1328202.1328224},
 doi = {10.1145/1328202.1328224},
 acmid = {1328224},
 publisher = {ACM},
 address = {New York, NY, USA},
 keywords = {cognition, direct manipulation, education, human-computer interaction, learning, learnware, reflection},
}

@inproceedings{Helps:2006:IDT:1168812.1168845,
 author = {Helps, C. Richard G.},
 title = {Instructional Design Theory Provides Insights into Evolving Information Technology Technical Curricula},
 booktitle = {Proceedings of the 7th Conference on Information Technology Education},
 series = {SIGITE '06},
 year = {2006},
 isbn = {1-59593-521-5},
 location = {Minneapolis, Minnesota, USA},
 pages = {129--134},
 numpages = {6},
 url = {http://doi.acm.org/10.1145/1168812.1168845},
 doi = {10.1145/1168812.1168845},
 acmid = {1168845},
 publisher = {ACM},
 address = {New York, NY, USA},
 keywords = {Moore's law, UML, curriculum design, instructional design theory, learning theory, technology evolution},
}

@inproceedings{Sutter:2002:IA:1658616.1658622,
 author = {Sutter, Berthel},
 title = {Instructional Artifacts},
 booktitle = {Proceedings of the Conference on Computer Support for Collaborative Learning: Foundations for a CSCL Community},
 series = {CSCL '02},
 year = {2002},
 location = {Boulder, Colorado},
 pages = {33--42},
 numpages = {10},
 url = {http://dl.acm.org/citation.cfm?id=1658616.1658622},
 acmid = {1658622},
 publisher = {International Society of the Learning Sciences},
 keywords = {activity-theoretical approach, artifact, collaborative work, coronary diagnostics, instruction},
}

@inproceedings{Carney-Morris:2001:PSE:500956.500962,
 author = {Carney-Morris, Miranda and McNamara, Mike},
 title = {How to Provide Something for Everyone Without Going Insane},
 booktitle = {Proceedings of the 29th Annual ACM SIGUCCS Conference on User Services},
 series = {SIGUCCS '01},
 year = {2001},
 isbn = {1-58113-382-0},
 location = {Portland, Oregon, USA},
 pages = {15--18},
 numpages = {4},
 url = {http://doi.acm.org/10.1145/500956.500962},
 doi = {10.1145/500956.500962},
 acmid = {500962},
 publisher = {ACM},
 address = {New York, NY, USA},
 keywords = {faculty development, technology training},
}

@inproceedings{Goumopoulos:2017:LSE:3136907.3136942,
 author = {Goumopoulos, Christos and Xanos, Nikolaos and Kameas, Achilles},
 title = {Leveraging STEM Education via UMI Technologies},
 booktitle = {Proceedings of the 16th World Conference on Mobile and Contextual Learning},
 series = {mLearn 2017},
 year = {2017},
 isbn = {978-1-4503-5255-0},
 location = {Larnaca, Cyprus},
 pages = {11:1--11:4},
 articleno = {11},
 numpages = {4},
 url = {http://doi.acm.org/10.1145/3136907.3136942},
 doi = {10.1145/3136907.3136942},
 acmid = {3136942},
 publisher = {ACM},
 address = {New York, NY, USA},
 keywords = {Internet of Things, STEM education, UMI technologies},
}

@inproceedings{Adcock:2008:DES:1400549.1400677,
 author = {Adcock, Amy B. and Watson, Ginger S. and Morrison, Gary R. and Belfore, Lee A.},
 title = {The Design of an Electronic Self-regulation Skill Notebook for the Development of Meta-cognitive Strategies and Self-assessment in Digital Game-based Learning Environments},
 booktitle = {Proceedings of the 2008 Spring Simulation Multiconference},
 series = {SpringSim '08},
 year = {2008},
 isbn = {1-56555-319-5},
 location = {Ottawa, Canada},
 pages = {797--801},
 numpages = {5},
 url = {http://dl.acm.org/citation.cfm?id=1400549.1400677},
 acmid = {1400677},
 publisher = {Society for Computer Simulation International},
 address = {San Diego, CA, USA},
 keywords = {game-based learning, implementation, metacognition, self-regulated learning, tool development},
}

@article{Leonard:1991:USE:122697.122700,
 author = {Leonard, James R.},
 title = {Using a Software Engineering Approach to CS1: A Comparative Study of Student Performance},
 journal = {SIGCSE Bull.},
 issue_date = {Dec. 1991},
 volume = {23},
 number = {4},
 month = nov,
 year = {1991},
 issn = {0097-8418},
 pages = {23--26},
 numpages = {4},
 url = {http://doi.acm.org/10.1145/122697.122700},
 doi = {10.1145/122697.122700},
 acmid = {122700},
 publisher = {ACM},
 address = {New York, NY, USA},
}

@inproceedings{Podleschny:2008:PUS:1517744.1517749,
 author = {Podleschny, Nicole},
 title = {Playing Urban Sustainability: The Ecology of a Simulation Game},
 booktitle = {Proceedings of the 20th Australasian Conference on Computer-Human Interaction: Designing for Habitus and Habitat},
 series = {OZCHI '08},
 year = {2008},
 isbn = {0-9803063-4-5},
 location = {Cairns, Australia},
 pages = {231--234},
 numpages = {4},
 url = {http://doi.acm.org/10.1145/1517744.1517749},
 doi = {10.1145/1517744.1517749},
 acmid = {1517749},
 publisher = {ACM},
 address = {New York, NY, USA},
 keywords = {computer game studies, ethnography, learning, sustainability},
}

@article{Moursund:1976:CSE:952989.803443,
 author = {Moursund, David and Neill, Mike},
 title = {Computer Science for Elementary School Teachers},
 journal = {SIGCSE Bull.},
 issue_date = {February 1976},
 volume = {8},
 number = {1},
 month = feb,
 year = {1976},
 issn = {0097-8418},
 pages = {24--28},
 numpages = {5},
 url = {http://doi.acm.org/10.1145/952989.803443},
 doi = {10.1145/952989.803443},
 acmid = {803443},
 publisher = {ACM},
 address = {New York, NY, USA},
}

@article{Moursund:1976:CSE:953026.803443,
 author = {Moursund, David and Neill, Mike},
 title = {Computer Science for Elementary School Teachers},
 journal = {SIGCUE Outlook},
 issue_date = {February 1976},
 volume = {10},
 number = {SI},
 month = feb,
 year = {1976},
 issn = {0163-5735},
 pages = {24--28},
 numpages = {5},
 url = {http://doi.acm.org/10.1145/953026.803443},
 doi = {10.1145/953026.803443},
 acmid = {803443},
 publisher = {ACM},
 address = {New York, NY, USA},
}

@inproceedings{Moursund:1976:CSE:800107.803443,
 author = {Moursund, David and Neill, Mike},
 title = {Computer Science for Elementary School Teachers},
 booktitle = {Proceedings of the ACM SIGCSE-SIGCUE Technical Symposium on Computer Science and Education},
 series = {SIGCSE '76},
 year = {1976},
 pages = {24--28},
 numpages = {5},
 url = {http://doi.acm.org/10.1145/800107.803443},
 doi = {10.1145/800107.803443},
 acmid = {803443},
 publisher = {ACM},
 address = {New York, NY, USA},
}

@inproceedings{Tortora:2002:MLM:568760.568856,
 author = {Tortora, Genoveffa and Sebillo, Monica and Vitiello, Giuliana and D'Ambrosio, Pietro},
 title = {A Multilevel Learning Management System},
 booktitle = {Proceedings of the 14th International Conference on Software Engineering and Knowledge Engineering},
 series = {SEKE '02},
 year = {2002},
 isbn = {1-58113-556-4},
 location = {Ischia, Italy},
 pages = {541--547},
 numpages = {7},
 url = {http://doi.acm.org/10.1145/568760.568856},
 doi = {10.1145/568760.568856},
 acmid = {568856},
 publisher = {ACM},
 address = {New York, NY, USA},
 keywords = {advanced visual interfaces, authoring environments, learning management systems, multimedia content},
}

@inproceedings{Pimentel:2005:ACO:1149293.1149357,
 author = {Pimentel, Mariano and Gerosa, Marco Aur{\'e}lio and Fuks, Hugo and de Lucena, Carlos Jos{\'e} Pereira},
 title = {Assessment of Collaboration in Online Courses},
 booktitle = {Proceedings of th 2005 Conference on Computer Support for Collaborative Learning: Learning 2005: The Next 10 Years!},
 series = {CSCL '05},
 year = {2005},
 isbn = {0-8058-5782-6},
 location = {Taipei, Taiwan},
 pages = {494--498},
 numpages = {5},
 url = {http://dl.acm.org/citation.cfm?id=1149293.1149357},
 acmid = {1149357},
 publisher = {International Society of the Learning Sciences},
 keywords = {assessment, collaboration, distance education},
}

@inproceedings{Rutherfoord:2016:TEN:2978192.2978228,
 author = {Rutherfoord, Rebecca and Peltsverger, Svetlana and Li, Lei and Zheng, Guangzhi and Rutherfoord, James},
 title = {Transforming IT Education with No-Cost Learning Materials},
 booktitle = {Proceedings of the 17th Annual Conference on Information Technology Education},
 series = {SIGITE '16},
 year = {2016},
 isbn = {978-1-4503-4452-4},
 location = {Boston, Massachusetts, USA},
 pages = {7--11},
 numpages = {5},
 url = {http://doi.acm.org/10.1145/2978192.2978228},
 doi = {10.1145/2978192.2978228},
 acmid = {2978228},
 publisher = {ACM},
 address = {New York, NY, USA},
 keywords = {database courses, no-cost learning resources, textbook costs},
}

@inproceedings{Jung-Gribble:1987:IDC:41866.41875,
 author = {Jung-Gribble, Diane},
 title = {Instructional Development of Computer Workshops at Indiana University},
 booktitle = {Proceedings of the 15th Annual ACM SIGUCCS Conference on User Services},
 series = {SIGUCCS '87},
 year = {1987},
 isbn = {0-89791-241-1},
 location = {Kansas City, Missouri, USA},
 pages = {47--53},
 numpages = {7},
 url = {http://doi.acm.org/10.1145/41866.41875},
 doi = {10.1145/41866.41875},
 acmid = {41875},
 publisher = {ACM},
 address = {New York, NY, USA},
}

@article{Ames:2018:HCC:3290265.3274287,
 author = {Ames, Morgan G.},
 title = {Hackers, Computers, and Cooperation: A Critical History of Logo and Constructionist Learning},
 journal = {Proc. ACM Hum.-Comput. Interact.},
 issue_date = {November 2018},
 volume = {2},
 number = {CSCW},
 month = nov,
 year = {2018},
 issn = {2573-0142},
 pages = {18:1--18:19},
 articleno = {18},
 numpages = {19},
 url = {http://doi.acm.org/10.1145/3274287},
 doi = {10.1145/3274287},
 acmid = {3274287},
 publisher = {ACM},
 address = {New York, NY, USA},
 keywords = {ai, constructionism, education, fablabs, hackers, ideology, learning, logo, maker movement, media lab, mindstorms, mit, olpc, piaget, robotics, scaffolding, school, scratch, seymour papert, teachers},
}

@proceedings{Makedon:2008:1389586,
 editor = {Makedon, Fillia and Baillie, Lynne and Pantziou, Grammati and Maglogiannis, Ilias},
 title = {PETRA '08: Proceedings of the 1st International Conference on PErvasive Technologies Related to Assistive Environments},
 year = {2008},
 isbn = {978-1-60558-067-8},
 location = {Athens, Greece},
 publisher = {ACM},
 address = {New York, NY, USA},
}

@article{Taylor:2014:LWI:2578511.2590180,
 author = {Taylor, Ann},
 title = {A Look at Web-based Instruction Today: An Interview with Badrul Khan, Part 1},
 journal = {eLearn},
 issue_date = {02-01-2014},
 volume = {2014},
 number = {2},
 month = feb,
 year = {2014},
 issn = {1535-394X},
 articleno = {5},
 url = {http://doi.acm.org/10.1145/2578511.2590180},
 doi = {10.1145/2578511.2590180},
 acmid = {2590180},
 publisher = {ACM},
 address = {New York, NY, USA},
}

@inproceedings{Meng:2019:APC:3318396.3318403,
 author = {Meng, Xiao Long},
 title = {Analysis and Prediction of CET4 Score Based on RNN},
 booktitle = {Proceedings of the 2019 8th International Conference on Educational and Information Technology},
 series = {ICEIT 2019},
 year = {2019},
 isbn = {978-1-4503-6267-2},
 location = {Cambridge, United Kingdom},
 pages = {12--16},
 numpages = {5},
 url = {http://doi.acm.org/10.1145/3318396.3318403},
 doi = {10.1145/3318396.3318403},
 acmid = {3318403},
 publisher = {ACM},
 address = {New York, NY, USA},
 keywords = {Analysis, CET4, Educational Data Mining, Prediction, Recurrent Neural Network},
}

@article{Naps:1999:UVT:384266.299767,
 author = {Naps, Thomas L. and Chan, Eric E.},
 title = {Using Visualization to Teach Parallel Algorithms},
 journal = {SIGCSE Bull.},
 issue_date = {March 1999},
 volume = {31},
 number = {1},
 month = mar,
 year = {1999},
 issn = {0097-8418},
 pages = {232--236},
 numpages = {5},
 url = {http://doi.acm.org/10.1145/384266.299767},
 doi = {10.1145/384266.299767},
 acmid = {299767},
 publisher = {ACM},
 address = {New York, NY, USA},
}

@inproceedings{Naps:1999:UVT:299649.299767,
 author = {Naps, Thomas L. and Chan, Eric E.},
 title = {Using Visualization to Teach Parallel Algorithms},
 booktitle = {The Proceedings of the Thirtieth SIGCSE Technical Symposium on Computer Science Education},
 series = {SIGCSE '99},
 year = {1999},
 isbn = {1-58113-085-6},
 location = {New Orleans, Louisiana, USA},
 pages = {232--236},
 numpages = {5},
 url = {http://doi.acm.org/10.1145/299649.299767},
 doi = {10.1145/299649.299767},
 acmid = {299767},
 publisher = {ACM},
 address = {New York, NY, USA},
}

@article{Mitchell:1979:ASC:953030.809541,
 author = {Mitchell, William},
 title = {Another Approach to Service Courses},
 journal = {SIGCSE Bull.},
 issue_date = {February 1979},
 volume = {11},
 number = {1},
 month = jan,
 year = {1979},
 issn = {0097-8418},
 pages = {6--9},
 numpages = {4},
 url = {http://doi.acm.org/10.1145/953030.809541},
 doi = {10.1145/953030.809541},
 acmid = {809541},
 publisher = {ACM},
 address = {New York, NY, USA},
}

@inproceedings{Mitchell:1979:ASC:800126.809541,
 author = {Mitchell, William},
 title = {Another Approach to Service Courses},
 booktitle = {Proceedings of the Tenth SIGCSE Technical Symposium on Computer Science Education},
 series = {SIGCSE '79},
 year = {1979},
 pages = {6--9},
 numpages = {4},
 url = {http://doi.acm.org/10.1145/800126.809541},
 doi = {10.1145/800126.809541},
 acmid = {809541},
 publisher = {ACM},
 address = {New York, NY, USA},
}

@article{Deden:1998:CSC:268092.268116,
 author = {Deden, Ann},
 title = {Computers and Systemic Change in Higher Education},
 journal = {Commun. ACM},
 issue_date = {Jan. 1998},
 volume = {41},
 number = {1},
 month = jan,
 year = {1998},
 issn = {0001-0782},
 pages = {58--63},
 numpages = {6},
 url = {http://doi.acm.org/10.1145/268092.268116},
 doi = {10.1145/268092.268116},
 acmid = {268116},
 publisher = {ACM},
 address = {New York, NY, USA},
}

@inproceedings{Muratsu:2014:SMH:2593968.2610460,
 author = {Muratsu, Keita and Ishiyama, Ayako and Kusunoki, Fusako and Inagaki, Shigenori and Terano, Takao},
 title = {StampOn in a Museum: Helping Children's Scientific Inquiry},
 booktitle = {Proceedings of the 2014 Conference on Interaction Design and Children},
 series = {IDC '14},
 year = {2014},
 isbn = {978-1-4503-2272-0},
 location = {Aarhus, Denmark},
 pages = {233--236},
 numpages = {4},
 url = {http://doi.acm.org/10.1145/2593968.2610460},
 doi = {10.1145/2593968.2610460},
 acmid = {2610460},
 publisher = {ACM},
 address = {New York, NY, USA},
 keywords = {mobile device, museum, scientific inquiry, tangible},
}

@inproceedings{Oja:2010:DCI:1753846.1754059,
 author = {Oja, Mari-Klara},
 title = {Designing for Collaboration: Improving Usability of Complex Software Systems},
 booktitle = {CHI '10 Extended Abstracts on Human Factors in Computing Systems},
 series = {CHI EA '10},
 year = {2010},
 isbn = {978-1-60558-930-5},
 location = {Atlanta, Georgia, USA},
 pages = {3799--3804},
 numpages = {6},
 url = {http://doi.acm.org/10.1145/1753846.1754059},
 doi = {10.1145/1753846.1754059},
 acmid = {1754059},
 publisher = {ACM},
 address = {New York, NY, USA},
 keywords = {complex software systems, human-computer collaboration, usability},
}

@inproceedings{Guzdial:1995:LSD:225434.225450,
 author = {Guzdial, Mark and Kafai, Yasmin B. and Carroll, John M. and Fischer, Gerhard and Schank, Roger and Soloway, Elliot},
 title = {Learner-centered System Design: HCI Perspective for the Future},
 booktitle = {Proceedings of the 1st Conference on Designing Interactive Systems: Processes, Practices, Methods, \& Techniques},
 series = {DIS '95},
 year = {1995},
 isbn = {0-89791-673-5},
 location = {Ann Arbor, Michigan, USA},
 pages = {143--147},
 numpages = {5},
 url = {http://doi.acm.org/10.1145/225434.225450},
 doi = {10.1145/225434.225450},
 acmid = {225450},
 publisher = {ACM},
 address = {New York, NY, USA},
}

@inproceedings{Agrawal:2014:FVP:2593968.2610490,
 author = {Agrawal, Harshit and Jain, Rishika and Kumar, Prabhat and Yammiyavar, Pradeep},
 title = {FabCode: Visual Programming Environment for Digital Fabrication},
 booktitle = {Proceedings of the 2014 Conference on Interaction Design and Children},
 series = {IDC '14},
 year = {2014},
 isbn = {978-1-4503-2272-0},
 location = {Aarhus, Denmark},
 pages = {353--356},
 numpages = {4},
 url = {http://doi.acm.org/10.1145/2593968.2610490},
 doi = {10.1145/2593968.2610490},
 acmid = {2610490},
 publisher = {ACM},
 address = {New York, NY, USA},
 keywords = {3d modeling, blockly, computational thinking, constructionism, digital fabrication, visual programming},
}

@article{Clear:2010:DYT:1805724.1805737,
 author = {Clear, Tony},
 title = {Diagnosing Your Teaching Style: How Interactive Are You?},
 journal = {ACM Inroads},
 issue_date = {June 2010},
 volume = {1},
 number = {2},
 month = jun,
 year = {2010},
 issn = {2153-2184},
 pages = {34--41},
 numpages = {8},
 url = {http://doi.acm.org/10.1145/1805724.1805737},
 doi = {10.1145/1805724.1805737},
 acmid = {1805737},
 publisher = {ACM},
 address = {New York, NY, USA},
 keywords = {CS education research, IS education research, interactive learning systems, pedagogy},
}

@inproceedings{Murray:1996:SPO:1161135.1161167,
 author = {Murray, Tom},
 title = {Special Purpose Ontologies and the Representation of Pedagogical Knowledge},
 booktitle = {Proceedings of the 1996 International Conference on Learning Sciences},
 series = {ICLS '96},
 year = {1996},
 isbn = {1-880094-23-1},
 location = {Evanston, Illinois},
 pages = {235--242},
 numpages = {8},
 url = {http://dl.acm.org/citation.cfm?id=1161135.1161167},
 acmid = {1161167},
 publisher = {International Society of the Learning Sciences},
}

@inproceedings{Sami:2000:PEE:602902.603015,
 author = {Sami, Mariagiovanna and Sciuto, Donatella and Sciuto, Donatella and Silvano, Cristina and Zaccaria, Vittorio},
 title = {Power Exploration for Embedded VLIW Architectures},
 booktitle = {Proceedings of the 2000 IEEE/ACM International Conference on Computer-aided Design},
 series = {ICCAD '00},
 year = {2000},
 isbn = {0-7803-6448-1},
 location = {San Jose, California},
 pages = {498--503},
 numpages = {6},
 url = {http://dl.acm.org/citation.cfm?id=602902.603015},
 acmid = {603015},
 publisher = {IEEE Press},
 address = {Piscataway, NJ, USA},
}

@inproceedings{Vahey:2004:LHI:1149126.1149194,
 author = {Vahey, Phil and Tatar, Deborah and Roschelle, Jeremy},
 title = {Leveraging Handhelds to Increase Student Learning: Engaging Middle School Students with the Mathematics of Change},
 booktitle = {Proceedings of the 6th International Conference on Learning Sciences},
 series = {ICLS '04},
 year = {2004},
 location = {Santa Monica, California},
 pages = {553--560},
 numpages = {8},
 url = {http://dl.acm.org/citation.cfm?id=1149126.1149194},
 acmid = {1149194},
 publisher = {International Society of the Learning Sciences},
}

@inproceedings{Mendes:2011:CTT:2071423.2071438,
 author = {Mendes, Laetitia and Rom\~{a}o, Teresa},
 title = {Children As Teachers: A Tangible Approach},
 booktitle = {Proceedings of the 8th International Conference on Advances in Computer Entertainment Technology},
 series = {ACE '11},
 year = {2011},
 isbn = {978-1-4503-0827-4},
 location = {Lisbon, Portugal},
 pages = {12:1--12:6},
 articleno = {12},
 numpages = {6},
 url = {http://doi.acm.org/10.1145/2071423.2071438},
 doi = {10.1145/2071423.2071438},
 acmid = {2071438},
 publisher = {ACM},
 address = {New York, NY, USA},
 keywords = {children interaction, educational games, tangible interfaces},
}

@inproceedings{Lauwers:2010:SCO:1734263.1734370,
 author = {Lauwers, Tom and Hamner, Emily and Nourbakhsh, Illah},
 title = {A Strategy for Collaborative Outreach: Lessons from the CSbots Project},
 booktitle = {Proceedings of the 41st ACM Technical Symposium on Computer Science Education},
 series = {SIGCSE '10},
 year = {2010},
 isbn = {978-1-4503-0006-3},
 location = {Milwaukee, Wisconsin, USA},
 pages = {315--319},
 numpages = {5},
 url = {http://doi.acm.org/10.1145/1734263.1734370},
 doi = {10.1145/1734263.1734370},
 acmid = {1734370},
 publisher = {ACM},
 address = {New York, NY, USA},
 keywords = {computer programming, csbots, high school, outreach, participatory design, robotics, teacher training, workshop},
}

@inproceedings{Toprani:2016:CAC:3003397.3003407,
 author = {Toprani, Dhvani and Yan, Shulong and Borge, Marcela},
 title = {A Comparative Analysis of the Collaboration Process Across Different Technologies},
 booktitle = {Proceedings of the 6th Annual Conference on Creativity and Fabrication in Education},
 series = {FabLearn '16},
 year = {2016},
 isbn = {978-1-4503-4802-7},
 location = {Stanford, CA, USA},
 pages = {66--69},
 numpages = {4},
 url = {http://doi.acm.org/10.1145/3003397.3003407},
 doi = {10.1145/3003397.3003407},
 acmid = {3003407},
 publisher = {ACM},
 address = {New York, NY, USA},
 keywords = {Collaboration, comparison analysis, interaction, technology},
}

@inproceedings{Harpstead:2019:ESA:3303772.3303797,
 author = {Harpstead, Erik and Richey, J. Elizabeth and Nguyen, Huy and McLaren, Bruce M.},
 title = {Exploring the Subtleties of Agency and Indirect Control in Digital Learning Games},
 booktitle = {Proceedings of the 9th International Conference on Learning Analytics \& Knowledge},
 series = {LAK19},
 year = {2019},
 isbn = {978-1-4503-6256-6},
 location = {Tempe, AZ, USA},
 pages = {121--129},
 numpages = {9},
 url = {http://doi.acm.org/10.1145/3303772.3303797},
 doi = {10.1145/3303772.3303797},
 acmid = {3303797},
 publisher = {ACM},
 address = {New York, NY, USA},
 keywords = {Digital learning games, agency, indirect control, self-regulated learning},
}

@inproceedings{Barnes:2008:GIM:1463673.1463674,
 author = {Barnes, Tiffany and Powell, Eve and Chaffin, Amanda and Lipford, Heather},
 title = {Game2Learn: Improving the Motivation of CS1 Students},
 booktitle = {Proceedings of the 3rd International Conference on Game Development in Computer Science Education},
 series = {GDCSE '08},
 year = {2008},
 isbn = {978-1-60558-057-9},
 location = {Miami, Florida},
 pages = {1--5},
 numpages = {5},
 url = {http://doi.acm.org/10.1145/1463673.1463674},
 doi = {10.1145/1463673.1463674},
 acmid = {1463674},
 publisher = {ACM},
 address = {New York, NY, USA},
 keywords = {education, evaluation, game development, motivation},
}

@inproceedings{Stricker:2009:SGE:1639809.1639875,
 author = {Stricker, Andrew G. and Clemons, Larry},
 title = {Simulation Gaming for Education in MyBase: The Future of Air Force Education and Training with Virtual World Learning},
 booktitle = {Proceedings of the 2009 Spring Simulation Multiconference},
 series = {SpringSim '09},
 year = {2009},
 location = {San Diego, California},
 pages = {63:1--63:8},
 articleno = {63},
 numpages = {8},
 url = {http://dl.acm.org/citation.cfm?id=1639809.1639875},
 acmid = {1639875},
 publisher = {Society for Computer Simulation International},
 address = {San Diego, CA, USA},
 keywords = {MyBase, simulation gaming for education, virtual world learning},
}

@inproceedings{Haake:1968:SDH:1142648.1142660,
 author = {Haake, R. F.},
 title = {System Design for the Human Factor},
 booktitle = {Proceedings of the Sixth SIGCPR Conference on Computer Personnel Research},
 series = {SIGCPR '68},
 year = {1968},
 location = {Cambridge, Massachusetts},
 pages = {112--124},
 numpages = {13},
 url = {http://doi.acm.org/10.1145/1142648.1142660},
 doi = {10.1145/1142648.1142660},
 acmid = {1142660},
 publisher = {ACM},
 address = {New York, NY, USA},
}

@inproceedings{Zinn:1968:PCU:800186.810570,
 author = {Zinn, Karl L.},
 title = {Programming Conversational Use of Computers for Instruction},
 booktitle = {Proceedings of the 1968 23rd ACM National Conference},
 series = {ACM '68},
 year = {1968},
 pages = {85--92},
 numpages = {8},
 url = {http://doi.acm.org/10.1145/800186.810570},
 doi = {10.1145/800186.810570},
 acmid = {810570},
 publisher = {ACM},
 address = {New York, NY, USA},
}

@inproceedings{Fidalgo-Blanco:2014:IML:2669711.2669963,
 author = {Fidalgo-Blanco, \'{A}ngel and Sein-Echaluce, Mar\'{\i}a Luisa and Garc\'{\i}a-Pe\~{n}alvo, Francisco J. and Esca\~{n}o, Javier Esteban},
 title = {Improving the MOOC Learning Outcomes Throughout Informal Learning Activities},
 booktitle = {Proceedings of the Second International Conference on Technological Ecosystems for Enhancing Multiculturality},
 series = {TEEM '14},
 year = {2014},
 isbn = {978-1-4503-2896-8},
 location = {Salamanca, Spain},
 pages = {611--617},
 numpages = {7},
 url = {http://doi.acm.org/10.1145/2669711.2669963},
 doi = {10.1145/2669711.2669963},
 acmid = {2669963},
 publisher = {ACM},
 address = {New York, NY, USA},
 keywords = {MOOC, informal learning, knowledge management, social networks},
}

@inproceedings{Cai:2019:EEE:3301275.3302289,
 author = {Cai, Carrie J. and Jongejan, Jonas and Holbrook, Jess},
 title = {The Effects of Example-based Explanations in a Machine Learning Interface},
 booktitle = {Proceedings of the 24th International Conference on Intelligent User Interfaces},
 series = {IUI '19},
 year = {2019},
 isbn = {978-1-4503-6272-6},
 location = {Marina del Ray, California},
 pages = {258--262},
 numpages = {5},
 url = {http://doi.acm.org/10.1145/3301275.3302289},
 doi = {10.1145/3301275.3302289},
 acmid = {3302289},
 publisher = {ACM},
 address = {New York, NY, USA},
 keywords = {example-based explanations, explainable AI, human-AI interaction, machine learning},
}

@article{Malone:1983:MEC:1045051.1045052,
 author = {Malone, Thomas W. and Levin, James},
 title = {Microcomputers in Education: Cognitive and Social Design Principles},
 journal = {SIGCUE Outlook},
 issue_date = {Winter 1983},
 volume = {17},
 number = {1},
 month = jan,
 year = {1983},
 issn = {0163-5735},
 pages = {6--20},
 numpages = {15},
 url = {http://doi.acm.org/10.1145/1045051.1045052},
 doi = {10.1145/1045051.1045052},
 acmid = {1045052},
 publisher = {ACM},
 address = {New York, NY, USA},
}

@inproceedings{Rutstein:2019:DIM:3287324.3287424,
 author = {Rutstein, Daisy W. and Xu, Yuning and McElhaney, Kevin and Bienkowski, Marie},
 title = {Developing Implementation Measures for K-12 Computer Science Curriculum Materials},
 booktitle = {Proceedings of the 50th ACM Technical Symposium on Computer Science Education},
 series = {SIGCSE '19},
 year = {2019},
 isbn = {978-1-4503-5890-3},
 location = {Minneapolis, MN, USA},
 pages = {321--327},
 numpages = {7},
 url = {http://doi.acm.org/10.1145/3287324.3287424},
 doi = {10.1145/3287324.3287424},
 acmid = {3287424},
 publisher = {ACM},
 address = {New York, NY, USA},
 keywords = {computational thinking, curriculum implementation, measurement},
}

@article{Paul:1976:EFL:355681.355684,
 author = {Paul, George and Wilson, M. Wayne},
 title = {Should the Elementary Function Library Be Incorporated Into Computer Instruction Sets?},
 journal = {ACM Trans. Math. Softw.},
 issue_date = {June 1976},
 volume = {2},
 number = {2},
 month = jun,
 year = {1976},
 issn = {0098-3500},
 pages = {132--142},
 numpages = {11},
 url = {http://doi.acm.org/10.1145/355681.355684},
 doi = {10.1145/355681.355684},
 acmid = {355684},
 publisher = {ACM},
 address = {New York, NY, USA},
}

@article{Aleta:2004:RCC:1011528.1011529,
 author = {Alet\`{a}, Alex and Codina, Josep M. and Gonz\'{a}lez, Antonio and Kaeli, David},
 title = {Removing Communications in Clustered Microarchitectures Through Instruction Replication},
 journal = {ACM Trans. Archit. Code Optim.},
 issue_date = {June 2004},
 volume = {1},
 number = {2},
 month = jun,
 year = {2004},
 issn = {1544-3566},
 pages = {127--151},
 numpages = {25},
 url = {http://doi.acm.org/10.1145/1011528.1011529},
 doi = {10.1145/1011528.1011529},
 acmid = {1011529},
 publisher = {ACM},
 address = {New York, NY, USA},
 keywords = {Clustered microarchitectures, ILP, instruction replication, modulo-scheduling, statically scheduled processors},
}

@inproceedings{MacCallum:2017:EMT:3136907.3136913,
 author = {MacCallum, Kathryn and Parsons, David},
 title = {Evaluating a Mobile Toolkit for Designing Mobile Learning Activities},
 booktitle = {Proceedings of the 16th World Conference on Mobile and Contextual Learning},
 series = {mLearn 2017},
 year = {2017},
 isbn = {978-1-4503-5255-0},
 location = {Larnaca, Cyprus},
 pages = {33:1--33:6},
 articleno = {33},
 numpages = {6},
 url = {http://doi.acm.org/10.1145/3136907.3136913},
 doi = {10.1145/3136907.3136913},
 acmid = {3136913},
 publisher = {ACM},
 address = {New York, NY, USA},
 keywords = {learning activity design, learning theory, mobile learning},
}

@inproceedings{Sears:2006:EIV:1150034.1150133,
 author = {Sears, David A.},
 title = {Effects of Innovation Versus Efficiency Tasks on Recall and Transfer in Individual and Collaborative Learning Contexts},
 booktitle = {Proceedings of the 7th International Conference on Learning Sciences},
 series = {ICLS '06},
 year = {2006},
 isbn = {0-8058-6174-2},
 location = {Bloomington, Indiana},
 pages = {681--687},
 numpages = {7},
 url = {http://dl.acm.org/citation.cfm?id=1150034.1150133},
 acmid = {1150133},
 publisher = {International Society of the Learning Sciences},
}

@article{Agarwal:2006:DAL:1124706.1121420,
 author = {Agarwal, Rahul and Edwards, Stephen H. and P{\'e}rez-Qui\~{n}ones, Manuel A.},
 title = {Designing an Adaptive Learning Module to Teach Software Testing},
 journal = {SIGCSE Bull.},
 issue_date = {March 2006},
 volume = {38},
 number = {1},
 month = mar,
 year = {2006},
 issn = {0097-8418},
 pages = {259--263},
 numpages = {5},
 url = {http://doi.acm.org/10.1145/1124706.1121420},
 doi = {10.1145/1124706.1121420},
 acmid = {1121420},
 publisher = {ACM},
 address = {New York, NY, USA},
 keywords = {adaptive evaluation, adaptive learning, course design, netCoach, on-line, self-paced, web-based courses},
}

@inproceedings{Agarwal:2006:DAL:1121341.1121420,
 author = {Agarwal, Rahul and Edwards, Stephen H. and P{\'e}rez-Qui\~{n}ones, Manuel A.},
 title = {Designing an Adaptive Learning Module to Teach Software Testing},
 booktitle = {Proceedings of the 37th SIGCSE Technical Symposium on Computer Science Education},
 series = {SIGCSE '06},
 year = {2006},
 isbn = {1-59593-259-3},
 location = {Houston, Texas, USA},
 pages = {259--263},
 numpages = {5},
 url = {http://doi.acm.org/10.1145/1121341.1121420},
 doi = {10.1145/1121341.1121420},
 acmid = {1121420},
 publisher = {ACM},
 address = {New York, NY, USA},
 keywords = {adaptive evaluation, adaptive learning, course design, netCoach, on-line, self-paced, web-based courses},
}

@inproceedings{Mielke:2008:MMM:1400549.1400671,
 author = {Mielke, Roland R. and Scerbo, Mark W. and Gaubatz, Kurt Taylor and Watson, Ginger S.},
 title = {A Multidisciplinary Model for M\&S Graduate Education},
 booktitle = {Proceedings of the 2008 Spring Simulation Multiconference},
 series = {SpringSim '08},
 year = {2008},
 isbn = {1-56555-319-5},
 location = {Ottawa, Canada},
 pages = {763--769},
 numpages = {7},
 url = {http://dl.acm.org/citation.cfm?id=1400549.1400671},
 acmid = {1400671},
 publisher = {Society for Computer Simulation International},
 address = {San Diego, CA, USA},
 keywords = {graduate education, multidisciplinary programs, program organizational model},
}

@inproceedings{Fujita:2008:RAP:1599812.1599841,
 author = {Fujita, Nobuko and Brett, Clare},
 title = {Rethinking Analysis of Progressive Discourse in Online Learning: An Activity Theory Perspective},
 booktitle = {Proceedings of the 8th International Conference on International Conference for the Learning Sciences - Volume 1},
 series = {ICLS'08},
 year = {2008},
 location = {Utrecht, The Netherlands},
 pages = {248--256},
 numpages = {9},
 url = {http://dl.acm.org/citation.cfm?id=1599812.1599841},
 acmid = {1599841},
 publisher = {International Society of the Learning Sciences},
}

@inproceedings{Levin:2010:ENT:1854360.1854366,
 author = {Levin, Daniel M. and Richards, Jennifer},
 title = {Exploring How Novice Teachers Learn to Attend to Students' Thinking in Analyzing Case Studies of Classroom Teaching and Learning},
 booktitle = {Proceedings of the 9th International Conference of the Learning Sciences - Volume 1},
 series = {ICLS '10},
 year = {2010},
 location = {Chicago, Illinois},
 pages = {41--48},
 numpages = {8},
 url = {http://dl.acm.org/citation.cfm?id=1854360.1854366},
 acmid = {1854366},
 publisher = {International Society of the Learning Sciences},
}

@inproceedings{Sami:2009:MMJ:1600053.1600066,
 author = {Sami, Paavola and Kai, Hakkarainen},
 title = {From Meaning Making to Joint Construction of Knowledge Practices and Artefacts: A Trialogical Approach to CSCL},
 booktitle = {Proceedings of the 9th International Conference on Computer Supported Collaborative Learning - Volume 1},
 series = {CSCL'09},
 year = {2009},
 isbn = {978-1-4092-8598-4},
 location = {Rhodes, Greece},
 pages = {83--92},
 numpages = {10},
 url = {http://dl.acm.org/citation.cfm?id=1600053.1600066},
 acmid = {1600066},
 publisher = {International Society of the Learning Sciences},
}

@inproceedings{M.:2012:SSE:2261605.2261658,
 author = {M., Edgar Serna and C., Carlos A. Castro and Botero, T. Ricardo},
 title = {SEDLO: Software Engineering for Developing Learning Objects},
 booktitle = {Proceedings of the 6th Euro American Conference on Telematics and Information Systems},
 series = {EATIS '12},
 year = {2012},
 isbn = {978-1-4503-1012-3},
 location = {Valencia, Spain},
 pages = {347--353},
 numpages = {7},
 url = {http://doi.acm.org/10.1145/2261605.2261658},
 doi = {10.1145/2261605.2261658},
 acmid = {2261658},
 publisher = {ACM},
 address = {New York, NY, USA},
 keywords = {e-learning, learning objects, life cycle, software engineering},
}

@inproceedings{Penuel:2010:IMS:1854360.1854391,
 author = {Penuel, William R. and Bates, Lauren and Pasnik, Shelley and Townsend, Eve and Gallagher, Lawrence P. and Llorente, Carlin and Hupert, Naomi},
 title = {The Impact of a Media-rich Science Curriculum on Low-income Preschoolers' Science Talk at Home},
 booktitle = {Proceedings of the 9th International Conference of the Learning Sciences - Volume 1},
 series = {ICLS '10},
 year = {2010},
 location = {Chicago, Illinois},
 pages = {238--245},
 numpages = {8},
 url = {http://dl.acm.org/citation.cfm?id=1854360.1854391},
 acmid = {1854391},
 publisher = {International Society of the Learning Sciences},
}

@inproceedings{Repenning:2019:MCS:3304221.3319758,
 author = {Repenning, Alexander and Lamprou, Anna and Petralito, Serge and Basawapatna, Ashok},
 title = {Making Computer Science Education Mandatory: Exploring a Demographic Shift in Switzerland.},
 booktitle = {Proceedings of the 2019 ACM Conference on Innovation and Technology in Computer Science Education},
 series = {ITiCSE '19},
 year = {2019},
 isbn = {978-1-4503-6301-3},
 location = {Aberdeen, Scotland Uk},
 pages = {422--428},
 numpages = {7},
 url = {http://doi.acm.org/10.1145/3304221.3319758},
 doi = {10.1145/3304221.3319758},
 acmid = {3319758},
 publisher = {ACM},
 address = {New York, NY, USA},
 keywords = {computer science education, gender issues in computer science education, k-12, mandatory computer science education, pre-service teacher education, self -efficacy},
}

@inproceedings{Fullerton:2009:DHP:1581073.1581075,
 author = {Fullerton, Tracy and Malamed, Laird M. and Sharkasi, Nahil and Vigil, Jesse},
 title = {Designing History: The Path to Participation Nation},
 booktitle = {Proceedings of the 2009 ACM SIGGRAPH Symposium on Video Games},
 series = {Sandbox '09},
 year = {2009},
 isbn = {978-1-60558-514-7},
 location = {New Orleans, Louisiana},
 pages = {7--14},
 numpages = {8},
 url = {http://doi.acm.org/10.1145/1581073.1581075},
 doi = {10.1145/1581073.1581075},
 acmid = {1581075},
 publisher = {ACM},
 address = {New York, NY, USA},
 keywords = {game design, game innovation, iterative process, learning and games, playtesting, prototyping},
}

@inproceedings{Anderson:1972:MSS:800194.805883,
 author = {Anderson, Ronald E. and Gross, Jonathan},
 title = {Mini-computers in a Social Science Instructional Context},
 booktitle = {Proceedings of the ACM Annual Conference - Volume 2},
 series = {ACM '72},
 year = {1972},
 location = {Boston, Massachusetts, USA},
 pages = {952--963},
 numpages = {12},
 url = {http://doi.acm.org/10.1145/800194.805883},
 doi = {10.1145/800194.805883},
 acmid = {805883},
 publisher = {ACM},
 address = {New York, NY, USA},
}

@inproceedings{Wang:2011:TWD:2047594.2047620,
 author = {Wang, Ye Diana},
 title = {Teaching Web Development at a Distance},
 booktitle = {Proceedings of the 2011 Conference on Information Technology Education},
 series = {SIGITE '11},
 year = {2011},
 isbn = {978-1-4503-1017-8},
 location = {West Point, New York, USA},
 pages = {91--96},
 numpages = {6},
 url = {http://doi.acm.org/10.1145/2047594.2047620},
 doi = {10.1145/2047594.2047620},
 acmid = {2047620},
 publisher = {ACM},
 address = {New York, NY, USA},
 keywords = {distance education, eLearning, pedagogy, problem-based learning, web development},
}

@inproceedings{Lamprou:2018:TTC:3197091.3197120,
 author = {Lamprou, Anna and Repenning, Alexander},
 title = {Teaching How to Teach Computational Thinking},
 booktitle = {Proceedings of the 23rd Annual ACM Conference on Innovation and Technology in Computer Science Education},
 series = {ITiCSE 2018},
 year = {2018},
 isbn = {978-1-4503-5707-4},
 location = {Larnaca, Cyprus},
 pages = {69--74},
 numpages = {6},
 url = {http://doi.acm.org/10.1145/3197091.3197120},
 doi = {10.1145/3197091.3197120},
 acmid = {3197120},
 publisher = {ACM},
 address = {New York, NY, USA},
 keywords = {Computational Thinking, Computer Science Education, K-12 education, Pre-service teacher, Primary school},
}

@inproceedings{Blavier:2008:LSM:1599936.1600018,
 author = {Blavier, Ad{\'e}la\"{\i}de and Zottmann, Jan and Fischer, Frank and Aboulafia, Annette and Vadcard, Lucile and Luengo, Vanda and Dieckmann, Peter and Rall, Marcus},
 title = {Learning with Simulations in Medical Education Validity and Design of Learning Settings in Particular Contexts},
 booktitle = {Proceedings of the 8th International Conference on International Conference for the Learning Sciences - Volume 3},
 series = {ICLS'08},
 year = {2008},
 location = {Utrecht, The Netherlands},
 pages = {198--205},
 numpages = {8},
 url = {http://dl.acm.org/citation.cfm?id=1599936.1600018},
 acmid = {1600018},
 publisher = {International Society of the Learning Sciences},
}

@inproceedings{Ram:2017:IFF:3055219.3055224,
 author = {Ram, Manoranjan Pon and Sinha, Anunay},
 title = {An Implementation Framework for FLIPPED CLASSROOMS in Higher Education},
 booktitle = {Proceedings of the Special Collection on eGovernment Innovations in India},
 series = {ICEGOV '17},
 year = {2017},
 isbn = {978-1-4503-4930-7},
 location = {New Delhi AA, India},
 pages = {18--26},
 numpages = {9},
 url = {http://doi.acm.org/10.1145/3055219.3055224},
 doi = {10.1145/3055219.3055224},
 acmid = {3055224},
 publisher = {ACM},
 address = {New York, NY, USA},
 keywords = {Blended Learning, Flipped Classroom Model (FCM), Green Learning, ICT-based learning, Inverted Learning},
}

@inproceedings{delRey:2016:NIT:3012430.3012634,
 author = {del Rey, Jes\'{u}s Torres and V\'{a}zquez, Silvia Rodr\'{\i}guez},
 title = {New Insights into Translation-oriented, Technology-intensive Localiser Education: Accessibility As an Opportunity},
 booktitle = {Proceedings of the Fourth International Conference on Technological Ecosystems for Enhancing Multiculturality},
 series = {TEEM '16},
 year = {2016},
 isbn = {978-1-4503-4747-1},
 location = {Salamanca, Spain},
 pages = {971--978},
 numpages = {8},
 url = {http://doi.acm.org/10.1145/3012430.3012634},
 doi = {10.1145/3012430.3012634},
 acmid = {3012634},
 publisher = {ACM},
 address = {New York, NY, USA},
 keywords = {HCI, accessibility, competences, education, learning, localisation, localization, technology, training, translation, usability, user-centred approach},
}

@inproceedings{Asher:2010:ESF:1854509.1854629,
 author = {Asher, Itay and Nasser, Samira and Ganaim, Lina and Tabak, Iris and Kollias, Vassilis and Kyza, Eleni A. and Nicolaidou, Iolie and Terzian, Frederiki and Hadjichambis, Andreas and Kafouris, Dimitris and Redfors, Andreas and Hansson, Lena and Rosberg, Maria and Schanze, Sascha and Saballus, Ulf},
 title = {The Educative and Scalable Functions of Authoring Tools to Support Inquiry-based Science Learning},
 booktitle = {Proceedings of the 9th International Conference of the Learning Sciences - Volume 2},
 series = {ICLS '10},
 year = {2010},
 location = {Chicago, Illinois},
 pages = {236--243},
 numpages = {8},
 url = {http://dl.acm.org/citation.cfm?id=1854509.1854629},
 acmid = {1854629},
 publisher = {International Society of the Learning Sciences},
}

@article{ComputationalLinguisticsStaff:1990:ACL:89086.976063,
 author = {Computational Linguistics Staff},
 title = {Abstracts of Current Literature},
 journal = {Comput. Linguist.},
 issue_date = {March 1990},
 volume = {16},
 number = {1},
 month = mar,
 year = {1990},
 issn = {0891-2017},
 pages = {60--69},
 numpages = {10},
 url = {http://dl.acm.org/citation.cfm?id=89086.976063},
 acmid = {976063},
 publisher = {MIT Press},
 address = {Cambridge, MA, USA},
}

@inproceedings{Law:2014:TLU:2729485.2729513,
 author = {Law, Effie Lai-Chong and Hassenzahl, Marc and Karapanos, Evangelos and Obrist, Marianna and Roto, Virpi},
 title = {Tracing Links Between UX Frameworks and Design Practices: Dual Carriageway},
 booktitle = {Proceedings of HCI Korea},
 series = {HCIK '15},
 year = {2014},
 isbn = {978-89-6848-752-1},
 location = {Seoul, Republic of Korea},
 pages = {188--195},
 numpages = {8},
 url = {http://dl.acm.org/citation.cfm?id=2729485.2729513},
 acmid = {2729513},
 publisher = {Hanbit Media, Inc.},
 address = {South Korea},
 keywords = {UX frameworks, design, fading traceability, randomness},
}

@inproceedings{Hampton:2019:ICS:3322385.3322399,
 author = {Hampton, Lelia and Cummings, Robert and Gosha, Kinnis},
 title = {Improving Computer Science Instruction and Computer Use for African American Secondary School Students: A Focus Group Exploration of Computer Science Identity of African American Teachers},
 booktitle = {Proceedings of the 2019 on Computers and People Research Conference},
 series = {SIGMIS-CPR '19},
 year = {2019},
 isbn = {978-1-4503-6088-3},
 location = {Nashville, TN, USA},
 pages = {78--84},
 numpages = {7},
 url = {http://doi.acm.org/10.1145/3322385.3322399},
 doi = {10.1145/3322385.3322399},
 acmid = {3322399},
 publisher = {ACM},
 address = {New York, NY, USA},
 keywords = {computing education, computing identity, k-12 education, self-efficacy, sense of belonging, underrepresented minorities},
}

@inproceedings{Ames:2015:CT:2882850.2882871,
 author = {Ames, Morgan G.},
 title = {Charismatic Technology},
 booktitle = {Proceedings of The Fifth Decennial Aarhus Conference on Critical Alternatives},
 series = {CA '15},
 year = {2015},
 location = {Aarhus, Denmark},
 pages = {109--120},
 numpages = {12},
 url = {https://doi.org/10.7146/aahcc.v1i1.21199},
 doi = {10.7146/aahcc.v1i1.21199},
 acmid = {2882871},
 publisher = {Aarhus University Press},
 keywords = {charisma, childhood, education, history of technology, ideology, one laptop per child, religion, science and technology studies, technological determinism, utopianism},
}

@inproceedings{Fulmore:2015:VGC:2807565.2807710,
 author = {Fulmore, Yvonne},
 title = {Video Games and the Customization of Learning: Interactive Narratives As a Promising Design Framework for Crafting Inclusive Educational Environments},
 booktitle = {Proceedings of the Third Conference on GenderIT},
 series = {GenderIT '15},
 year = {2015},
 isbn = {978-1-4503-3596-6},
 location = {Philadelphia, PA, USA},
 pages = {32--39},
 numpages = {8},
 url = {http://doi.acm.org/10.1145/2807565.2807710},
 doi = {10.1145/2807565.2807710},
 acmid = {2807710},
 publisher = {ACM},
 address = {New York, NY, USA},
 keywords = {Socio-cultural learning theories, designing games for learning, game-based learning, immersion, inclusivity, law of cultural development, media literacy, representations, serious games, stereotypes, zone of proximal development},
}

@inproceedings{Gaspar:2007:RCI:1324302.1324323,
 author = {Gaspar, Alessio and Langevin, Sarah},
 title = {Restoring "Coding with Intention" in Introductory Programming Courses},
 booktitle = {Proceedings of the 8th ACM SIGITE Conference on Information Technology Education},
 series = {SIGITE '07},
 year = {2007},
 isbn = {978-1-59593-920-3},
 location = {Destin, Florida, USA},
 pages = {91--98},
 numpages = {8},
 url = {http://doi.acm.org/10.1145/1324302.1324323},
 doi = {10.1145/1324302.1324323},
 acmid = {1324323},
 publisher = {ACM},
 address = {New York, NY, USA},
 keywords = {CS-1, active learning, constructive alignment theory, evolutionary computation, evolutionary epistemology, introductory programming courses, live coding, test harness},
}

@inproceedings{East:2006:MTT:1151588.1151596,
 author = {East, J. Philip},
 title = {On Models of and for Teaching: Toward Theory-based Computing Education},
 booktitle = {Proceedings of the Second International Workshop on Computing Education Research},
 series = {ICER '06},
 year = {2006},
 isbn = {1-59593-494-4},
 location = {Canterbury, United Kingdom},
 pages = {41--50},
 numpages = {10},
 url = {http://doi.acm.org/10.1145/1151588.1151596},
 doi = {10.1145/1151588.1151596},
 acmid = {1151596},
 publisher = {ACM},
 address = {New York, NY, USA},
 keywords = {learning theory, pedagogical theory, theory of instruction, theory-based research, theory-based teaching},
}

@inproceedings{Gweon:2006:PSA:1124772.1124810,
 author = {Gweon, Gahgene and Rose, Carolyn and Carey, Regan and Zaiss, Zachary},
 title = {Providing Support for Adaptive Scripting in an On-line Collaborative Learning Environment},
 booktitle = {Proceedings of the SIGCHI Conference on Human Factors in Computing Systems},
 series = {CHI '06},
 year = {2006},
 isbn = {1-59593-372-7},
 location = {Montr\&\#233;al, Qu\&\#233;bec, Canada},
 pages = {251--260},
 numpages = {10},
 url = {http://doi.acm.org/10.1145/1124772.1124810},
 doi = {10.1145/1124772.1124810},
 acmid = {1124810},
 publisher = {ACM},
 address = {New York, NY, USA},
 keywords = {adaptive support, collaborative learning, computer mediated communication},
}

@inproceedings{Gweon:2007:EEF:1599600.1599645,
 author = {Gweon, Gahgene and Ros{\'e}, Carolyn P. and Albright, Emil and Cui, Yue},
 title = {Evaluating the Effect of Feedback from a CSCL Problem Solving Environment on Learning, Interaction, and Perceived Interdependence},
 booktitle = {Proceedings of the 8th Iternational Conference on Computer Supported Collaborative Learning},
 series = {CSCL'07},
 year = {2007},
 isbn = {978-0-6151-5436-7},
 location = {New Brunswick, New Jersey, USA},
 pages = {234--243},
 numpages = {10},
 url = {http://dl.acm.org/citation.cfm?id=1599600.1599645},
 acmid = {1599645},
 publisher = {International Society of the Learning Sciences},
}

@article{Chambers:1980:CAI:358876.358881,
 author = {Chambers, Jack A. and Sprecher, Jerry W.},
 title = {Computer Assisted Instruction: Current Trends and Critical Issues},
 journal = {Commun. ACM},
 issue_date = {June 1980},
 volume = {23},
 number = {6},
 month = jun,
 year = {1980},
 issn = {0001-0782},
 pages = {332--342},
 numpages = {11},
 url = {http://doi.acm.org/10.1145/358876.358881},
 doi = {10.1145/358876.358881},
 acmid = {358881},
 publisher = {ACM},
 address = {New York, NY, USA},
 keywords = {computer assisted instruction, education, instructional computing},
}

@inproceedings{Teusner:2018:EAI:3231644.3231650,
 author = {Teusner, Ralf and Hille, Thomas and Staubitz, Thomas},
 title = {Effects of Automated Interventions in Programming Assignments: Evidence from a Field Experiment},
 booktitle = {Proceedings of the Fifth Annual ACM Conference on Learning at Scale},
 series = {L@S '18},
 year = {2018},
 isbn = {978-1-4503-5886-6},
 location = {London, United Kingdom},
 pages = {60:1--60:10},
 articleno = {60},
 numpages = {10},
 url = {http://doi.acm.org/10.1145/3231644.3231650},
 doi = {10.1145/3231644.3231650},
 acmid = {3231650},
 publisher = {ACM},
 address = {New York, NY, USA},
 keywords = {MOOC, exercise, intervention, programming},
}

@article{Sanders:1976:SSC:952989.803474,
 author = {Sanders, William R. and Benbassat, Gerard V. and Smith, Robert L.},
 title = {Speech Synthesis for Computer Assisted Instruction: The MISS System and Its Applications},
 journal = {SIGCSE Bull.},
 issue_date = {February 1976},
 volume = {8},
 number = {1},
 month = feb,
 year = {1976},
 issn = {0097-8418},
 pages = {200--211},
 numpages = {12},
 url = {http://doi.acm.org/10.1145/952989.803474},
 doi = {10.1145/952989.803474},
 acmid = {803474},
 publisher = {ACM},
 address = {New York, NY, USA},
}

@inproceedings{Sanders:1976:SSC:800107.803474,
 author = {Sanders, William R. and Benbassat, Gerard V. and Smith, Robert L.},
 title = {Speech Synthesis for Computer Assisted Instruction: The MISS System and Its Applications},
 booktitle = {Proceedings of the ACM SIGCSE-SIGCUE Technical Symposium on Computer Science and Education},
 series = {SIGCSE '76},
 year = {1976},
 pages = {200--211},
 numpages = {12},
 url = {http://doi.acm.org/10.1145/800107.803474},
 doi = {10.1145/800107.803474},
 acmid = {803474},
 publisher = {ACM},
 address = {New York, NY, USA},
}

@article{Sanders:1976:SSC:953026.803474,
 author = {Sanders, William R. and Benbassat, Gerard V. and Smith, Robert L.},
 title = {Speech Synthesis for Computer Assisted Instruction: The MISS System and Its Applications},
 journal = {SIGCUE Outlook},
 issue_date = {February 1976},
 volume = {10},
 number = {SI},
 month = feb,
 year = {1976},
 issn = {0163-5735},
 pages = {200--211},
 numpages = {12},
 url = {http://doi.acm.org/10.1145/953026.803474},
 doi = {10.1145/953026.803474},
 acmid = {803474},
 publisher = {ACM},
 address = {New York, NY, USA},
}

@article{Teo:2006:KMP:1217862.1217865,
 author = {Teo, Chao Boon and Gay, Robert Kheng Leng},
 title = {A Knowledge-driven Model to Personalize e-Learning},
 journal = {J. Educ. Resour. Comput.},
 issue_date = {March 2006},
 volume = {6},
 number = {1},
 month = mar,
 year = {2006},
 issn = {1531-4278},
 articleno = {3},
 url = {http://doi.acm.org/10.1145/1217862.1217865},
 doi = {10.1145/1217862.1217865},
 acmid = {1217865},
 publisher = {ACM},
 address = {New York, NY, USA},
 keywords = {concept map, distance learning, e-learning, instructional design, knowledge management},
}

@inproceedings{Suciu:1994:ECH:181014.181032,
 author = {Suciu, Dan and Tannen, Val},
 title = {Efficient Compilation of High-level Data Parallel Algorithms},
 booktitle = {Proceedings of the Sixth Annual ACM Symposium on Parallel Algorithms and Architectures},
 series = {SPAA '94},
 year = {1994},
 isbn = {0-89791-671-9},
 location = {Cape May, New Jersey, USA},
 pages = {57--66},
 numpages = {10},
 url = {http://doi.acm.org/10.1145/181014.181032},
 doi = {10.1145/181014.181032},
 acmid = {181032},
 publisher = {ACM},
 address = {New York, NY, USA},
}

@inproceedings{Holstein:2017:ITT:3027385.3027451,
 author = {Holstein, Kenneth and McLaren, Bruce M. and Aleven, Vincent},
 title = {Intelligent Tutors As Teachers' Aides: Exploring Teacher Needs for Real-time Analytics in Blended Classrooms},
 booktitle = {Proceedings of the Seventh International Learning Analytics \&\#38; Knowledge Conference},
 series = {LAK '17},
 year = {2017},
 isbn = {978-1-4503-4870-6},
 location = {Vancouver, British Columbia, Canada},
 pages = {257--266},
 numpages = {10},
 url = {http://doi.acm.org/10.1145/3027385.3027451},
 doi = {10.1145/3027385.3027451},
 acmid = {3027451},
 publisher = {ACM},
 address = {New York, NY, USA},
 keywords = {adoption, blended learning, classrooms, intelligent tutoring systems, pedagogical decision-making, real-time analytics, teachers},
}

@inproceedings{Alper:2017:VLE:3025453.3025877,
 author = {Alper, Basak and Riche, Nathalie Henry and Chevalier, Fanny and Boy, Jeremy and Sezgin, Metin},
 title = {Visualization Literacy at Elementary School},
 booktitle = {Proceedings of the 2017 CHI Conference on Human Factors in Computing Systems},
 series = {CHI '17},
 year = {2017},
 isbn = {978-1-4503-4655-9},
 location = {Denver, Colorado, USA},
 pages = {5485--5497},
 numpages = {13},
 url = {http://doi.acm.org/10.1145/3025453.3025877},
 doi = {10.1145/3025453.3025877},
 acmid = {3025877},
 publisher = {ACM},
 address = {New York, NY, USA},
 keywords = {qualitative analysis, visualization literacy},
}

@inproceedings{Everingham:1986:DDH:324239.324293,
 author = {Everingham, Marilyn and Brown, Bill},
 title = {Developing and Delivering Hands-on Training},
 booktitle = {Proceedings of the 14th Annual ACM SIGUCCS Conference on User Services: Setting the Direction},
 series = {SIGUCCS '86},
 year = {1986},
 isbn = {0-89791-208-X},
 location = {Montreal, Quebec, Canada},
 pages = {209--223},
 numpages = {15},
 url = {http://doi.acm.org/10.1145/324239.324293},
 doi = {10.1145/324239.324293},
 acmid = {324293},
 publisher = {ACM},
 address = {New York, NY, USA},
}

@inproceedings{Przybylla:2018:IPC:3279720.3279730,
 author = {Przybylla, Mareen and Romeike, Ralf},
 title = {Impact of Physical Computing on Learner Motivation},
 booktitle = {Proceedings of the 18th Koli Calling International Conference on Computing Education Research},
 series = {Koli Calling '18},
 year = {2018},
 isbn = {978-1-4503-6535-2},
 location = {Koli, Finland},
 pages = {9:1--9:10},
 articleno = {9},
 numpages = {10},
 url = {http://doi.acm.org/10.1145/3279720.3279730},
 doi = {10.1145/3279720.3279730},
 acmid = {3279730},
 publisher = {ACM},
 address = {New York, NY, USA},
 keywords = {CS education, intrinsic motivation, physical computing},
}

@article{Ballenger:1979:OAC:1041365.1041367,
 author = {Ballenger, William L.},
 title = {Objective and Alternatives for a Computer Assisted Instruction System for the Visually Handicapped},
 journal = {SIGLASH Newsl.},
 issue_date = {June 1979},
 volume = {12},
 number = {2},
 month = jun,
 year = {1979},
 issn = {0036-147X},
 pages = {6--28},
 numpages = {23},
 url = {http://doi.acm.org/10.1145/1041365.1041367},
 doi = {10.1145/1041365.1041367},
 acmid = {1041367},
 publisher = {ACM},
 address = {New York, NY, USA},
}

@inproceedings{Sethumadhavan:2007:LEU:1250662.1250705,
 author = {Sethumadhavan, Simha and Roesner, Franziska and Emer, Joel S. and Burger, Doug and Keckler, Stephen W.},
 title = {Late-binding: Enabling Unordered Load-store Queues},
 booktitle = {Proceedings of the 34th Annual International Symposium on Computer Architecture},
 series = {ISCA '07},
 year = {2007},
 isbn = {978-1-59593-706-3},
 location = {San Diego, California, USA},
 pages = {347--357},
 numpages = {11},
 url = {http://doi.acm.org/10.1145/1250662.1250705},
 doi = {10.1145/1250662.1250705},
 acmid = {1250705},
 publisher = {ACM},
 address = {New York, NY, USA},
 keywords = {late binding, memory disambiguation, network flow control},
}

@article{Sethumadhavan:2007:LEU:1273440.1250705,
 author = {Sethumadhavan, Simha and Roesner, Franziska and Emer, Joel S. and Burger, Doug and Keckler, Stephen W.},
 title = {Late-binding: Enabling Unordered Load-store Queues},
 journal = {SIGARCH Comput. Archit. News},
 issue_date = {May 2007},
 volume = {35},
 number = {2},
 month = jun,
 year = {2007},
 issn = {0163-5964},
 pages = {347--357},
 numpages = {11},
 url = {http://doi.acm.org/10.1145/1273440.1250705},
 doi = {10.1145/1273440.1250705},
 acmid = {1250705},
 publisher = {ACM},
 address = {New York, NY, USA},
 keywords = {late binding, memory disambiguation, network flow control},
}

@inproceedings{Lepe-Salazar:2015:MAD:2832932.2832951,
 author = {Lepe-Salazar, Francisco},
 title = {A Model to Analyze and Design Educational Games with Pedagogical Foundations},
 booktitle = {Proceedings of the 12th International Conference on Advances in Computer Entertainment Technology},
 series = {ACE '15},
 year = {2015},
 isbn = {978-1-4503-3852-3},
 location = {Iskandar, Malaysia},
 pages = {1:1--1:14},
 articleno = {1},
 numpages = {14},
 url = {http://doi.acm.org/10.1145/2832932.2832951},
 doi = {10.1145/2832932.2832951},
 acmid = {2832951},
 publisher = {ACM},
 address = {New York, NY, USA},
 keywords = {educational games, game design, learning sciences, learning theories, model, pedagogy, serious games},
}

@inproceedings{Carter:2010:IWG:1971681.1971685,
 author = {Carter, Janet and White, Su and Fraser, Karen and Kurkovsky, Stanislav and McCreesh, Colette and Wieck, Malcolm},
 title = {ITiCSE 2010 Working Group Report Motivating Our Top Students},
 booktitle = {Proceedings of the 2010 ITiCSE Working Group Reports},
 series = {ITiCSE-WGR '10},
 year = {2010},
 isbn = {978-1-4503-0677-5},
 location = {Ankara, Turkey},
 pages = {29--47},
 numpages = {19},
 url = {http://doi.acm.org/10.1145/1971681.1971685},
 doi = {10.1145/1971681.1971685},
 acmid = {1971685},
 publisher = {ACM},
 address = {New York, NY, USA},
 keywords = {differentiation in the classroom, learning programming, motivation},
}

@article{Benda:2012:LLF:2382564.2382567,
 author = {Benda, Klara and Bruckman, Amy and Guzdial, Mark},
 title = {When Life and Learning Do Not Fit: Challenges of Workload and Communication in Introductory Computer Science Online},
 journal = {Trans. Comput. Educ.},
 issue_date = {November 2012},
 volume = {12},
 number = {4},
 month = nov,
 year = {2012},
 issn = {1946-6226},
 pages = {15:1--15:38},
 articleno = {15},
 numpages = {38},
 url = {http://doi.acm.org/10.1145/2382564.2382567},
 doi = {10.1145/2382564.2382567},
 acmid = {2382567},
 publisher = {ACM},
 address = {New York, NY, USA},
 keywords = {Online education, communication, introductory computer science, programming instruction, qualitative research, student failure, workload},
}

@techreport{K-12ComputerScienceFrameworkSteeringCommittee:2016:KCS:3079760,
 author = {K-12 Computer Science Framework Steering Committee},
 title = {K-12 Computer Science Framework},
 year = {2016},
 isbn = {978-1-4503-5278-9},
 publisher = {ACM},
 address = {New York, NY, USA},
}

