@inproceedings{Parker:2019:TAR:3306618.3314274,
 author = {Parker, Jack and Danks, David},
 title = {How Technological Advances Can Reveal Rights},
 booktitle = {Proceedings of the 2019 AAAI/ACM Conference on AI, Ethics, and Society},
 series = {AIES '19},
 year = {2019},
 isbn = {978-1-4503-6324-2},
 location = {Honolulu, HI, USA},
 pages = {201--201},
 numpages = {1},
 url = {http://doi.acm.org/10.1145/3306618.3314274},
 doi = {10.1145/3306618.3314274},
 acmid = {3314274},
 publisher = {ACM},
 address = {New York, NY, USA},
 keywords = {interest theory, right to be forgotten, right to disconnect, rights},
}

@article{Lowther:2004:TII:1040231.1040248,
 author = {Lowther, John L. and Shene, Ching-Kuang},
 title = {Toward an Intutive and Interesting Theory Course: The First Step of a Road Map},
 journal = {J. Comput. Sci. Coll.},
 issue_date = {October 2004},
 volume = {20},
 number = {1},
 month = oct,
 year = {2004},
 issn = {1937-4771},
 pages = {124--135},
 numpages = {12},
 url = {http://dl.acm.org/citation.cfm?id=1040231.1040248},
 acmid = {1040248},
 publisher = {Consortium for Computing Sciences in Colleges},
 address = {USA},
}

@inproceedings{McKinnon:2004:CSP:986537.986597,
 author = {McKinnon, Lynn D. and North, Max M.},
 title = {A Comparative Study of Presence in Virtual Reality vs. Presence in the Real World},
 booktitle = {Proceedings of the 42Nd Annual Southeast Regional Conference},
 series = {ACM-SE 42},
 year = {2004},
 isbn = {1-58113-870-9},
 location = {Huntsville, Alabama},
 pages = {253--254},
 numpages = {2},
 url = {http://doi.acm.org/10.1145/986537.986597},
 doi = {10.1145/986537.986597},
 acmid = {986597},
 publisher = {ACM},
 address = {New York, NY, USA},
 keywords = {sense of presence, virtual environments, virtual reality},
}

@inproceedings{Magner:2010:PII:1854360.1854361,
 author = {Magner, Ulrike and Schwonke, Rolf and Renkl, Alexander and Aleven, Vincent A. W. M. M. and Popescu, Octav},
 title = {Pictorial Illustrations in Intelligent Tutoring Systems: Do They Distract or Elicit Interest and Engagement?},
 booktitle = {Proceedings of the 9th International Conference of the Learning Sciences - Volume 1},
 series = {ICLS '10},
 year = {2010},
 location = {Chicago, Illinois},
 pages = {1--8},
 numpages = {8},
 url = {http://dl.acm.org/citation.cfm?id=1854360.1854361},
 acmid = {1854361},
 publisher = {International Society of the Learning Sciences},
}

@inproceedings{Backes:2005:TDA:1103022.1103035,
 author = {Backes, Michael and Gro{\$\beta\$}, Thomas},
 title = {Tailoring the Dolev-Yao Abstraction to Web Services Realities},
 booktitle = {Proceedings of the 2005 Workshop on Secure Web Services},
 series = {SWS '05},
 year = {2005},
 isbn = {1-59593-234-8},
 location = {Fairfax, VA, USA},
 pages = {65--74},
 numpages = {10},
 url = {http://doi.acm.org/10.1145/1103022.1103035},
 doi = {10.1145/1103022.1103035},
 acmid = {1103035},
 publisher = {ACM},
 address = {New York, NY, USA},
 keywords = {Dolev Yao, federated identity management, formal method, protocol model, security analysis, security proof of protocols, tool support, web services security},
}

@inproceedings{Liu:2008:DSM:1626536.1626546,
 author = {Liu, Kai and Lee, Victor C. S. and Leung, Karl R. P. H.},
 title = {Data Scheduling for Multi-item Requests in Multi-channel On-demand Broadcast Environments},
 booktitle = {Proceedings of the Seventh ACM International Workshop on Data Engineering for Wireless and Mobile Access},
 series = {MobiDE '08},
 year = {2008},
 isbn = {978-1-60558-221-4},
 location = {Vancouver, Canada},
 pages = {47--54},
 numpages = {8},
 url = {http://doi.acm.org/10.1145/1626536.1626546},
 doi = {10.1145/1626536.1626546},
 acmid = {1626546},
 publisher = {ACM},
 address = {New York, NY, USA},
 keywords = {mobile computing, multi-item requests, multiple channels, on-demand broadcast, scheduling algorithms},
}

