@article{Marcus:1988:CPS:49108.1045608,
 author = {Marcus, Aaron},
 title = {CHI+GI '87 POSTER SESSION PAPERS AND ABSTRACTS},
 journal = {SIGCHI Bull.},
 issue_date = {January 1988},
 volume = {19},
 number = {3},
 month = jan,
 year = {1988},
 issn = {0736-6906},
 pages = {55--},
 url = {http://doi.acm.org/10.1145/49108.1045608},
 doi = {10.1145/49108.1045608},
 acmid = {1045608},
 publisher = {ACM},
 address = {New York, NY, USA},
}

@article{Engelbeck:1988:ITE:49108.1046351,
 author = {Engelbeck, George and Polson, Peter G.},
 title = {AN INTERFERENCE THEORY EXPLANATION OF RETENTION ERRORS},
 journal = {SIGCHI Bull.},
 issue_date = {January 1988},
 volume = {19},
 number = {3},
 month = jan,
 year = {1988},
 issn = {0736-6906},
 pages = {61--63},
 numpages = {3},
 url = {http://doi.acm.org/10.1145/49108.1046351},
 doi = {10.1145/49108.1046351},
 acmid = {1046351},
 publisher = {ACM},
 address = {New York, NY, USA},
}

@article{Wilhelm:1977:GMP:321992.321994,
 author = {Wilhelm, Neil C.},
 title = {A General Model for the Performance of Disk Systems},
 journal = {J. ACM},
 issue_date = {Jan. 1977},
 volume = {24},
 number = {1},
 month = jan,
 year = {1977},
 issn = {0004-5411},
 pages = {14--31},
 numpages = {18},
 url = {http://doi.acm.org/10.1145/321992.321994},
 doi = {10.1145/321992.321994},
 acmid = {321994},
 publisher = {ACM},
 address = {New York, NY, USA},
}

@inproceedings{Bo:2018:NAS:3193092.3193104,
 author = {Bo, Zheng and Zheng, Qiu and Hengyang, Zhang and Cheng, Cheng},
 title = {A Novel Amplitude Spectrum Formation Algorithm for FRFT-TDCS},
 booktitle = {Proceedings of the 6th International Conference on Communications and Broadband Networking},
 series = {ICCBN 2018},
 year = {2018},
 isbn = {978-1-4503-6360-0},
 location = {Singapore, Singapore},
 pages = {60--64},
 numpages = {5},
 url = {http://doi.acm.org/10.1145/3193092.3193104},
 doi = {10.1145/3193092.3193104},
 acmid = {3193104},
 publisher = {ACM},
 address = {New York, NY, USA},
 keywords = {FRFT, MLFM interference signal, TDCS, optimal transform order},
}

@inproceedings{Yongxin:2017:LDM:3141166.3141179,
 author = {Yongxin, LI and Baosu, Guo and Fenghe, Wu and Kai, Xing and Xiaoke, Xia},
 title = {Lightweight Design Method for Complex Structures Considering Stiffness Reliability},
 booktitle = {Proceedings of the 2Nd International Conference on Robotics, Control and Automation},
 series = {ICRCA '17},
 year = {2017},
 isbn = {978-1-4503-5327-4},
 location = {Kitakyushu, Japan},
 pages = {45--49},
 numpages = {5},
 url = {http://doi.acm.org/10.1145/3141166.3141179},
 doi = {10.1145/3141166.3141179},
 acmid = {3141179},
 publisher = {ACM},
 address = {New York, NY, USA},
 keywords = {lightweight design, monte carlo simulation, reliability analysis},
}

@inproceedings{Thanh:2011:APS:2069216.2069260,
 author = {Thanh, Le Trung},
 title = {Arbitrary Power Splitting Couplers Based on 4x4 Multimode Interference Structures for VLSI Photonic Integrated Circuits},
 booktitle = {Proceedings of the Second Symposium on Information and Communication Technology},
 series = {SoICT '11},
 year = {2011},
 isbn = {978-1-4503-0880-9},
 location = {Hanoi, Vietnam},
 pages = {233--237},
 numpages = {5},
 url = {http://doi.acm.org/10.1145/2069216.2069260},
 doi = {10.1145/2069216.2069260},
 acmid = {2069260},
 publisher = {ACM},
 address = {New York, NY, USA},
 keywords = {CMOS technology, all-optical processing, integrated optics, multimode interference (MMI) couplers},
}

@article{Chu:1988:UIS:49108.1045609,
 author = {Chu, Sai-Cheong},
 title = {USER INTERFACE STRATEGIES FOR LARGE MAINTENANCE DATABASES},
 journal = {SIGCHI Bull.},
 issue_date = {January 1988},
 volume = {19},
 number = {3},
 month = jan,
 year = {1988},
 issn = {0736-6906},
 pages = {56--},
 url = {http://doi.acm.org/10.1145/49108.1045609},
 doi = {10.1145/49108.1045609},
 acmid = {1045609},
 publisher = {ACM},
 address = {New York, NY, USA},
}

@inproceedings{Le:2011:ASC:2069216.2069233,
 author = {Le, Trung-Thanh},
 title = {All-optical Symmetric Cosine and Sine Transforms Using Multimode Interference Structures},
 booktitle = {Proceedings of the Second Symposium on Information and Communication Technology},
 series = {SoICT '11},
 year = {2011},
 isbn = {978-1-4503-0880-9},
 location = {Hanoi, Vietnam},
 pages = {67--71},
 numpages = {5},
 url = {http://doi.acm.org/10.1145/2069216.2069233},
 doi = {10.1145/2069216.2069233},
 acmid = {2069233},
 publisher = {ACM},
 address = {New York, NY, USA},
 keywords = {Karhunen-Loeve transform, all-optical signal processing, beam propagation method, data compression, image processing, multimode interference coupler, silicon on insulator, symmetric cosine transform, symmetric sine transform},
}

@inproceedings{Sun:2018:EDV:3202667.3202676,
 author = {Sun, Hongling and Liu, Yue and Zhang, Zhenliang and Liu, Xiaoxu and Wang, Yongtian},
 title = {Employing Different Viewpoints for Remote Guidance in a Collaborative Augmented Environment},
 booktitle = {Proceedings of the Sixth International Symposium of Chinese CHI},
 series = {ChineseCHI '18},
 year = {2018},
 isbn = {978-1-4503-6508-6},
 location = {Montreal, QC, Canada},
 pages = {64--70},
 numpages = {7},
 url = {http://doi.acm.org/10.1145/3202667.3202676},
 doi = {10.1145/3202667.3202676},
 acmid = {3202676},
 publisher = {ACM},
 address = {New York, NY, USA},
 keywords = {AR, Viewpoint, gesture interaction, remote guidance},
}

@inproceedings{Preda:2014:APD:2556464.2556470,
 author = {Preda, Mila Dalla and Mastroeni, Isabella and Giacobazzi, Roberto},
 title = {Analyzing Program Dependencies for Malware Detection},
 booktitle = {Proceedings of ACM SIGPLAN on Program Protection and Reverse Engineering Workshop 2014},
 series = {PPREW'14},
 year = {2014},
 isbn = {978-1-4503-2649-0},
 location = {San Diego, CA, USA},
 pages = {6:1--6:7},
 articleno = {6},
 numpages = {7},
 url = {http://doi.acm.org/10.1145/2556464.2556470},
 doi = {10.1145/2556464.2556470},
 acmid = {2556470},
 publisher = {ACM},
 address = {New York, NY, USA},
}

@inproceedings{Stusak:2016:YMG:2839462.2839476,
 author = {Stusak, Simon and Hobe, Moritz and Butz, Andreas},
 title = {If Your Mind Can Grasp It, Your Hands Will Help},
 booktitle = {Proceedings of the TEI '16: Tenth International Conference on Tangible, Embedded, and Embodied Interaction},
 series = {TEI '16},
 year = {2016},
 isbn = {978-1-4503-3582-9},
 location = {Eindhoven, Netherlands},
 pages = {92--99},
 numpages = {8},
 url = {http://doi.acm.org/10.1145/2839462.2839476},
 doi = {10.1145/2839462.2839476},
 acmid = {2839476},
 publisher = {ACM},
 address = {New York, NY, USA},
 keywords = {2D vs. 3D, evaluation, memorability, physical visualization, physicalization},
}

@inproceedings{Mamykina:2011:EIC:1978942.1979037,
 author = {Mamykina, Lena and Miller, Andrew D. and Grevet, Catherine and Medynskiy, Yevgeniy and Terry, Michael A. and Mynatt, Elizabeth D. and Davidson, Patricia R.},
 title = {Examining the Impact of Collaborative Tagging on Sensemaking in Nutrition Management},
 booktitle = {Proceedings of the SIGCHI Conference on Human Factors in Computing Systems},
 series = {CHI '11},
 year = {2011},
 isbn = {978-1-4503-0228-9},
 location = {Vancouver, BC, Canada},
 pages = {657--666},
 numpages = {10},
 url = {http://doi.acm.org/10.1145/1978942.1979037},
 doi = {10.1145/1978942.1979037},
 acmid = {1979037},
 publisher = {ACM},
 address = {New York, NY, USA},
 keywords = {collaborative tagging, collective sensemaking, nutrition, wellness},
}

@inproceedings{Huang:2006:PGR:1151903.1151933,
 author = {Huang, Weidong and Hong, Seok-Hee and Eades, Peter},
 title = {Predicting Graph Reading Performance: A Cognitive Approach},
 booktitle = {Proceedings of the 2006 Asia-Pacific Symposium on Information Visualisation - Volume 60},
 series = {APVis '06},
 year = {2006},
 isbn = {1-920682-41-4},
 location = {Tokyo, Japan},
 pages = {207--216},
 numpages = {10},
 url = {http://dl.acm.org/citation.cfm?id=1151903.1151933},
 acmid = {1151933},
 publisher = {Australian Computer Society, Inc.},
 address = {Darlinghurst, Australia, Australia},
 keywords = {cognitive load, cognitive model, graph reading, mental effort, social network, visualization efficiency},
}

