@inproceedings{Bull:2007:LLL:1274000.1274057,
 author = {Bull, Larry},
 title = {On Lookahead and Latent Learning in Simple LCS},
 booktitle = {Proceedings of the 9th Annual Conference Companion on Genetic and Evolutionary Computation},
 series = {GECCO '07},
 year = {2007},
 isbn = {978-1-59593-698-1},
 location = {London, United Kingdom},
 pages = {2633--2636},
 numpages = {4},
 url = {http://doi.acm.org/10.1145/1274000.1274057},
 doi = {10.1145/1274000.1274057},
 acmid = {1274057},
 publisher = {ACM},
 address = {New York, NY, USA},
 keywords = {anticipation, genetic algorithm, self-adaptation},
}

@article{Fang:2014:DGA:2675060.2648581,
 author = {Fang, Quan and Sang, Jitao and Xu, Changsheng},
 title = {Discovering Geo-Informative Attributes for Location Recognition and Exploration},
 journal = {ACM Trans. Multimedia Comput. Commun. Appl.},
 issue_date = {September 2014},
 volume = {11},
 number = {1s},
 month = oct,
 year = {2014},
 issn = {1551-6857},
 pages = {19:1--19:23},
 articleno = {19},
 numpages = {23},
 url = {http://doi.acm.org/10.1145/2648581},
 doi = {10.1145/2648581},
 acmid = {2648581},
 publisher = {ACM},
 address = {New York, NY, USA},
 keywords = {Geo-informative attributes, latent model, location recognition},
}

@inproceedings{Fang:2013:GGA:2502081.2502088,
 author = {Fang, Quan and Sang, Jitao and Xu, Changsheng},
 title = {GIANT: Geo-informative Attributes for Location Recognition and Exploration},
 booktitle = {Proceedings of the 21st ACM International Conference on Multimedia},
 series = {MM '13},
 year = {2013},
 isbn = {978-1-4503-2404-5},
 location = {Barcelona, Spain},
 pages = {13--22},
 numpages = {10},
 url = {http://doi.acm.org/10.1145/2502081.2502088},
 doi = {10.1145/2502081.2502088},
 acmid = {2502088},
 publisher = {ACM},
 address = {New York, NY, USA},
 keywords = {geo-informative attributes, latent model, location recognition},
}

@article{Liu:2018:CUM:3180719.3180729,
 author = {Liu, Bingquan and Xu, Zhen and Sun, Chengjie and Wang, Baoxun and Wang, Xiaolong and Wong, Derek F. and Zhang, Min and Bingquan Liu and Zhen Xu and Chengjie Sun and Baoxun Wang and Xiaolong Wang and Wong, Derek F. and Min Zhang},
 title = {Content-Oriented User Modeling for Personalized Response Ranking in Chatbots},
 journal = {IEEE/ACM Trans. Audio, Speech and Lang. Proc.},
 issue_date = {January 2018},
 volume = {26},
 number = {1},
 month = jan,
 year = {2018},
 issn = {2329-9290},
 pages = {122--133},
 numpages = {12},
 url = {https://doi.org/10.1109/TASLP.2017.2763243},
 doi = {10.1109/TASLP.2017.2763243},
 acmid = {3180729},
 publisher = {IEEE Press},
 address = {Piscataway, NJ, USA},
}

