@inproceedings{Ahadi:2013:GGP:2493394.2493416,
 author = {Ahadi, Alireza and Lister, Raymond},
 title = {Geek Genes, Prior Knowledge, Stumbling Points and Learning Edge Momentum: Parts of the One Elephant?},
 booktitle = {Proceedings of the Ninth Annual International ACM Conference on International Computing Education Research},
 series = {ICER '13},
 year = {2013},
 isbn = {978-1-4503-2243-0},
 location = {San Diego, San California, USA},
 pages = {123--128},
 numpages = {6},
 url = {http://doi.acm.org/10.1145/2493394.2493416},
 doi = {10.1145/2493394.2493416},
 acmid = {2493416},
 publisher = {ACM},
 address = {New York, NY, USA},
 keywords = {assessment, bimodal grade distribution, cs1, learning edge momentum, programming},
}

@inproceedings{Hoda:2014:TUW:2667490.2667509,
 author = {Hoda, Rashina and Andreae, Peter},
 title = {It's Not Them, It's Us! Why Computer Science Fails to Impress Many First Years},
 booktitle = {Proceedings of the Sixteenth Australasian Computing Education Conference - Volume 148},
 series = {ACE '14},
 year = {2014},
 isbn = {978-1-921770-31-9},
 location = {Auckland, New Zealand},
 pages = {159--162},
 numpages = {4},
 url = {http://dl.acm.org/citation.cfm?id=2667490.2667509},
 acmid = {2667509},
 publisher = {Australian Computer Society, Inc.},
 address = {Darlinghurst, Australia, Australia},
 keywords = {LEM theory, attrition and failure rates, computer science, first year course, software engineering},
}

