@inproceedings{Luchini:2004:DGL:985692.985710,
 author = {Luchini, Kathleen and Quintana, Chris and Soloway, Elliot},
 title = {Design Guidelines for Learner-centered Handheld Tools},
 booktitle = {Proceedings of the SIGCHI Conference on Human Factors in Computing Systems},
 series = {CHI '04},
 year = {2004},
 isbn = {1-58113-702-8},
 location = {Vienna, Austria},
 pages = {135--142},
 numpages = {8},
 url = {http://doi.acm.org/10.1145/985692.985710},
 doi = {10.1145/985692.985710},
 acmid = {985710},
 publisher = {ACM},
 address = {New York, NY, USA},
 keywords = {handhelds, learner-centered design},
}

@inproceedings{Quintana:2000:ECS:633292.633396,
 author = {Quintana, Chris and Fretz, Eric and Krajcik, Joseph and Soloway, Elliot},
 title = {Evaluation Criteria for Scaffolding in Learner-centered Tools},
 booktitle = {CHI '00 Extended Abstracts on Human Factors in Computing Systems},
 series = {CHI EA '00},
 year = {2000},
 isbn = {1-58113-248-4},
 location = {The Hague, The Netherlands},
 pages = {189--190},
 numpages = {2},
 url = {http://doi.acm.org/10.1145/633292.633396},
 doi = {10.1145/633292.633396},
 acmid = {633396},
 publisher = {ACM},
 address = {New York, NY, USA},
 keywords = {learner-centered design, scaffolding, software evaluation},
}

@inproceedings{Luchini:2002:SSD:506443.506600,
 author = {Luchini, Kathleen and Quintana, Chris and Krajcik, Joe and Farah, Chris and Nandihalli, Nayan and Reese, Kyle and Wieczorek, Adam and Soloway, Elliot},
 title = {Scaffolding in the Small: Designing Educational Supports for Concept Mapping on Handheld Computers},
 booktitle = {CHI '02 Extended Abstracts on Human Factors in Computing Systems},
 series = {CHI EA '02},
 year = {2002},
 isbn = {1-58113-454-1},
 location = {Minneapolis, Minnesota, USA},
 pages = {792--793},
 numpages = {2},
 url = {http://doi.acm.org/10.1145/506443.506600},
 doi = {10.1145/506443.506600},
 acmid = {506600},
 publisher = {ACM},
 address = {New York, NY, USA},
 keywords = {concept map, handhelds, learner centered design, scaffolds},
}

@inproceedings{Ardito:2004:UET:989863.989873,
 author = {Ardito, C. and De Marsico, M. and Lanzilotti, R. and Levialdi, S. and Roselli, T. and Rossano, V. and Tersigni, M.},
 title = {Usability of E-learning Tools},
 booktitle = {Proceedings of the Working Conference on Advanced Visual Interfaces},
 series = {AVI '04},
 year = {2004},
 isbn = {1-58113-867-9},
 location = {Gallipoli, Italy},
 pages = {80--84},
 numpages = {5},
 url = {http://doi.acm.org/10.1145/989863.989873},
 doi = {10.1145/989863.989873},
 acmid = {989873},
 publisher = {ACM},
 address = {New York, NY, USA},
 keywords = {e-learning, learner centered design, usability evaluation},
}

@inproceedings{Park:2013:ODT:2468356.2468690,
 author = {Park, Thomas H. and Saxena, Ankur and Jagannath, Swathi and Wiedenbeck, Susan and Forte, Andrea},
 title = {OpenHTML: Designing a Transitional Web Editor for Novices},
 booktitle = {CHI '13 Extended Abstracts on Human Factors in Computing Systems},
 series = {CHI EA '13},
 year = {2013},
 isbn = {978-1-4503-1952-2},
 location = {Paris, France},
 pages = {1863--1868},
 numpages = {6},
 url = {http://doi.acm.org/10.1145/2468356.2468690},
 doi = {10.1145/2468356.2468690},
 acmid = {2468690},
 publisher = {ACM},
 address = {New York, NY, USA},
 keywords = {code editors, learner-centered design, web development},
}

@inproceedings{Lee:2004:MJF:985921.986068,
 author = {Lee, Jeremy and Luchini, Kathleen and Michael, Benjamin and Norris, Cathie and Soloway, Elliot},
 title = {More Than Just Fun and Games: Assessing the Value of Educational Video Games in the Classroom},
 booktitle = {CHI '04 Extended Abstracts on Human Factors in Computing Systems},
 series = {CHI EA '04},
 year = {2004},
 isbn = {1-58113-703-6},
 location = {Vienna, Austria},
 pages = {1375--1378},
 numpages = {4},
 url = {http://doi.acm.org/10.1145/985921.986068},
 doi = {10.1145/985921.986068},
 acmid = {986068},
 publisher = {ACM},
 address = {New York, NY, USA},
 keywords = {education, gameboy, handhelds, learner-centered design},
}

@inproceedings{Wallace:1998:ALD:274644.274673,
 author = {Wallace, Raven and Soloway, Elliot and Krajcik, Joseph and Bos, Nathan and Hoffman, Joseph and Hunter, Heather Eccleston and Kiskis, Dan and Klann, Elisabeth and Peters, Greg and Richardson, David and Ronen, Ofer},
 title = {ARTEMIS: Learner-centered Design of an Information Seeking Environment for K-12 Education},
 booktitle = {Proceedings of the SIGCHI Conference on Human Factors in Computing Systems},
 series = {CHI '98},
 year = {1998},
 isbn = {0-201-30987-4},
 location = {Los Angeles, California, USA},
 pages = {195--202},
 numpages = {8},
 url = {http://dx.doi.org/10.1145/274644.274673},
 doi = {10.1145/274644.274673},
 acmid = {274673},
 publisher = {ACM Press/Addison-Wesley Publishing Co.},
 address = {New York, NY, USA},
 keywords = {K-12 education, digital libraries, information seeking, learner-centered design},
}

@inproceedings{Kuhn:2011:CSA:1979742.1979937,
 author = {Kuhn, Alex and McNally, Brenna and Cahill, Clara and Quintana, Chris and Soloway, Elliot},
 title = {Constructing Scientific Arguments with User Collected Data in Nomadic Inquiry},
 booktitle = {CHI '11 Extended Abstracts on Human Factors in Computing Systems},
 series = {CHI EA '11},
 year = {2011},
 isbn = {978-1-4503-0268-5},
 location = {Vancouver, BC, Canada},
 pages = {2167--2172},
 numpages = {6},
 url = {http://doi.acm.org/10.1145/1979742.1979937},
 doi = {10.1145/1979742.1979937},
 acmid = {1979937},
 publisher = {ACM},
 address = {New York, NY, USA},
 keywords = {argument creation, learner-centered design, nomadic inquiry, scaffolding, tagging},
}

@inproceedings{Jackson:1998:DGL:274644.274672,
 author = {Jackson, Shari L. and Krajcik, Joseph and Soloway, Elliot},
 title = {The Design of Guided Learner-adaptable Scaffolding in Interactive Learning Environments},
 booktitle = {Proceedings of the SIGCHI Conference on Human Factors in Computing Systems},
 series = {CHI '98},
 year = {1998},
 isbn = {0-201-30987-4},
 location = {Los Angeles, California, USA},
 pages = {187--194},
 numpages = {8},
 url = {http://dx.doi.org/10.1145/274644.274672},
 doi = {10.1145/274644.274672},
 acmid = {274672},
 publisher = {ACM Press/Addison-Wesley Publishing Co.},
 address = {New York, NY, USA},
 keywords = {adaptable interfaces, education applications, fading, learner-centered design, scaffolding},
}

@inproceedings{Wang:2018:MEM:3173574.3174085,
 author = {Wang, April Y. and Mitts, Ryan and Guo, Philip J. and Chilana, Parmit K.},
 title = {Mismatch of Expectations: How Modern Learning Resources Fail Conversational Programmers},
 booktitle = {Proceedings of the 2018 CHI Conference on Human Factors in Computing Systems},
 series = {CHI '18},
 year = {2018},
 isbn = {978-1-4503-5620-6},
 location = {Montreal QC, Canada},
 pages = {511:1--511:13},
 articleno = {511},
 numpages = {13},
 url = {http://doi.acm.org/10.1145/3173574.3174085},
 doi = {10.1145/3173574.3174085},
 acmid = {3174085},
 publisher = {ACM},
 address = {New York, NY, USA},
 keywords = {conversational programmers, learner-centered design, programming literacy, technical conversations},
}

@inproceedings{Shelley:2014:IAD:2556288.2557294,
 author = {Shelley, Tia and Lyons, Leilah and Moher, Tom and Dasgupta, Chandan and Lopez Silva, Brenda and Silva, Alexandra},
 title = {Information-building Applications: Designing for Data Exploration and Analysis by Elementary School Students},
 booktitle = {Proceedings of the SIGCHI Conference on Human Factors in Computing Systems},
 series = {CHI '14},
 year = {2014},
 isbn = {978-1-4503-2473-1},
 location = {Toronto, Ontario, Canada},
 pages = {2123--2132},
 numpages = {10},
 url = {http://doi.acm.org/10.1145/2556288.2557294},
 doi = {10.1145/2556288.2557294},
 acmid = {2557294},
 publisher = {ACM},
 address = {New York, NY, USA},
 keywords = {information-building applications, k-12 science education, learner centered design},
}

@inproceedings{Shelley:2014:IAD:2611528.2557294,
 author = {Shelley, Tia and Lyons, Leilah and Moher, Tom and Dasgupta, Chandan and Lopez Silva, Brenda and Silva, Alexandra},
 title = {Information-building Applications: Designing for Data Exploration and Analysis by Elementary School Students},
 booktitle = {Proceedings of the 32Nd Annual ACM Conference on Human Factors in Computing Systems},
 series = {CHI '14},
 year = {2014},
 isbn = {978-1-4503-2473-1},
 location = {Toronto, Ontario, Canada},
 pages = {2123--2132},
 numpages = {10},
 url = {http://doi.acm.org/10.1145/2556288.2557294},
 doi = {10.1145/2556288.2557294},
 acmid = {2557294},
 publisher = {ACM},
 address = {New York, NY, USA},
 keywords = {information-building applications, k-12 science education, learner centered design},
}

@article{Hsi:1998:LDS:310307.310374,
 author = {Hsi, Sherry and Soloway, Elliot},
 title = {Learner-centered Design: Specifically Addressing the Needs of Learners},
 journal = {SIGCHI Bull.},
 issue_date = {Oct. 1998},
 volume = {30},
 number = {4},
 month = oct,
 year = {1998},
 issn = {0736-6906},
 pages = {53--55},
 numpages = {3},
 url = {http://doi.acm.org/10.1145/310307.310374},
 doi = {10.1145/310307.310374},
 acmid = {310374},
 publisher = {ACM},
 address = {New York, NY, USA},
}

@inproceedings{Asdi:2000:LTL:633292.633478,
 author = {Asdi, A. Kashif and Daniels, Beth H.},
 title = {"Learnability" Testing in Learner-centered Design},
 booktitle = {CHI '00 Extended Abstracts on Human Factors in Computing Systems},
 series = {CHI EA '00},
 year = {2000},
 isbn = {1-58113-248-4},
 location = {The Hague, The Netherlands},
 pages = {309--309},
 numpages = {1},
 url = {http://doi.acm.org/10.1145/633292.633478},
 doi = {10.1145/633292.633478},
 acmid = {633478},
 publisher = {ACM},
 address = {New York, NY, USA},
 keywords = {design, education, learner-centered design, teaching, usability, usability testing, user-centered design},
}

@article{Soloway:1994:LDC:174809.174813,
 author = {Soloway, Elliot and Guzdial, Mark and Hay, Kenneth E.},
 title = {Learner-centered Design: The Challenge for HCI in the 21st Century},
 journal = {interactions},
 issue_date = {April 1994},
 volume = {1},
 number = {2},
 month = apr,
 year = {1994},
 issn = {1072-5520},
 pages = {36--48},
 numpages = {13},
 url = {http://doi.acm.org/10.1145/174809.174813},
 doi = {10.1145/174809.174813},
 acmid = {174813},
 publisher = {ACM},
 address = {New York, NY, USA},
}

@inproceedings{Kuhn:2010:SSI:1753846.1753987,
 author = {Kuhn, Alex and Cahill, Clara and Quintana, Chris and Soloway, Elliot},
 title = {Scaffolding Science Inquiry in Museums with Zydeco},
 booktitle = {CHI '10 Extended Abstracts on Human Factors in Computing Systems},
 series = {CHI EA '10},
 year = {2010},
 isbn = {978-1-60558-930-5},
 location = {Atlanta, Georgia, USA},
 pages = {3373--3378},
 numpages = {6},
 url = {http://doi.acm.org/10.1145/1753846.1753987},
 doi = {10.1145/1753846.1753987},
 acmid = {1753987},
 publisher = {ACM},
 address = {New York, NY, USA},
 keywords = {adaptive scaffolding, collaboration, context-aware, learner-centered design, mobile computing, science inquiry learning},
}

@inproceedings{Grynszpan:2005:HCI:1056808.1056931,
 author = {Grynszpan, Ouriel and Martin, Jean-Claude and Nadel, Jacqueline},
 title = {Human Computer Interfaces for Autism: Assessing the Influence of Task Assignment and Output Modalities},
 booktitle = {CHI '05 Extended Abstracts on Human Factors in Computing Systems},
 series = {CHI EA '05},
 year = {2005},
 isbn = {1-59593-002-7},
 location = {Portland, OR, USA},
 pages = {1419--1422},
 numpages = {4},
 url = {http://doi.acm.org/10.1145/1056808.1056931},
 doi = {10.1145/1056808.1056931},
 acmid = {1056931},
 publisher = {ACM},
 address = {New York, NY, USA},
 keywords = {autism, computer assisted education, handicap, learner-centered design, multimodality, special education},
}

@inproceedings{Quintana:1999:SCS:302979.303136,
 author = {Quintana, Chris and Eng, Jim and Carra, Andrew and Wu, Hsin-Kai and Soloway, Elliot},
 title = {Symphony: A Case Study in Extending Learner-centered Design Through Process Space Analysis},
 booktitle = {Proceedings of the SIGCHI Conference on Human Factors in Computing Systems},
 series = {CHI '99},
 year = {1999},
 isbn = {0-201-48559-1},
 location = {Pittsburgh, Pennsylvania, USA},
 pages = {473--480},
 numpages = {8},
 url = {http://doi.acm.org/10.1145/302979.303136},
 doi = {10.1145/302979.303136},
 acmid = {303136},
 publisher = {ACM},
 address = {New York, NY, USA},
 keywords = {learner-centered design, process spaces, processes scaffolding, scaffolded integrated tool environments},
}

@inproceedings{Kuhn:2012:SFE:2207676.2208719,
 author = {Kuhn, Alex and McNally, Brenna and Schmoll, Shannon and Cahill, Clara and Lo, Wan-Tzu and Quintana, Chris and Delen, Ibrahim},
 title = {How Students Find, Evaluate and Utilize Peer-collected Annotated Multimedia Data in Science Inquiry with Zydeco},
 booktitle = {Proceedings of the SIGCHI Conference on Human Factors in Computing Systems},
 series = {CHI '12},
 year = {2012},
 isbn = {978-1-4503-1015-4},
 location = {Austin, Texas, USA},
 pages = {3061--3070},
 numpages = {10},
 url = {http://doi.acm.org/10.1145/2207676.2208719},
 doi = {10.1145/2207676.2208719},
 acmid = {2208719},
 publisher = {ACM},
 address = {New York, NY, USA},
 keywords = {children and technology, learner-centered design, mobile computing, science inquiry, tagging},
}

@inproceedings{Quintana:1996:NSC:1161135.1161172,
 author = {Quintana, Chris and Abotel, Kasem and Soloway, Elliot},
 title = {NoRIS: Supporting Computational Science Activities Through Learner-centered Design},
 booktitle = {Proceedings of the 1996 International Conference on Learning Sciences},
 series = {ICLS '96},
 year = {1996},
 isbn = {1-880094-23-1},
 location = {Evanston, Illinois},
 pages = {272--279},
 numpages = {8},
 url = {http://dl.acm.org/citation.cfm?id=1161135.1161172},
 acmid = {1161172},
 publisher = {International Society of the Learning Sciences},
}

@inproceedings{Soloway:1996:LTP:238386.238476,
 author = {Soloway, Elliot and Jackson, Shari L. and Klein, Jonathan and Quintana, Chris and Reed, James and Spitulnik, Jeff and Stratford, Steven J. and Studer, Scott and Eng, Jim and Scala, Nancy},
 title = {Learning Theory in Practice: Case Studies of Learner-centered Design},
 booktitle = {Proceedings of the SIGCHI Conference on Human Factors in Computing Systems},
 series = {CHI '96},
 year = {1996},
 isbn = {0-89791-777-4},
 location = {Vancouver, British Columbia, Canada},
 pages = {189--196},
 numpages = {8},
 url = {http://doi.acm.org/10.1145/238386.238476},
 doi = {10.1145/238386.238476},
 acmid = {238476},
 publisher = {ACM},
 address = {New York, NY, USA},
 keywords = {case study, constructivism, educational applications, learner-centered design, scaffolding, science applications, socioculturalism},
}

@inproceedings{Cahill:2011:MLM:1999030.1999033,
 author = {Cahill, Clara and Kuhn, Alex and Schmoll, Shannon and Lo, Wan-Tzu and McNally, Brenna and Quintana, Chris},
 title = {Mobile Learning in Museums: How Mobile Supports for Learning Influence Student Behavior},
 booktitle = {Proceedings of the 10th International Conference on Interaction Design and Children},
 series = {IDC '11},
 year = {2011},
 isbn = {978-1-4503-0751-2},
 location = {Ann Arbor, Michigan},
 pages = {21--28},
 numpages = {8},
 url = {http://doi.acm.org/10.1145/1999030.1999033},
 doi = {10.1145/1999030.1999033},
 acmid = {1999033},
 publisher = {ACM},
 address = {New York, NY, USA},
 keywords = {informal learning, learner-centered design, mobile devices, mobile learning, museums, nomadic inquiry, scaffolding},
}

@inproceedings{Cahill:2010:ZUM:1810543.1810564,
 author = {Cahill, Clara and Kuhn, Alex and Schmoll, Shannon and Pompe, Alex and Quintana, Chris},
 title = {Zydeco: Using Mobile and Web Technologies to Support Seamless Inquiry Between Museum and School Contexts},
 booktitle = {Proceedings of the 9th International Conference on Interaction Design and Children},
 series = {IDC '10},
 year = {2010},
 isbn = {978-1-60558-951-0},
 location = {Barcelona, Spain},
 pages = {174--177},
 numpages = {4},
 url = {http://doi.acm.org/10.1145/1810543.1810564},
 doi = {10.1145/1810543.1810564},
 acmid = {1810564},
 publisher = {ACM},
 address = {New York, NY, USA},
 keywords = {informal learning, learner-centered design, mobile devices, mobile learning, museums, nomadic inquiry, scaffolding},
}

@inproceedings{Kuhn:2009:SNW:1551788.1551834,
 author = {Kuhn, Alex and Quintana, Chris and Soloway, Elliot},
 title = {StoryTime: A New Way for Children to Write},
 booktitle = {Proceedings of the 8th International Conference on Interaction Design and Children},
 series = {IDC '09},
 year = {2009},
 isbn = {978-1-60558-395-2},
 location = {Como, Italy},
 pages = {218--221},
 numpages = {4},
 url = {http://doi.acm.org/10.1145/1551788.1551834},
 doi = {10.1145/1551788.1551834},
 acmid = {1551834},
 publisher = {ACM},
 address = {New York, NY, USA},
 keywords = {children's literacy, finger-touch interface, learner-centered design, mobile learning, usability},
}

@inproceedings{Loh:1998:PPD:274644.274728,
 author = {Loh, Ben and Radinsky, Josh and Russell, Eric and Gomez, Louis M. and Reiser, Brian J. and Edelson, Daniel C.},
 title = {The Progress Portfolio: Designing Reflective Tools for a Classroom Context},
 booktitle = {Proceedings of the SIGCHI Conference on Human Factors in Computing Systems},
 series = {CHI '98},
 year = {1998},
 isbn = {0-201-30987-4},
 location = {Los Angeles, California, USA},
 pages = {627--634},
 numpages = {8},
 url = {http://dx.doi.org/10.1145/274644.274728},
 doi = {10.1145/274644.274728},
 acmid = {274728},
 publisher = {ACM Press/Addison-Wesley Publishing Co.},
 address = {New York, NY, USA},
 keywords = {children, collaborative learning, education applications, inquiry support tools, learner-centered design},
}

@inproceedings{Consiglio:2012:DFL:2462932.2462951,
 author = {Consiglio, Teresa and van der Veer, Gerrit C.},
 title = {Design for Free Learning: A Case Study on Supporting a Service Design Course},
 booktitle = {Proceedings of the Eighth Annual International Symposium on Wikis and Open Collaboration},
 series = {WikiSym '12},
 year = {2012},
 isbn = {978-1-4503-1605-7},
 location = {Linz, Austria},
 pages = {14:1--14:13},
 articleno = {14},
 numpages = {13},
 url = {http://doi.acm.org/10.1145/2462932.2462951},
 doi = {10.1145/2462932.2462951},
 acmid = {2462951},
 publisher = {ACM},
 address = {New York, NY, USA},
 keywords = {cultural diversity, e-learning, experience report, learner centered design, open source, service design},
}

@inproceedings{Kuhn:2011:UTE:1978942.1979038,
 author = {Kuhn, Alex and Cahill, Clara and Quintana, Chris and Schmoll, Shannon},
 title = {Using Tags to Encourage Reflection and Annotation on Data During Nomadic Inquiry},
 booktitle = {Proceedings of the SIGCHI Conference on Human Factors in Computing Systems},
 series = {CHI '11},
 year = {2011},
 isbn = {978-1-4503-0228-9},
 location = {Vancouver, BC, Canada},
 pages = {667--670},
 numpages = {4},
 url = {http://doi.acm.org/10.1145/1978942.1979038},
 doi = {10.1145/1978942.1979038},
 acmid = {1979038},
 publisher = {ACM},
 address = {New York, NY, USA},
 keywords = {learner-centered design, mobile computing, mobile learning, nomadic inquiry, scaffolding, tagging},
}

@inproceedings{Gasen:1999:TLC:632716.632745,
 author = {Gasen, Jean B.},
 title = {Technology and Learner Centered Design: Reaching out Across the Life Span},
 booktitle = {CHI '99 Extended Abstracts on Human Factors in Computing Systems},
 series = {CHI EA '99},
 year = {1999},
 isbn = {1-58113-158-5},
 location = {Pittsburgh, Pennsylvania},
 pages = {41--42},
 numpages = {2},
 url = {http://doi.acm.org/10.1145/632716.632745},
 doi = {10.1145/632716.632745},
 acmid = {632745},
 publisher = {ACM},
 address = {New York, NY, USA},
}

@article{Zingaro:2016:BRL:2938622.2927017,
 author = {Zingaro, Daniel},
 title = {BOOK REVIEW: Learner-centered Design of Computing Education: Research on Computing for Everyone},
 journal = {ACM Inroads},
 issue_date = {June 2016},
 volume = {7},
 number = {2},
 month = may,
 year = {2016},
 issn = {2153-2184},
 pages = {45--46},
 numpages = {2},
 url = {http://doi.acm.org/10.1145/2927017},
 doi = {10.1145/2927017},
 acmid = {2927017},
 publisher = {ACM},
 address = {New York, NY, USA},
}

@inproceedings{Hsi:1998:LDA:286498.286697,
 author = {Hsi, Sherry and Soloway, Elliot},
 title = {Learner-centered Design: Addressing, Finally, the Unique Needs of Learners},
 booktitle = {CHI 98 Conference Summary on Human Factors in Computing Systems},
 series = {CHI '98},
 year = {1998},
 isbn = {1-58113-028-7},
 location = {Los Angeles, California, USA},
 pages = {211--212},
 numpages = {2},
 url = {http://doi.acm.org/10.1145/286498.286697},
 doi = {10.1145/286498.286697},
 acmid = {286697},
 publisher = {ACM},
 address = {New York, NY, USA},
}

@inproceedings{Fischer:2007:CSD:1240866.1241090,
 author = {Fischer, Gerhard and Giaccardi, Elisa and Ye, Yunwen and DiGiano, Chris and Nakakoji, Kumiyo},
 title = {Converging on a Science of Design Through the Synthesis of Design Methodologies},
 booktitle = {CHI '07 Extended Abstracts on Human Factors in Computing Systems},
 series = {CHI EA '07},
 year = {2007},
 isbn = {978-1-59593-642-4},
 location = {San Jose, CA, USA},
 pages = {2837--2840},
 numpages = {4},
 url = {http://doi.acm.org/10.1145/1240866.1241090},
 doi = {10.1145/1240866.1241090},
 acmid = {1241090},
 publisher = {ACM},
 address = {New York, NY, USA},
 keywords = {collaborative design, design in creative practices, learner-centered design, meta-design, participatory design, professional-oriented design, science of design, user-centered design},
}

@inproceedings{Quintana:2004:DII:996350.996454,
 author = {Quintana, Chris and Zhang, Meilan},
 title = {The Digital Ideakeeper: Integrating Digital Libraries with a Scaffolded Environment for Online Inquiry},
 booktitle = {Proceedings of the 4th ACM/IEEE-CS Joint Conference on Digital Libraries},
 series = {JCDL '04},
 year = {2004},
 isbn = {1-58113-832-6},
 location = {Tuscon, AZ, USA},
 pages = {388--388},
 numpages = {1},
 url = {http://doi.acm.org/10.1145/996350.996454},
 doi = {10.1145/996350.996454},
 acmid = {996454},
 publisher = {ACM},
 address = {New York, NY, USA},
 keywords = {digital libraries, online inquiry, scaffolding},
}

@inproceedings{Hoang:2017:ASP:3025453.3025860,
 author = {Hoang, Thuong and Reinoso, Martin and Joukhadar, Zaher and Vetere, Frank and Kelly, David},
 title = {Augmented Studio: Projection Mapping on Moving Body for Physiotherapy Education},
 booktitle = {Proceedings of the 2017 CHI Conference on Human Factors in Computing Systems},
 series = {CHI '17},
 year = {2017},
 isbn = {978-1-4503-4655-9},
 location = {Denver, Colorado, USA},
 pages = {1419--1430},
 numpages = {12},
 url = {http://doi.acm.org/10.1145/3025453.3025860},
 doi = {10.1145/3025453.3025860},
 acmid = {3025860},
 publisher = {ACM},
 address = {New York, NY, USA},
 keywords = {annotation, physiotherapy education, projection mapping, spatial augmented reality},
}

@inproceedings{Stricker:2011:TAL:2048558.2048559,
 author = {Stricker, Andrew G. and Hardy, Kimberly-Combs and Stricker, Elizabeth S. and Scribner, Toni A. and Cook, John A. and Calongne, Cynthia A. and Flitter, Kathryn L. and Arenas, Fil J.},
 title = {Third-space Architecture for Learning in 3D},
 booktitle = {Proceedings of the 2011 Military Modeling \& Simulation Symposium},
 series = {MMS '11},
 year = {2011},
 location = {Boston, Massachusetts},
 pages = {3--10},
 numpages = {8},
 url = {http://dl.acm.org/citation.cfm?id=2048558.2048559},
 acmid = {2048559},
 publisher = {Society for Computer Simulation International},
 address = {San Diego, CA, USA},
 keywords = {learning in 3D, model-based reasoning, virtual environments, visual simulation},
}

@inproceedings{Jackson:1996:DGL:1161135.1161241,
 author = {Jackson, Shari L.},
 title = {The Design of Guided Learner-adaptable Scaffolding in Interactive Learning Environments},
 booktitle = {Proceedings of the 1996 International Conference on Learning Sciences},
 series = {ICLS '96},
 year = {1996},
 isbn = {1-880094-23-1},
 location = {Evanston, Illinois},
 pages = {575--576},
 numpages = {2},
 url = {http://dl.acm.org/citation.cfm?id=1161135.1161241},
 acmid = {1161241},
 publisher = {International Society of the Learning Sciences},
}

@inproceedings{Heslop:2013:LEW:2485760.2485765,
 author = {Heslop, Philip and Kharrufa, Ahmed and Balaam, Madeline and Leat, David and Dolan, Paul and Olivier, Patrick},
 title = {Learning Extended Writing: Designing for Children's Collaboration},
 booktitle = {Proceedings of the 12th International Conference on Interaction Design and Children},
 series = {IDC '13},
 year = {2013},
 isbn = {978-1-4503-1918-8},
 location = {New York, New York, USA},
 pages = {36--45},
 numpages = {10},
 url = {http://doi.acm.org/10.1145/2485760.2485765},
 doi = {10.1145/2485760.2485765},
 acmid = {2485765},
 publisher = {ACM},
 address = {New York, NY, USA},
 keywords = {collaboration, digital tabletops, distributed cognition},
}

@article{Barnes:2007:GBC:1269900.1268821,
 author = {Barnes, Tiffany and Richter, Heather and Powell, Eve and Chaffin, Amanda and Godwin, Alex},
 title = {Game2Learn: Building CS1 Learning Games for Retention},
 journal = {SIGCSE Bull.},
 issue_date = {September 2007},
 volume = {39},
 number = {3},
 month = jun,
 year = {2007},
 issn = {0097-8418},
 pages = {121--125},
 numpages = {5},
 url = {http://doi.acm.org/10.1145/1269900.1268821},
 doi = {10.1145/1269900.1268821},
 acmid = {1268821},
 publisher = {ACM},
 address = {New York, NY, USA},
 keywords = {capstone courses, games, undergraduate research},
}

@inproceedings{Barnes:2007:GBC:1268784.1268821,
 author = {Barnes, Tiffany and Richter, Heather and Powell, Eve and Chaffin, Amanda and Godwin, Alex},
 title = {Game2Learn: Building CS1 Learning Games for Retention},
 booktitle = {Proceedings of the 12th Annual SIGCSE Conference on Innovation and Technology in Computer Science Education},
 series = {ITiCSE '07},
 year = {2007},
 isbn = {978-1-59593-610-3},
 location = {Dundee, Scotland},
 pages = {121--125},
 numpages = {5},
 url = {http://doi.acm.org/10.1145/1268784.1268821},
 doi = {10.1145/1268784.1268821},
 acmid = {1268821},
 publisher = {ACM},
 address = {New York, NY, USA},
 keywords = {capstone courses, games, undergraduate research},
}

@inproceedings{Lee:2010:ICA:1822090.1822172,
 author = {Lee, Ming-Han and R\"{o}\ssling, Guido},
 title = {Integrating Categories of Algorithm Learning Objective into Algorithm Visualization Design: A Proposal},
 booktitle = {Proceedings of the Fifteenth Annual Conference on Innovation and Technology in Computer Science Education},
 series = {ITiCSE '10},
 year = {2010},
 isbn = {978-1-60558-820-9},
 location = {Bilkent, Ankara, Turkey},
 pages = {289--293},
 numpages = {5},
 url = {http://doi.acm.org/10.1145/1822090.1822172},
 doi = {10.1145/1822090.1822172},
 acmid = {1822172},
 publisher = {ACM},
 address = {New York, NY, USA},
 keywords = {AV design, CALO, algorithm visualization, computer science education, learning objective},
}

@inproceedings{Kawano:2019:LBE:3323771.3323789,
 author = {Kawano, Atsuko and Motoyama, Yuji and Aoyama, Mikio},
 title = {A LX (Learner eXperience)-Based Evaluation Method of the Education and Training Programs for Professional Software Engineers},
 booktitle = {Proceedings of the 2019 7th International Conference on Information and Education Technology},
 series = {ICIET 2019},
 year = {2019},
 isbn = {978-1-4503-6639-7},
 location = {Aizu-Wakamatsu, Japan},
 pages = {151--159},
 numpages = {9},
 url = {http://doi.acm.org/10.1145/3323771.3323789},
 doi = {10.1145/3323771.3323789},
 acmid = {3323789},
 publisher = {ACM},
 address = {New York, NY, USA},
 keywords = {Corporate education and training program, Design thinking, Journey map, LX (Learner eXperience), Lean start-up, Professional software engineer, UX (User eXperience)},
}

@inproceedings{Guo:2017:OAL:3025453.3025945,
 author = {Guo, Philip J.},
 title = {Older Adults Learning Computer Programming: Motivations, Frustrations, and Design Opportunities},
 booktitle = {Proceedings of the 2017 CHI Conference on Human Factors in Computing Systems},
 series = {CHI '17},
 year = {2017},
 isbn = {978-1-4503-4655-9},
 location = {Denver, Colorado, USA},
 pages = {7070--7083},
 numpages = {14},
 url = {http://doi.acm.org/10.1145/3025453.3025945},
 doi = {10.1145/3025453.3025945},
 acmid = {3025945},
 publisher = {ACM},
 address = {New York, NY, USA},
 keywords = {computational literacy, learning programming, older adults},
}

@inproceedings{Guo:2018:NES:3173574.3173970,
 author = {Guo, Philip J.},
 title = {Non-Native English Speakers Learning Computer Programming: Barriers, Desires, and Design Opportunities},
 booktitle = {Proceedings of the 2018 CHI Conference on Human Factors in Computing Systems},
 series = {CHI '18},
 year = {2018},
 isbn = {978-1-4503-5620-6},
 location = {Montreal QC, Canada},
 pages = {396:1--396:14},
 articleno = {396},
 numpages = {14},
 url = {http://doi.acm.org/10.1145/3173574.3173970},
 doi = {10.1145/3173574.3173970},
 acmid = {3173970},
 publisher = {ACM},
 address = {New York, NY, USA},
 keywords = {learning programming, non-native english speakers},
}

