@article{Hsi:1998:LDS:310307.310374,
 author = {Hsi, Sherry and Soloway, Elliot},
 title = {Learner-centered Design: Specifically Addressing the Needs of Learners},
 journal = {SIGCHI Bull.},
 issue_date = {Oct. 1998},
 volume = {30},
 number = {4},
 month = oct,
 year = {1998},
 issn = {0736-6906},
 pages = {53--55},
 numpages = {3},
 url = {http://doi.acm.org/10.1145/310307.310374},
 doi = {10.1145/310307.310374},
 acmid = {310374},
 publisher = {ACM},
 address = {New York, NY, USA},
}

@inproceedings{Soloway:1996:ILE:257089.257386,
 author = {Soloway, Elliot},
 title = {Interactive Learning Environments: Where They'Ve Come from \&Amp; Where They'Re Going},
 booktitle = {Conference Companion on Human Factors in Computing Systems},
 series = {CHI '96},
 year = {1996},
 isbn = {0-89791-832-0},
 location = {Vancouver, British Columbia, Canada},
 pages = {384--385},
 numpages = {2},
 url = {http://doi.acm.org/10.1145/257089.257386},
 doi = {10.1145/257089.257386},
 acmid = {257386},
 publisher = {ACM},
 address = {New York, NY, USA},
 keywords = {constructionism, education \&amp; computers, intelligent tutoring systems, interactive learning environments},
}

@inproceedings{Hsi:1998:LDA:286498.286697,
 author = {Hsi, Sherry and Soloway, Elliot},
 title = {Learner-centered Design: Addressing, Finally, the Unique Needs of Learners},
 booktitle = {CHI 98 Conference Summary on Human Factors in Computing Systems},
 series = {CHI '98},
 year = {1998},
 isbn = {1-58113-028-7},
 location = {Los Angeles, California, USA},
 pages = {211--212},
 numpages = {2},
 url = {http://doi.acm.org/10.1145/286498.286697},
 doi = {10.1145/286498.286697},
 acmid = {286697},
 publisher = {ACM},
 address = {New York, NY, USA},
}

@inproceedings{Soloway:1995:ILE:223355.223715,
 author = {Soloway, Elliot and Bielaczyc, Kate},
 title = {Interactive Learning Environments: Where They'Ve Come from \&Amp; Where They'Re Going},
 booktitle = {Conference Companion on Human Factors in Computing Systems},
 series = {CHI '95},
 year = {1995},
 isbn = {0-89791-755-3},
 location = {Denver, Colorado, USA},
 pages = {347--348},
 numpages = {2},
 url = {http://doi.acm.org/10.1145/223355.223715},
 doi = {10.1145/223355.223715},
 acmid = {223715},
 publisher = {ACM},
 address = {New York, NY, USA},
}

@inproceedings{Jackson:1995:SML:223355.223367,
 author = {Jackson, Shari L.},
 title = {The ScienceWare Modeler: A Learner-centered Tool for Students Building Models},
 booktitle = {Conference Companion on Human Factors in Computing Systems},
 series = {CHI '95},
 year = {1995},
 isbn = {0-89791-755-3},
 location = {Denver, Colorado, USA},
 pages = {7--8},
 numpages = {2},
 url = {http://doi.acm.org/10.1145/223355.223367},
 doi = {10.1145/223355.223367},
 acmid = {223367},
 publisher = {ACM},
 address = {New York, NY, USA},
 keywords = {educational applications, learner-Centered software design, multimedia, science applications},
}

@inproceedings{D'Alessandro:2001:VNH:379437.379813,
 author = {D'Alessandro, Michael P. and Bakalar, Richard S. and D'Alessandro, Donna M. and Ashley, Denis E. and Hendrix, Mary J. C.},
 title = {The Virtual Naval Hospital: The Digital Library As Knowledge Management Tool for Nomadic Patrons},
 booktitle = {Proceedings of the 1st ACM/IEEE-CS Joint Conference on Digital Libraries},
 series = {JCDL '01},
 year = {2001},
 isbn = {1-58113-345-6},
 location = {Roanoke, Virginia, USA},
 pages = {478--},
 url = {http://doi.acm.org/10.1145/379437.379813},
 doi = {10.1145/379437.379813},
 acmid = {379813},
 publisher = {ACM},
 address = {New York, NY, USA},
 keywords = {case study, digital libraries, knowledge management, lessons learned, nomadic computing},
}

@inproceedings{Luchini:2002:SSD:506443.506600,
 author = {Luchini, Kathleen and Quintana, Chris and Krajcik, Joe and Farah, Chris and Nandihalli, Nayan and Reese, Kyle and Wieczorek, Adam and Soloway, Elliot},
 title = {Scaffolding in the Small: Designing Educational Supports for Concept Mapping on Handheld Computers},
 booktitle = {CHI '02 Extended Abstracts on Human Factors in Computing Systems},
 series = {CHI EA '02},
 year = {2002},
 isbn = {1-58113-454-1},
 location = {Minneapolis, Minnesota, USA},
 pages = {792--793},
 numpages = {2},
 url = {http://doi.acm.org/10.1145/506443.506600},
 doi = {10.1145/506443.506600},
 acmid = {506600},
 publisher = {ACM},
 address = {New York, NY, USA},
 keywords = {concept map, handhelds, learner centered design, scaffolds},
}

@inproceedings{Jackson:1996:DGL:1161135.1161241,
 author = {Jackson, Shari L.},
 title = {The Design of Guided Learner-adaptable Scaffolding in Interactive Learning Environments},
 booktitle = {Proceedings of the 1996 International Conference on Learning Sciences},
 series = {ICLS '96},
 year = {1996},
 isbn = {1-880094-23-1},
 location = {Evanston, Illinois},
 pages = {575--576},
 numpages = {2},
 url = {http://dl.acm.org/citation.cfm?id=1161135.1161241},
 acmid = {1161241},
 publisher = {International Society of the Learning Sciences},
}

@inproceedings{Quintana:1996:NSC:1161135.1161172,
 author = {Quintana, Chris and Abotel, Kasem and Soloway, Elliot},
 title = {NoRIS: Supporting Computational Science Activities Through Learner-centered Design},
 booktitle = {Proceedings of the 1996 International Conference on Learning Sciences},
 series = {ICLS '96},
 year = {1996},
 isbn = {1-880094-23-1},
 location = {Evanston, Illinois},
 pages = {272--279},
 numpages = {8},
 url = {http://dl.acm.org/citation.cfm?id=1161135.1161172},
 acmid = {1161172},
 publisher = {International Society of the Learning Sciences},
}

@inproceedings{Hmelo:1996:BGB:1161135.1161153,
 author = {Hmelo, Cindy E. and Guzdial, Mark},
 title = {Of Black and Glass Boxes: Scaffolding for Doing and Learning},
 booktitle = {Proceedings of the 1996 International Conference on Learning Sciences},
 series = {ICLS '96},
 year = {1996},
 isbn = {1-880094-23-1},
 location = {Evanston, Illinois},
 pages = {128--134},
 numpages = {7},
 url = {http://dl.acm.org/citation.cfm?id=1161135.1161153},
 acmid = {1161153},
 publisher = {International Society of the Learning Sciences},
}

@article{Soloway:1994:LDC:174809.174813,
 author = {Soloway, Elliot and Guzdial, Mark and Hay, Kenneth E.},
 title = {Learner-centered Design: The Challenge for HCI in the 21st Century},
 journal = {interactions},
 issue_date = {April 1994},
 volume = {1},
 number = {2},
 month = apr,
 year = {1994},
 issn = {1072-5520},
 pages = {36--48},
 numpages = {13},
 url = {http://doi.acm.org/10.1145/174809.174813},
 doi = {10.1145/174809.174813},
 acmid = {174813},
 publisher = {ACM},
 address = {New York, NY, USA},
}

@inproceedings{Fischer:2007:CSD:1240866.1241090,
 author = {Fischer, Gerhard and Giaccardi, Elisa and Ye, Yunwen and DiGiano, Chris and Nakakoji, Kumiyo},
 title = {Converging on a Science of Design Through the Synthesis of Design Methodologies},
 booktitle = {CHI '07 Extended Abstracts on Human Factors in Computing Systems},
 series = {CHI EA '07},
 year = {2007},
 isbn = {978-1-59593-642-4},
 location = {San Jose, CA, USA},
 pages = {2837--2840},
 numpages = {4},
 url = {http://doi.acm.org/10.1145/1240866.1241090},
 doi = {10.1145/1240866.1241090},
 acmid = {1241090},
 publisher = {ACM},
 address = {New York, NY, USA},
 keywords = {collaborative design, design in creative practices, learner-centered design, meta-design, participatory design, professional-oriented design, science of design, user-centered design},
}

@inproceedings{Guzdial:1995:LSD:225434.225450,
 author = {Guzdial, Mark and Kafai, Yasmin B. and Carroll, John M. and Fischer, Gerhard and Schank, Roger and Soloway, Elliot},
 title = {Learner-centered System Design: HCI Perspective for the Future},
 booktitle = {Proceedings of the 1st Conference on Designing Interactive Systems: Processes, Practices, Methods, \& Techniques},
 series = {DIS '95},
 year = {1995},
 isbn = {0-89791-673-5},
 location = {Ann Arbor, Michigan, USA},
 pages = {143--147},
 numpages = {5},
 url = {http://doi.acm.org/10.1145/225434.225450},
 doi = {10.1145/225434.225450},
 acmid = {225450},
 publisher = {ACM},
 address = {New York, NY, USA},
}

@article{Guzdial:1999:SLU:311147.311148,
 author = {Guzdial, Mark},
 title = {Supporting Learners As Users},
 journal = {SIGDOC Asterisk J. Comput. Doc.},
 issue_date = {May 1999},
 volume = {23},
 number = {2},
 month = may,
 year = {1999},
 issn = {0731-1001},
 pages = {3--13},
 numpages = {11},
 url = {http://doi.acm.org/10.1145/311147.311148},
 doi = {10.1145/311147.311148},
 acmid = {311148},
 publisher = {ACM},
 address = {New York, NY, USA},
}

@article{Draper:1999:SUL:311147.311152,
 author = {Draper, Stephen W.},
 title = {Supporting Use, Learning, and Education},
 journal = {SIGDOC Asterisk J. Comput. Doc.},
 issue_date = {May 1999},
 volume = {23},
 number = {2},
 month = may,
 year = {1999},
 issn = {0731-1001},
 pages = {19--24},
 numpages = {6},
 url = {http://doi.acm.org/10.1145/311147.311152},
 doi = {10.1145/311147.311152},
 acmid = {311152},
 publisher = {ACM},
 address = {New York, NY, USA},
}

@inproceedings{Foley:1998:DVT:286498.286784,
 author = {Foley, Brian J.},
 title = {Designing Visualization Tools for Learning},
 booktitle = {CHI 98 Conference Summary on Human Factors in Computing Systems},
 series = {CHI '98},
 year = {1998},
 isbn = {1-58113-028-7},
 location = {Los Angeles, California, USA},
 pages = {309--310},
 numpages = {2},
 url = {http://doi.acm.org/10.1145/286498.286784},
 doi = {10.1145/286498.286784},
 acmid = {286784},
 publisher = {ACM},
 address = {New York, NY, USA},
 keywords = {education, representation, science, visualization},
}

@inproceedings{Luther:2014:CCA:2556420.2556788,
 author = {Luther, Kurt and Pavel, Amy and Wu, Wei and Tolentino, Jari-lee and Agrawala, Maneesh and Hartmann, Bj\"{o}rn and Dow, Steven P.},
 title = {CrowdCrit: Crowdsourcing and Aggregating Visual Design Critique},
 booktitle = {Proceedings of the Companion Publication of the 17th ACM Conference on Computer Supported Cooperative Work \&\#38; Social Computing},
 series = {CSCW Companion '14},
 year = {2014},
 isbn = {978-1-4503-2541-7},
 location = {Baltimore, Maryland, USA},
 pages = {21--24},
 numpages = {4},
 url = {http://doi.acm.org/10.1145/2556420.2556788},
 doi = {10.1145/2556420.2556788},
 acmid = {2556788},
 publisher = {ACM},
 address = {New York, NY, USA},
 keywords = {critique, crowdsourcing, design, feedback, scaffolding},
}

@inproceedings{Luther:2009:PSC:1640233.1640316,
 author = {Luther, Kurt and Ziegler, Kevin and Caine, Kelly E. and Bruckman, Amy},
 title = {Predicting Successful Completion of Online Collaborative Animation Projects},
 booktitle = {Proceedings of the Seventh ACM Conference on Creativity and Cognition},
 series = {C\&\#38;C '09},
 year = {2009},
 isbn = {978-1-60558-865-0},
 location = {Berkeley, California, USA},
 pages = {391--392},
 numpages = {2},
 url = {http://doi.acm.org/10.1145/1640233.1640316},
 doi = {10.1145/1640233.1640316},
 acmid = {1640316},
 publisher = {ACM},
 address = {New York, NY, USA},
 keywords = {animation, leadership, online communities, online creative collaboration, predicting success, social computing},
}

@inproceedings{Park:2013:ODT:2468356.2468690,
 author = {Park, Thomas H. and Saxena, Ankur and Jagannath, Swathi and Wiedenbeck, Susan and Forte, Andrea},
 title = {OpenHTML: Designing a Transitional Web Editor for Novices},
 booktitle = {CHI '13 Extended Abstracts on Human Factors in Computing Systems},
 series = {CHI EA '13},
 year = {2013},
 isbn = {978-1-4503-1952-2},
 location = {Paris, France},
 pages = {1863--1868},
 numpages = {6},
 url = {http://doi.acm.org/10.1145/2468356.2468690},
 doi = {10.1145/2468356.2468690},
 acmid = {2468690},
 publisher = {ACM},
 address = {New York, NY, USA},
 keywords = {code editors, learner-centered design, web development},
}

@inproceedings{Soloway:1996:LTP:238386.238476,
 author = {Soloway, Elliot and Jackson, Shari L. and Klein, Jonathan and Quintana, Chris and Reed, James and Spitulnik, Jeff and Stratford, Steven J. and Studer, Scott and Eng, Jim and Scala, Nancy},
 title = {Learning Theory in Practice: Case Studies of Learner-centered Design},
 booktitle = {Proceedings of the SIGCHI Conference on Human Factors in Computing Systems},
 series = {CHI '96},
 year = {1996},
 isbn = {0-89791-777-4},
 location = {Vancouver, British Columbia, Canada},
 pages = {189--196},
 numpages = {8},
 url = {http://doi.acm.org/10.1145/238386.238476},
 doi = {10.1145/238386.238476},
 acmid = {238476},
 publisher = {ACM},
 address = {New York, NY, USA},
 keywords = {case study, constructivism, educational applications, learner-centered design, scaffolding, science applications, socioculturalism},
}

@inproceedings{Quintana:2002:CSD:503376.503392,
 author = {Quintana, Chris and Krajcik, Joseph and Soloway, Elliot},
 title = {A Case Study to Distill Structural Scaffolding Guidelines for Scaffolded Software Environments},
 booktitle = {Proceedings of the SIGCHI Conference on Human Factors in Computing Systems},
 series = {CHI '02},
 year = {2002},
 isbn = {1-58113-453-3},
 location = {Minneapolis, Minnesota, USA},
 pages = {81--88},
 numpages = {8},
 url = {http://doi.acm.org/10.1145/503376.503392},
 doi = {10.1145/503376.503392},
 acmid = {503392},
 publisher = {ACM},
 address = {New York, NY, USA},
 keywords = {design guidelines, educational applications, scaffolding},
}

@inproceedings{Resnick:1996:CCH:1161135.1161174,
 author = {Resnick, Mitchel and Rusk, Natalie},
 title = {The Computer Clubhouse: Helping Youth Develop Fluency with New Media},
 booktitle = {Proceedings of the 1996 International Conference on Learning Sciences},
 series = {ICLS '96},
 year = {1996},
 isbn = {1-880094-23-1},
 location = {Evanston, Illinois},
 pages = {285--291},
 numpages = {7},
 url = {http://dl.acm.org/citation.cfm?id=1161135.1161174},
 acmid = {1161174},
 publisher = {International Society of the Learning Sciences},
}

@inproceedings{Myers:2006:IRO:1125451.1125472,
 author = {Myers, Brad A. and Ko, Andrew J. and Burnett, Margaret M.},
 title = {Invited Research Overview: End-user Programming},
 booktitle = {CHI '06 Extended Abstracts on Human Factors in Computing Systems},
 series = {CHI EA '06},
 year = {2006},
 isbn = {1-59593-298-4},
 location = {Montr\&\#233;al, Qu\&\#233;bec, Canada},
 pages = {75--80},
 numpages = {6},
 url = {http://doi.acm.org/10.1145/1125451.1125472},
 doi = {10.1145/1125451.1125472},
 acmid = {1125472},
 publisher = {ACM},
 address = {New York, NY, USA},
 keywords = {empirical studies of programmers (ESP), end-user software engineering, natural programming, programming by demonstration, programming by example, psychology of programming, visual programming},
}

@inproceedings{Jackson:1998:DGL:274644.274672,
 author = {Jackson, Shari L. and Krajcik, Joseph and Soloway, Elliot},
 title = {The Design of Guided Learner-adaptable Scaffolding in Interactive Learning Environments},
 booktitle = {Proceedings of the SIGCHI Conference on Human Factors in Computing Systems},
 series = {CHI '98},
 year = {1998},
 isbn = {0-201-30987-4},
 location = {Los Angeles, California, USA},
 pages = {187--194},
 numpages = {8},
 url = {http://dx.doi.org/10.1145/274644.274672},
 doi = {10.1145/274644.274672},
 acmid = {274672},
 publisher = {ACM Press/Addison-Wesley Publishing Co.},
 address = {New York, NY, USA},
 keywords = {adaptable interfaces, education applications, fading, learner-centered design, scaffolding},
}

@inproceedings{Wallace:1998:ALD:274644.274673,
 author = {Wallace, Raven and Soloway, Elliot and Krajcik, Joseph and Bos, Nathan and Hoffman, Joseph and Hunter, Heather Eccleston and Kiskis, Dan and Klann, Elisabeth and Peters, Greg and Richardson, David and Ronen, Ofer},
 title = {ARTEMIS: Learner-centered Design of an Information Seeking Environment for K-12 Education},
 booktitle = {Proceedings of the SIGCHI Conference on Human Factors in Computing Systems},
 series = {CHI '98},
 year = {1998},
 isbn = {0-201-30987-4},
 location = {Los Angeles, California, USA},
 pages = {195--202},
 numpages = {8},
 url = {http://dx.doi.org/10.1145/274644.274673},
 doi = {10.1145/274644.274673},
 acmid = {274673},
 publisher = {ACM Press/Addison-Wesley Publishing Co.},
 address = {New York, NY, USA},
 keywords = {K-12 education, digital libraries, information seeking, learner-centered design},
}

@inproceedings{Quintana:2000:ECS:633292.633396,
 author = {Quintana, Chris and Fretz, Eric and Krajcik, Joseph and Soloway, Elliot},
 title = {Evaluation Criteria for Scaffolding in Learner-centered Tools},
 booktitle = {CHI '00 Extended Abstracts on Human Factors in Computing Systems},
 series = {CHI EA '00},
 year = {2000},
 isbn = {1-58113-248-4},
 location = {The Hague, The Netherlands},
 pages = {189--190},
 numpages = {2},
 url = {http://doi.acm.org/10.1145/633292.633396},
 doi = {10.1145/633292.633396},
 acmid = {633396},
 publisher = {ACM},
 address = {New York, NY, USA},
 keywords = {learner-centered design, scaffolding, software evaluation},
}

@inproceedings{Alloway:1996:CIE:1161135.1161136,
 author = {Alloway, Gene and Bos, Nathan and Hamel, Kathleen and Hammerman, Tracy and Klann, Elisabeth and Krajcik, Joseph and Lyons, David and Madden, Terry and Margerum-Leys, Jon and Reed, James and Scala, Nancy and Soloway, Elliot and Vekiri, Ioanna and Wallace, Raven},
 title = {Creating an Inquiry-learning Environment Using the World Wide Web},
 booktitle = {Proceedings of the 1996 International Conference on Learning Sciences},
 series = {ICLS '96},
 year = {1996},
 isbn = {1-880094-23-1},
 location = {Evanston, Illinois},
 pages = {1--8},
 numpages = {8},
 url = {http://dl.acm.org/citation.cfm?id=1161135.1161136},
 acmid = {1161136},
 publisher = {International Society of the Learning Sciences},
}

@inproceedings{Chorianopoulos:2014:DPS:2645791.2645843,
 author = {Chorianopoulos, Konstantinos and Giannakos, Michail N. and Chrisochoides, Nikos},
 title = {Design Principles for Serious Games in Mathematics},
 booktitle = {Proceedings of the 18th Panhellenic Conference on Informatics},
 series = {PCI '14},
 year = {2014},
 isbn = {978-1-4503-2897-5},
 location = {Athens, Greece},
 pages = {55:1--55:5},
 articleno = {55},
 numpages = {5},
 url = {http://doi.acm.org/10.1145/2645791.2645843},
 doi = {10.1145/2645791.2645843},
 acmid = {2645843},
 publisher = {ACM},
 address = {New York, NY, USA},
 keywords = {Design Principles, Interaction Design, Learning, Mathematics, Serious Games},
}

@inproceedings{Smith:1999:IIH:319463.319675,
 author = {Smith, Brian K. and Blankinship, Erik and Ashford,III, Alfred and Baker, Michael and Hirzel, Timothy},
 title = {Inquiry with Imagery: Historical Archive Retrieval with Digital Cameras},
 booktitle = {Proceedings of the Seventh ACM International Conference on Multimedia (Part 1)},
 series = {MULTIMEDIA '99},
 year = {1999},
 isbn = {1-58113-151-8},
 location = {Orlando, Florida, USA},
 pages = {405--408},
 numpages = {4},
 url = {http://doi.acm.org/10.1145/319463.319675},
 doi = {10.1145/319463.319675},
 acmid = {319675},
 publisher = {ACM},
 address = {New York, NY, USA},
 keywords = {digital imaging, education, geographic information systems, global positioning systems},
}

@article{Carlson:1996:WIL:236462.236558,
 author = {Carlson, David and Guzdial, Mark and Kehoe, Colleen and Shah, Viren and Stasko, John},
 title = {WWW Interactive Learning Environments for Computer Science Education},
 journal = {SIGCSE Bull.},
 issue_date = {March 1996},
 volume = {28},
 number = {1},
 month = mar,
 year = {1996},
 issn = {0097-8418},
 pages = {290--294},
 numpages = {5},
 url = {http://doi.acm.org/10.1145/236462.236558},
 doi = {10.1145/236462.236558},
 acmid = {236558},
 publisher = {ACM},
 address = {New York, NY, USA},
}

@inproceedings{Carlson:1996:WIL:236452.236558,
 author = {Carlson, David and Guzdial, Mark and Kehoe, Colleen and Shah, Viren and Stasko, John},
 title = {WWW Interactive Learning Environments for Computer Science Education},
 booktitle = {Proceedings of the Twenty-seventh SIGCSE Technical Symposium on Computer Science Education},
 series = {SIGCSE '96},
 year = {1996},
 isbn = {0-89791-757-X},
 location = {Philadelphia, Pennsylvania, USA},
 pages = {290--294},
 numpages = {5},
 url = {http://doi.acm.org/10.1145/236452.236558},
 doi = {10.1145/236452.236558},
 acmid = {236558},
 publisher = {ACM},
 address = {New York, NY, USA},
}

@inproceedings{Ericson:2014:APP:2632320.2632324,
 author = {Ericson, Barbara J.},
 title = {Adaptive Parsons Problems with Discourse Rules},
 booktitle = {Proceedings of the Tenth Annual Conference on International Computing Education Research},
 series = {ICER '14},
 year = {2014},
 isbn = {978-1-4503-2755-8},
 location = {Glasgow, Scotland, United Kingdom},
 pages = {145--146},
 numpages = {2},
 url = {http://doi.acm.org/10.1145/2632320.2632324},
 doi = {10.1145/2632320.2632324},
 acmid = {2632324},
 publisher = {ACM},
 address = {New York, NY, USA},
 keywords = {learning programming, parsons problems},
}

@inproceedings{Ericson:2015:APP:2787622.2787740,
 author = {Ericson, Barbara J.},
 title = {Adaptive Parsons Problems with Discourse Rules},
 booktitle = {Proceedings of the Eleventh Annual International Conference on International Computing Education Research},
 series = {ICER '15},
 year = {2015},
 isbn = {978-1-4503-3630-7},
 location = {Omaha, Nebraska, USA},
 pages = {259--260},
 numpages = {2},
 url = {http://doi.acm.org/10.1145/2787622.2787740},
 doi = {10.1145/2787622.2787740},
 acmid = {2787740},
 publisher = {ACM},
 address = {New York, NY, USA},
 keywords = {learning programming, parsons problems},
}

@inproceedings{Ericson:2016:DAP:2960310.2960342,
 author = {Ericson, Barbara J.},
 title = {Dynamically Adaptive Parsons Problems},
 booktitle = {Proceedings of the 2016 ACM Conference on International Computing Education Research},
 series = {ICER '16},
 year = {2016},
 isbn = {978-1-4503-4449-4},
 location = {Melbourne, VIC, Australia},
 pages = {269--270},
 numpages = {2},
 url = {http://doi.acm.org/10.1145/2960310.2960342},
 doi = {10.1145/2960310.2960342},
 acmid = {2960342},
 publisher = {ACM},
 address = {New York, NY, USA},
 keywords = {adaptive learning, ebook, learning programming, online learning, parsons problems},
}

@inproceedings{Roschelle:2006:CIT:1150034.1150122,
 author = {Roschelle, Jeremy and Penuel, William R.},
 title = {Co-design of Innovations with Teachers: Definition and Dynamics},
 booktitle = {Proceedings of the 7th International Conference on Learning Sciences},
 series = {ICLS '06},
 year = {2006},
 isbn = {0-8058-6174-2},
 location = {Bloomington, Indiana},
 pages = {606--612},
 numpages = {7},
 url = {http://dl.acm.org/citation.cfm?id=1150034.1150122},
 acmid = {1150122},
 publisher = {International Society of the Learning Sciences},
}

@article{Zingaro:2016:BRL:2938622.2927017,
 author = {Zingaro, Daniel},
 title = {BOOK REVIEW: Learner-centered Design of Computing Education: Research on Computing for Everyone},
 journal = {ACM Inroads},
 issue_date = {June 2016},
 volume = {7},
 number = {2},
 month = may,
 year = {2016},
 issn = {2153-2184},
 pages = {45--46},
 numpages = {2},
 url = {http://doi.acm.org/10.1145/2927017},
 doi = {10.1145/2927017},
 acmid = {2927017},
 publisher = {ACM},
 address = {New York, NY, USA},
}

@inproceedings{Korcuska:1996:DCL:1161135.1161162,
 author = {Korcuska, Michael and Kass, Alex and Jona, Menachem Y.},
 title = {Design Choices for Learning-by-doing Software: When to Choose Advise},
 booktitle = {Proceedings of the 1996 International Conference on Learning Sciences},
 series = {ICLS '96},
 year = {1996},
 isbn = {1-880094-23-1},
 location = {Evanston, Illinois},
 pages = {196--203},
 numpages = {8},
 url = {http://dl.acm.org/citation.cfm?id=1161135.1161162},
 acmid = {1161162},
 publisher = {International Society of the Learning Sciences},
}

@inproceedings{vanNimwegen:2006:ILA:1150034.1150148,
 author = {van Nimwegen, Christof and van Oostendorp, Herre and Burgos, Daniel and Koper, Rob},
 title = {Does an Interface with Less Assistance Provoke More Thoughtful Behavior?},
 booktitle = {Proceedings of the 7th International Conference on Learning Sciences},
 series = {ICLS '06},
 year = {2006},
 isbn = {0-8058-6174-2},
 location = {Bloomington, Indiana},
 pages = {785--791},
 numpages = {7},
 url = {http://dl.acm.org/citation.cfm?id=1150034.1150148},
 acmid = {1150148},
 publisher = {International Society of the Learning Sciences},
}

@inproceedings{Kelleher:2005:STD:1054972.1055047,
 author = {Kelleher, Caitlin and Pausch, Randy and Pausch, Randy},
 title = {Stencils-based Tutorials: Design and Evaluation},
 booktitle = {Proceedings of the SIGCHI Conference on Human Factors in Computing Systems},
 series = {CHI '05},
 year = {2005},
 isbn = {1-58113-998-5},
 location = {Portland, Oregon, USA},
 pages = {541--550},
 numpages = {10},
 url = {http://doi.acm.org/10.1145/1054972.1055047},
 doi = {10.1145/1054972.1055047},
 acmid = {1055047},
 publisher = {ACM},
 address = {New York, NY, USA},
 keywords = {interaction technique, transparent overlay, tutorials, user interface design},
}

@inproceedings{Park:2013:CWD:2485760.2485845,
 author = {Park, Thomas H. and Magee, Rachel M. and Wiedenbeck, Susan and Forte, Andrea},
 title = {Children As Webmakers: Designing a Web Editor for Beginners},
 booktitle = {Proceedings of the 12th International Conference on Interaction Design and Children},
 series = {IDC '13},
 year = {2013},
 isbn = {978-1-4503-1918-8},
 location = {New York, New York, USA},
 pages = {419--422},
 numpages = {4},
 url = {http://doi.acm.org/10.1145/2485760.2485845},
 doi = {10.1145/2485760.2485845},
 acmid = {2485845},
 publisher = {ACM},
 address = {New York, NY, USA},
 keywords = {HTML, children, learning, web development},
}

@inproceedings{Oja:2010:DCI:1753846.1754059,
 author = {Oja, Mari-Klara},
 title = {Designing for Collaboration: Improving Usability of Complex Software Systems},
 booktitle = {CHI '10 Extended Abstracts on Human Factors in Computing Systems},
 series = {CHI EA '10},
 year = {2010},
 isbn = {978-1-60558-930-5},
 location = {Atlanta, Georgia, USA},
 pages = {3799--3804},
 numpages = {6},
 url = {http://doi.acm.org/10.1145/1753846.1754059},
 doi = {10.1145/1753846.1754059},
 acmid = {1754059},
 publisher = {ACM},
 address = {New York, NY, USA},
 keywords = {complex software systems, human-computer collaboration, usability},
}

@inproceedings{Quintana:1998:SEU:286498.286785,
 author = {Quintana, Chris and Soloway, Elliot and Krajcik, Joseph and Carra, Andrew and Houser, Matt and McDonald, Mike and Mouradian, Mike and Saarela, Aaron and Vyas, Naresh and Wisnudel, Michele},
 title = {Symphony: Exploring User Interface Representations for Learner-centered Process Scaffolding},
 booktitle = {CHI 98 Conference Summary on Human Factors in Computing Systems},
 series = {CHI '98},
 year = {1998},
 isbn = {1-58113-028-7},
 location = {Los Angeles, California, USA},
 pages = {311--312},
 numpages = {2},
 url = {http://doi.acm.org/10.1145/286498.286785},
 doi = {10.1145/286498.286785},
 acmid = {286785},
 publisher = {ACM},
 address = {New York, NY, USA},
 keywords = {learner-centered tools, process scaffolding, process visualization, supportive integrated environments},
}

@article{Norman:1996:LE:227210.227215,
 author = {Norman, Donald A. and Spohrer, James C.},
 title = {Learner-centered Education},
 journal = {Commun. ACM},
 issue_date = {April 1996},
 volume = {39},
 number = {4},
 month = apr,
 year = {1996},
 issn = {0001-0782},
 pages = {24--27},
 numpages = {4},
 url = {http://doi.acm.org/10.1145/227210.227215},
 doi = {10.1145/227210.227215},
 acmid = {227215},
 publisher = {ACM},
 address = {New York, NY, USA},
}

@article{Resnick:1996:PSC:234757.234762,
 author = {Resnick, Mitchel and Bruckman, Amy and Martin, Fred},
 title = {Pianos Not Stereos: Creating Computational Construction Kits},
 journal = {interactions},
 issue_date = {Sept./Oct. 1996},
 volume = {3},
 number = {5},
 month = sep,
 year = {1996},
 issn = {1072-5520},
 pages = {40--50},
 numpages = {11},
 url = {http://doi.acm.org/10.1145/234757.234762},
 doi = {10.1145/234757.234762},
 acmid = {234762},
 publisher = {ACM},
 address = {New York, NY, USA},
}

@inproceedings{Quintana:1999:SCS:302979.303136,
 author = {Quintana, Chris and Eng, Jim and Carra, Andrew and Wu, Hsin-Kai and Soloway, Elliot},
 title = {Symphony: A Case Study in Extending Learner-centered Design Through Process Space Analysis},
 booktitle = {Proceedings of the SIGCHI Conference on Human Factors in Computing Systems},
 series = {CHI '99},
 year = {1999},
 isbn = {0-201-48559-1},
 location = {Pittsburgh, Pennsylvania, USA},
 pages = {473--480},
 numpages = {8},
 url = {http://doi.acm.org/10.1145/302979.303136},
 doi = {10.1145/302979.303136},
 acmid = {303136},
 publisher = {ACM},
 address = {New York, NY, USA},
 keywords = {learner-centered design, process spaces, processes scaffolding, scaffolded integrated tool environments},
}

@inproceedings{Dede:1996:MLC:1161135.1161139,
 author = {Dede, Chris and Salzman, Marilyn C. and Loftin, R. Bowen},
 title = {MaxwellWorld: Learning Complex Scientific Concepts via Immersion in Virtual Reality},
 booktitle = {Proceedings of the 1996 International Conference on Learning Sciences},
 series = {ICLS '96},
 year = {1996},
 isbn = {1-880094-23-1},
 location = {Evanston, Illinois},
 pages = {22--29},
 numpages = {8},
 url = {http://dl.acm.org/citation.cfm?id=1161135.1161139},
 acmid = {1161139},
 publisher = {International Society of the Learning Sciences},
}

@inproceedings{Loh:1998:PPD:274644.274728,
 author = {Loh, Ben and Radinsky, Josh and Russell, Eric and Gomez, Louis M. and Reiser, Brian J. and Edelson, Daniel C.},
 title = {The Progress Portfolio: Designing Reflective Tools for a Classroom Context},
 booktitle = {Proceedings of the SIGCHI Conference on Human Factors in Computing Systems},
 series = {CHI '98},
 year = {1998},
 isbn = {0-201-30987-4},
 location = {Los Angeles, California, USA},
 pages = {627--634},
 numpages = {8},
 url = {http://dx.doi.org/10.1145/274644.274728},
 doi = {10.1145/274644.274728},
 acmid = {274728},
 publisher = {ACM Press/Addison-Wesley Publishing Co.},
 address = {New York, NY, USA},
 keywords = {children, collaborative learning, education applications, inquiry support tools, learner-centered design},
}

@inproceedings{Moher:2008:LPP:1599871.1599882,
 author = {Moher, Tom},
 title = {Learning and Participation in a Persistent Whole-classroom Seismology Simulation},
 booktitle = {Proceedings of the 8th International Conference on International Conference for the Learning Sciences - Volume 2},
 series = {ICLS'08},
 year = {2008},
 location = {Utrecht, The Netherlands},
 pages = {82--90},
 numpages = {9},
 url = {http://dl.acm.org/citation.cfm?id=1599871.1599882},
 acmid = {1599882},
 publisher = {International Society of the Learning Sciences},
}

@inproceedings{Zaharias:2006:UEM:1125451.1125738,
 author = {Zaharias, Panagiotis},
 title = {A Usability Evaluation Method for e-Learning: Focus on Motivation to Learn},
 booktitle = {CHI '06 Extended Abstracts on Human Factors in Computing Systems},
 series = {CHI EA '06},
 year = {2006},
 isbn = {1-59593-298-4},
 location = {Montr\&\#233;al, Qu\&\#233;bec, Canada},
 pages = {1571--1576},
 numpages = {6},
 url = {http://doi.acm.org/10.1145/1125451.1125738},
 doi = {10.1145/1125451.1125738},
 acmid = {1125738},
 publisher = {ACM},
 address = {New York, NY, USA},
 keywords = {e-learning, motivation to learn, usability evaluation method, users' affect},
}

@inproceedings{Wang:2018:MEM:3173574.3174085,
 author = {Wang, April Y. and Mitts, Ryan and Guo, Philip J. and Chilana, Parmit K.},
 title = {Mismatch of Expectations: How Modern Learning Resources Fail Conversational Programmers},
 booktitle = {Proceedings of the 2018 CHI Conference on Human Factors in Computing Systems},
 series = {CHI '18},
 year = {2018},
 isbn = {978-1-4503-5620-6},
 location = {Montreal QC, Canada},
 pages = {511:1--511:13},
 articleno = {511},
 numpages = {13},
 url = {http://doi.acm.org/10.1145/3173574.3174085},
 doi = {10.1145/3173574.3174085},
 acmid = {3174085},
 publisher = {ACM},
 address = {New York, NY, USA},
 keywords = {conversational programmers, learner-centered design, programming literacy, technical conversations},
}

@article{Jackson:1996:LTS:227210.227224,
 author = {Jackson, Shari L. and Stratford, Steven J. and Krajcik, Joseph and Soloway, Elliot},
 title = {A Learner-centered Tool for Students Building Models},
 journal = {Commun. ACM},
 issue_date = {April 1996},
 volume = {39},
 number = {4},
 month = apr,
 year = {1996},
 issn = {0001-0782},
 pages = {48--49},
 numpages = {2},
 url = {http://doi.acm.org/10.1145/227210.227224},
 doi = {10.1145/227210.227224},
 acmid = {227224},
 publisher = {ACM},
 address = {New York, NY, USA},
}

@inproceedings{Ellis:2001:DPT:365024.365317,
 author = {Ellis, Jason B. and Bruckman, Amy S.},
 title = {Designing Palaver Tree Online: Supporting Social Roles in a Community of Oral History},
 booktitle = {Proceedings of the SIGCHI Conference on Human Factors in Computing Systems},
 series = {CHI '01},
 year = {2001},
 isbn = {1-58113-327-8},
 location = {Seattle, Washington, USA},
 pages = {474--481},
 numpages = {8},
 url = {http://doi.acm.org/10.1145/365024.365317},
 doi = {10.1145/365024.365317},
 acmid = {365317},
 publisher = {ACM},
 address = {New York, NY, USA},
 keywords = {CSCL, children, online community, user-centered design},
}

@inproceedings{Garzotto:2010:ISC:1810543.1810613,
 author = {Garzotto, Franca and Paolini, Paolo and Sabiescu, Amalia},
 title = {Interactive Storytelling for Children},
 booktitle = {Proceedings of the 9th International Conference on Interaction Design and Children},
 series = {IDC '10},
 year = {2010},
 isbn = {978-1-60558-951-0},
 location = {Barcelona, Spain},
 pages = {356--359},
 numpages = {4},
 url = {http://doi.acm.org/10.1145/1810543.1810613},
 doi = {10.1145/1810543.1810613},
 acmid = {1810613},
 publisher = {ACM},
 address = {New York, NY, USA},
 keywords = {benefit, children, design, education, evaluation, interactive storytelling, learning, social interaction},
}

@inproceedings{Schoop:2016:DSS:2851581.2892429,
 author = {Schoop, Eldon and Nguyen, Michelle and Lim, Daniel and Savage, Valkyrie and Follmer, Sean and Hartmann, Bj\"{o}rn},
 title = {Drill Sergeant: Supporting Physical Construction Projects Through an Ecosystem of Augmented Tools},
 booktitle = {Proceedings of the 2016 CHI Conference Extended Abstracts on Human Factors in Computing Systems},
 series = {CHI EA '16},
 year = {2016},
 isbn = {978-1-4503-4082-3},
 location = {San Jose, California, USA},
 pages = {1607--1614},
 numpages = {8},
 url = {http://doi.acm.org/10.1145/2851581.2892429},
 doi = {10.1145/2851581.2892429},
 acmid = {2892429},
 publisher = {ACM},
 address = {New York, NY, USA},
 keywords = {DIY, learning instructional systems, multi-machine ecosystems, smart tools},
}

@inproceedings{Barkhuus:2011:TSL:1979742.1979616,
 author = {Barkhuus, Louise and Lecusay, Robert},
 title = {Technologies and Social Learning in an Urban After-school Center},
 booktitle = {CHI '11 Extended Abstracts on Human Factors in Computing Systems},
 series = {CHI EA '11},
 year = {2011},
 isbn = {978-1-4503-0268-5},
 location = {Vancouver, BC, Canada},
 pages = {273--282},
 numpages = {10},
 url = {http://doi.acm.org/10.1145/1979742.1979616},
 doi = {10.1145/1979742.1979616},
 acmid = {1979616},
 publisher = {ACM},
 address = {New York, NY, USA},
 keywords = {children, education, ethnography, learning technologies},
}

@inproceedings{Rogers:2004:AWD:1017833.1017834,
 author = {Rogers, Y. and Price, S. and Fitzpatrick, G. and Fleck, R. and Harris, E. and Smith, H. and Randell, C. and Muller, H. and O'Malley, C. and Stanton, D. and Thompson, M. and Weal, M.},
 title = {Ambient Wood: Designing New Forms of Digital Augmentation for Learning Outdoors},
 booktitle = {Proceedings of the 2004 Conference on Interaction Design and Children: Building a Community},
 series = {IDC '04},
 year = {2004},
 isbn = {1-58113-791-5},
 location = {Maryland},
 pages = {3--10},
 numpages = {8},
 url = {http://doi.acm.org/10.1145/1017833.1017834},
 doi = {10.1145/1017833.1017834},
 acmid = {1017834},
 publisher = {ACM},
 address = {New York, NY, USA},
 keywords = {digital augmentation, mobile learning, outdoor learning, reflective learning, ubiquitous computing},
}

@article{Barr:2016:ICN:3013530.2994590,
 author = {Barr, Valerie and Guzdial, Mark},
 title = {Introducing CS to Newcomers, and JES As a Teaching Tool},
 journal = {Commun. ACM},
 issue_date = {November 2016},
 volume = {59},
 number = {11},
 month = oct,
 year = {2016},
 issn = {0001-0782},
 pages = {10--11},
 numpages = {2},
 url = {http://doi.acm.org/10.1145/2994590},
 doi = {10.1145/2994590},
 acmid = {2994590},
 publisher = {ACM},
 address = {New York, NY, USA},
}

@inproceedings{Luchini:2004:DGL:985692.985710,
 author = {Luchini, Kathleen and Quintana, Chris and Soloway, Elliot},
 title = {Design Guidelines for Learner-centered Handheld Tools},
 booktitle = {Proceedings of the SIGCHI Conference on Human Factors in Computing Systems},
 series = {CHI '04},
 year = {2004},
 isbn = {1-58113-702-8},
 location = {Vienna, Austria},
 pages = {135--142},
 numpages = {8},
 url = {http://doi.acm.org/10.1145/985692.985710},
 doi = {10.1145/985692.985710},
 acmid = {985710},
 publisher = {ACM},
 address = {New York, NY, USA},
 keywords = {handhelds, learner-centered design},
}

@inproceedings{Reiser:2002:WSS:1658616.1658652,
 author = {Reiser, Brian J.},
 title = {Why Scaffolding Should Sometimes Make Tasks More Difficult for Learners},
 booktitle = {Proceedings of the Conference on Computer Support for Collaborative Learning: Foundations for a CSCL Community},
 series = {CSCL '02},
 year = {2002},
 location = {Boulder, Colorado},
 pages = {255--264},
 numpages = {10},
 url = {http://dl.acm.org/citation.cfm?id=1658616.1658652},
 acmid = {1658652},
 publisher = {International Society of the Learning Sciences},
 keywords = {interactive learning environments, scaffolding, science education},
}

@inproceedings{Moher:2006:EPS:1124772.1124875,
 author = {Moher, Tom},
 title = {Embedded Phenomena: Supporting Science Learning with Classroom-sized Distributed Simulations},
 booktitle = {Proceedings of the SIGCHI Conference on Human Factors in Computing Systems},
 series = {CHI '06},
 year = {2006},
 isbn = {1-59593-372-7},
 location = {Montr\&\#233;al, Qu\&\#233;bec, Canada},
 pages = {691--700},
 numpages = {10},
 url = {http://doi.acm.org/10.1145/1124772.1124875},
 doi = {10.1145/1124772.1124875},
 acmid = {1124875},
 publisher = {ACM},
 address = {New York, NY, USA},
 keywords = {classroom learning, embedded phenomena, science inquiry},
}

@inproceedings{Kolyda:2013:TSL:2507065.2507077,
 author = {Kolyda, Frantzeska},
 title = {Towards Simplifying Learning Systems: A Critical Review},
 booktitle = {Proceedings of the 31st ACM International Conference on Design of Communication},
 series = {SIGDOC '13},
 year = {2013},
 isbn = {978-1-4503-2131-0},
 location = {Greenville, North Carolina, USA},
 pages = {85--90},
 numpages = {6},
 url = {http://doi.acm.org/10.1145/2507065.2507077},
 doi = {10.1145/2507065.2507077},
 acmid = {2507077},
 publisher = {ACM},
 address = {New York, NY, USA},
 keywords = {educational technology, learning, learning systems, user-centered design},
}

@inproceedings{Schreurs:2013:VSL:2460296.2460305,
 author = {Schreurs, Bieke and Teplovs, Chris and Ferguson, Rebecca and de Laat, Maarten and Buckingham Shum, Simon},
 title = {Visualizing Social Learning Ties by Type and Topic: Rationale and Concept Demonstrator},
 booktitle = {Proceedings of the Third International Conference on Learning Analytics and Knowledge},
 series = {LAK '13},
 year = {2013},
 isbn = {978-1-4503-1785-6},
 location = {Leuven, Belgium},
 pages = {33--37},
 numpages = {5},
 url = {http://doi.acm.org/10.1145/2460296.2460305},
 doi = {10.1145/2460296.2460305},
 acmid = {2460305},
 publisher = {ACM},
 address = {New York, NY, USA},
 keywords = {networked learning, social learning analytics, social network analysis, visualization},
}

@inproceedings{DiSalvo:2016:PDT:2858036.2858405,
 author = {DiSalvo, Betsy},
 title = {Participatory Design Through a Learning Science Lens},
 booktitle = {Proceedings of the 2016 CHI Conference on Human Factors in Computing Systems},
 series = {CHI '16},
 year = {2016},
 isbn = {978-1-4503-3362-7},
 location = {San Jose, California, USA},
 pages = {4459--4463},
 numpages = {5},
 url = {http://doi.acm.org/10.1145/2858036.2858405},
 doi = {10.1145/2858036.2858405},
 acmid = {2858405},
 publisher = {ACM},
 address = {New York, NY, USA},
 keywords = {active learning, collaboration, learning, learning science, metacognition, participatory design},
}

@inproceedings{Kolodner:1999:DDA:1150240.1150277,
 author = {Kolodner, Janet L. and Nagel, Kristine},
 title = {The Design Discussion Area: A Collaborative Learning Tool in Support of Learning from Problem-solving and Design Activities},
 booktitle = {Proceedings of the 1999 Conference on Computer Support for Collaborative Learning},
 series = {CSCL '99},
 year = {1999},
 location = {Palo Alto, California},
 articleno = {37},
 url = {http://dl.acm.org/citation.cfm?id=1150240.1150277},
 acmid = {1150277},
 publisher = {International Society of the Learning Sciences},
 keywords = {case-based reasoning, inquiry, learning through design},
}

@inproceedings{Stylianou:2004:SMS:1149126.1149191,
 author = {Stylianou, Agnes and Puntambekar, Sadhana},
 title = {Supporting Middle School Students Use Nonlinear Science Texts in an Inquiry Classroom},
 booktitle = {Proceedings of the 6th International Conference on Learning Sciences},
 series = {ICLS '04},
 year = {2004},
 location = {Santa Monica, California},
 pages = {529--536},
 numpages = {8},
 url = {http://dl.acm.org/citation.cfm?id=1149126.1149191},
 acmid = {1149191},
 publisher = {International Society of the Learning Sciences},
}

@inproceedings{Luchini:2003:PPC:642611.642668,
 author = {Luchini, Kathleen and Quintana, Chris and Soloway, Elliot},
 title = {Pocket PiCoMap: A Case Study in Designing and Assessing a Handheld Concept Mapping Tool for Learners},
 booktitle = {Proceedings of the SIGCHI Conference on Human Factors in Computing Systems},
 series = {CHI '03},
 year = {2003},
 isbn = {1-58113-630-7},
 location = {Ft. Lauderdale, Florida, USA},
 pages = {321--328},
 numpages = {8},
 url = {http://doi.acm.org/10.1145/642611.642668},
 doi = {10.1145/642611.642668},
 acmid = {642668},
 publisher = {ACM},
 address = {New York, NY, USA},
}

@inproceedings{Lukkarinen:2016:CTC:2999541.2999551,
 author = {Lukkarinen, Aleksi and Sorva, Juha},
 title = {Classifying the Tools of Contextualized Programming Education and Forms of Media Computation},
 booktitle = {Proceedings of the 16th Koli Calling International Conference on Computing Education Research},
 series = {Koli Calling '16},
 year = {2016},
 isbn = {978-1-4503-4770-9},
 location = {Koli, Finland},
 pages = {51--60},
 numpages = {10},
 url = {http://doi.acm.org/10.1145/2999541.2999551},
 doi = {10.1145/2999541.2999551},
 acmid = {2999551},
 publisher = {ACM},
 address = {New York, NY, USA},
 keywords = {classification, contextualized education, media computation, programming education, review, tools},
}

@inproceedings{Luchini:2002:UHS:1658616.1658796,
 author = {Luchini, Kathleen and Quintana, Chris and Curtis, Michael and Murphy, Richard and Krajcik, Joseph and Soloway, Elliot and Suthers, Daniel},
 title = {Using Handhelds to Support Collaborative Learning},
 booktitle = {Proceedings of the Conference on Computer Support for Collaborative Learning: Foundations for a CSCL Community},
 series = {CSCL '02},
 year = {2002},
 location = {Boulder, Colorado},
 pages = {704--705},
 numpages = {2},
 url = {http://dl.acm.org/citation.cfm?id=1658616.1658796},
 acmid = {1658796},
 publisher = {International Society of the Learning Sciences},
 keywords = {collaborative learning, concept maps, handheld computers, wireless internet},
}

@article{McCartney:2019:ICP:3310216.3310218,
 author = {McCartney, Robert and Petersen, Andrew},
 title = {ICER 2019 Call for Participation},
 journal = {SIGCSE Bull.},
 issue_date = {January 2019},
 volume = {51},
 number = {1},
 month = jan,
 year = {2019},
 issn = {0097-8418},
 pages = {3--4},
 numpages = {2},
 url = {http://doi.acm.org/10.1145/3310216.3310218},
 doi = {10.1145/3310216.3310218},
 acmid = {3310218},
 publisher = {ACM},
 address = {New York, NY, USA},
}

@inproceedings{Robinson:2016:SPE:2978249.2978265,
 author = {Robinson, William},
 title = {From Scratch to Patch: Easing the Blocks-Text Transition},
 booktitle = {Proceedings of the 11th Workshop in Primary and Secondary Computing Education},
 series = {WiPSCE '16},
 year = {2016},
 isbn = {978-1-4503-4223-0},
 location = {M\&\#252;nster, Germany},
 pages = {96--99},
 numpages = {4},
 url = {http://doi.acm.org/10.1145/2978249.2978265},
 doi = {10.1145/2978249.2978265},
 acmid = {2978265},
 publisher = {ACM},
 address = {New York, NY, USA},
 keywords = {Algorithmic thinking, Blocks-based programming, Blocks-text transition, Novice programmers},
}

@inproceedings{Quintana:2017:PPU:3027063.3053355,
 author = {Quintana, Rebecca M. and Haley, Stephanie R. and Levick, Adam and Holman, Caitlin and Hayward, Ben and Wojan, Mike},
 title = {The Persona Party: Using Personas to Design for Learning at Scale},
 booktitle = {Proceedings of the 2017 CHI Conference Extended Abstracts on Human Factors in Computing Systems},
 series = {CHI EA '17},
 year = {2017},
 isbn = {978-1-4503-4656-6},
 location = {Denver, Colorado, USA},
 pages = {933--941},
 numpages = {9},
 url = {http://doi.acm.org/10.1145/3027063.3053355},
 doi = {10.1145/3027063.3053355},
 acmid = {3053355},
 publisher = {ACM},
 address = {New York, NY, USA},
 keywords = {design, learning at scale, personas, product development},
}

@inproceedings{Moher:2008:WDI:1357054.1357082,
 author = {Moher, Tom and Uphoff, Brian and Bhatt, Darshan and L\'{o}pez Silva, Brenda and Malcolm, Peter},
 title = {WallCology: Designing Interaction Affordances for Learner Engagement in Authentic Science Inquiry},
 booktitle = {Proceedings of the SIGCHI Conference on Human Factors in Computing Systems},
 series = {CHI '08},
 year = {2008},
 isbn = {978-1-60558-011-1},
 location = {Florence, Italy},
 pages = {163--172},
 numpages = {10},
 url = {http://doi.acm.org/10.1145/1357054.1357082},
 doi = {10.1145/1357054.1357082},
 acmid = {1357082},
 publisher = {ACM},
 address = {New York, NY, USA},
 keywords = {embedded phenomena, science inquiry learning, ubiquitous computing},
}

@inproceedings{Moher:2009:PIW:1551788.1551808,
 author = {Moher, Tom},
 title = {Putting Interference to Work in the Design of a Whole-class Learning Activity},
 booktitle = {Proceedings of the 8th International Conference on Interaction Design and Children},
 series = {IDC '09},
 year = {2009},
 isbn = {978-1-60558-395-2},
 location = {Como, Italy},
 pages = {115--122},
 numpages = {8},
 url = {http://doi.acm.org/10.1145/1551788.1551808},
 doi = {10.1145/1551788.1551808},
 acmid = {1551808},
 publisher = {ACM},
 address = {New York, NY, USA},
 keywords = {control of variables, elementary school learners, interference, science inquiry, single-display groupware},
}

@inproceedings{Kuure:2010:CIA:1900441.1900460,
 author = {Kuure, Leena and Halkola, Eija and Iivari, Netta and Kinnula, Marianne and Molin-Juustila, Tonja},
 title = {Children Imitate!: Appreciating Recycling in Participatory Design with Children},
 booktitle = {Proceedings of the 11th Biennial Participatory Design Conference},
 series = {PDC '10},
 year = {2010},
 isbn = {978-1-4503-0131-2},
 location = {Sydney, Australia},
 pages = {131--140},
 numpages = {10},
 url = {http://doi.acm.org/10.1145/1900441.1900460},
 doi = {10.1145/1900441.1900460},
 acmid = {1900460},
 publisher = {ACM},
 address = {New York, NY, USA},
 keywords = {collaboration, design workshop, methodology, multidisciplinary research, multimodality, technology-rich everyday life},
}

@inproceedings{Tuhkala:2018:TCS:3213818.3213828,
 author = {Tuhkala, Ari and Wagner, Marie-Louise and Nielsen, Nick and Iversen, Ole Sejer and K\"{a}rkk\"{a}inen, Tommi},
 title = {Technology Comprehension: Scaling Making into a National Discipline},
 booktitle = {Proceedings of the Conference on Creativity and Making in Education},
 series = {FabLearn Europe'18},
 year = {2018},
 isbn = {978-1-4503-5371-7},
 location = {Trondheim, Norway},
 pages = {72--80},
 numpages = {9},
 url = {http://doi.acm.org/10.1145/3213818.3213828},
 doi = {10.1145/3213818.3213828},
 acmid = {3213828},
 publisher = {ACM},
 address = {New York, NY, USA},
 keywords = {computational thinking, design, discipline, education, making, national, scaling, teachers, technology comprehension},
}

@inproceedings{Kafai:2013:STK:2445196.2445373,
 author = {Kafai, Yasmin B. and Burke, Quinn},
 title = {The Social Turn in K-12 Programming: Moving from Computational Thinking to Computational Participation},
 booktitle = {Proceeding of the 44th ACM Technical Symposium on Computer Science Education},
 series = {SIGCSE '13},
 year = {2013},
 isbn = {978-1-4503-1868-6},
 location = {Denver, Colorado, USA},
 pages = {603--608},
 numpages = {6},
 url = {http://doi.acm.org/10.1145/2445196.2445373},
 doi = {10.1145/2445196.2445373},
 acmid = {2445373},
 publisher = {ACM},
 address = {New York, NY, USA},
 keywords = {networked commons, novice programming, tools},
}

@inproceedings{Aggarwal:2018:DAE:3159450.3159488,
 author = {Aggarwal, Ashish and Touretzky, David S. and Gardner-McCune, Christina},
 title = {Demonstrating the Ability of Elementary School Students to Reason About Programs},
 booktitle = {Proceedings of the 49th ACM Technical Symposium on Computer Science Education},
 series = {SIGCSE '18},
 year = {2018},
 isbn = {978-1-4503-5103-4},
 location = {Baltimore, Maryland, USA},
 pages = {735--740},
 numpages = {6},
 url = {http://doi.acm.org/10.1145/3159450.3159488},
 doi = {10.1145/3159450.3159488},
 acmid = {3159488},
 publisher = {ACM},
 address = {New York, NY, USA},
 keywords = {K-12 CS education, computational thinking, curriculum, mental simulation, reasoning ability},
}

@inproceedings{Quintana:2004:DII:996350.996454,
 author = {Quintana, Chris and Zhang, Meilan},
 title = {The Digital Ideakeeper: Integrating Digital Libraries with a Scaffolded Environment for Online Inquiry},
 booktitle = {Proceedings of the 4th ACM/IEEE-CS Joint Conference on Digital Libraries},
 series = {JCDL '04},
 year = {2004},
 isbn = {1-58113-832-6},
 location = {Tuscon, AZ, USA},
 pages = {388--388},
 numpages = {1},
 url = {http://doi.acm.org/10.1145/996350.996454},
 doi = {10.1145/996350.996454},
 acmid = {996454},
 publisher = {ACM},
 address = {New York, NY, USA},
 keywords = {digital libraries, online inquiry, scaffolding},
}

@article{Qian:2017:SMO:3155324.3077618,
 author = {Qian, Yizhou and Lehman, James},
 title = {Students\&\#x2019; Misconceptions and Other Difficulties in Introductory Programming: A Literature Review},
 journal = {ACM Trans. Comput. Educ.},
 issue_date = {December 2017},
 volume = {18},
 number = {1},
 month = oct,
 year = {2017},
 issn = {1946-6226},
 pages = {1:1--1:24},
 articleno = {1},
 numpages = {24},
 url = {http://doi.acm.org/10.1145/3077618},
 doi = {10.1145/3077618},
 acmid = {3077618},
 publisher = {ACM},
 address = {New York, NY, USA},
 keywords = {Misconceptions, conceptual change, constructivism, difficulties, introductory programming},
}

@article{Zaharias:2004:UER:998337.998345,
 author = {Zaharias, Panagiotis},
 title = {Usability and e-Learning: The Road Towards Integration},
 journal = {eLearn},
 issue_date = {June 2004},
 volume = {2004},
 number = {6},
 month = jun,
 year = {2004},
 issn = {1535-394X},
 pages = {4--},
 url = {http://doi.acm.org/10.1145/998337.998345},
 doi = {10.1145/998337.998345},
 acmid = {998345},
 publisher = {ACM},
 address = {New York, NY, USA},
}

@inproceedings{Leroy:2005:DLH:1065385.1065490,
 author = {Leroy, Gondy and Chuang, Serena and Huang, John and Charlop-Christy, Marjorie H.},
 title = {Digital Libraries on Handhelds for Autistic Children},
 booktitle = {Proceedings of the 5th ACM/IEEE-CS Joint Conference on Digital Libraries},
 series = {JCDL '05},
 year = {2005},
 isbn = {1-58113-876-8},
 location = {Denver, CO, USA},
 pages = {387--387},
 numpages = {1},
 url = {http://doi.acm.org/10.1145/1065385.1065490},
 doi = {10.1145/1065385.1065490},
 acmid = {1065490},
 publisher = {ACM},
 address = {New York, NY, USA},
 keywords = {autism, children, communication, handheld, interface design},
}

@article{Guo:2017:AAL:3127343.3105421,
 author = {Guo, Philip},
 title = {How Adults Ages 60+ Are Learning to Code},
 journal = {Commun. ACM},
 issue_date = {August 2017},
 volume = {60},
 number = {8},
 month = jul,
 year = {2017},
 issn = {0001-0782},
 pages = {10--11},
 numpages = {2},
 url = {http://doi.acm.org/10.1145/3105421},
 doi = {10.1145/3105421},
 acmid = {3105421},
 publisher = {ACM},
 address = {New York, NY, USA},
}

@inproceedings{Feijoo-Garcia:2019:IFP:3304221.3325587,
 author = {Feij\'{o}o-Garc\'{\i}a, Pedro G. and Gardner-McCune, Christina},
 title = {Improving Functional Programming Understanding Through Student-Created Instructional Videos},
 booktitle = {Proceedings of the 2019 ACM Conference on Innovation and Technology in Computer Science Education},
 series = {ITiCSE '19},
 year = {2019},
 isbn = {978-1-4503-6301-3},
 location = {Aberdeen, Scotland Uk},
 pages = {304--304},
 numpages = {1},
 url = {http://doi.acm.org/10.1145/3304221.3325587},
 doi = {10.1145/3304221.3325587},
 acmid = {3325587},
 publisher = {ACM},
 address = {New York, NY, USA},
 keywords = {computing education, student-created artifacts},
}

@inproceedings{Shafrir:1997:RGU:1120212.1120429,
 author = {Shafrir, Eviatar and Smith, Lee},
 title = {Responsive Graphs: Understanding Engineering Concepts Through Interactive Experience},
 booktitle = {CHI '97 Extended Abstracts on Human Factors in Computing Systems},
 series = {CHI EA '97},
 year = {1997},
 isbn = {0-89791-926-2},
 location = {Atlanta, Georgia},
 pages = {351--352},
 numpages = {2},
 url = {http://doi.acm.org/10.1145/1120212.1120429},
 doi = {10.1145/1120212.1120429},
 acmid = {1120429},
 publisher = {ACM},
 address = {New York, NY, USA},
 keywords = {Java\texttrademark applet, interaction design, interactive learning environment, mathematical modeling},
}

@article{Soloway:1996:NGH:227210.227213,
 author = {Soloway, Elliot and Pryor, Amanda},
 title = {The Next Generation in Human-computer Interaction},
 journal = {Commun. ACM},
 issue_date = {April 1996},
 volume = {39},
 number = {4},
 month = apr,
 year = {1996},
 issn = {0001-0782},
 pages = {16--18},
 numpages = {3},
 url = {http://doi.acm.org/10.1145/227210.227213},
 doi = {10.1145/227210.227213},
 acmid = {227213},
 publisher = {ACM},
 address = {New York, NY, USA},
}

@inproceedings{Touretzky:2017:SRY:3017680.3017787,
 author = {Touretzky, David S. and Gardner-McCune, Christina and Aggarwal, Ashish},
 title = {Semantic Reasoning in Young Programmers},
 booktitle = {Proceedings of the 2017 ACM SIGCSE Technical Symposium on Computer Science Education},
 series = {SIGCSE '17},
 year = {2017},
 isbn = {978-1-4503-4698-6},
 location = {Seattle, Washington, USA},
 pages = {585--590},
 numpages = {6},
 url = {http://doi.acm.org/10.1145/3017680.3017787},
 doi = {10.1145/3017680.3017787},
 acmid = {3017787},
 publisher = {ACM},
 address = {New York, NY, USA},
 keywords = {formal reasoning, kodu game lab, programming idioms},
}

@inproceedings{Scott:2004:CHC:1017833.1017862,
 author = {Scott, Lisa Ann and Zimmerman, Robert and Chang, Hsin-Yi and Heitzman, Mary and Krajcik, Joseph and McNeill, Kate Lynch and Quintana, Chris and Soloway, Elliot},
 title = {Chemation: A Handheld Chemistry Modeling and Animation Tool},
 booktitle = {Proceedings of the 2004 Conference on Interaction Design and Children: Building a Community},
 series = {IDC '04},
 year = {2004},
 isbn = {1-58113-791-5},
 location = {Maryland},
 pages = {145--146},
 numpages = {2},
 url = {http://doi.acm.org/10.1145/1017833.1017862},
 doi = {10.1145/1017833.1017862},
 acmid = {1017862},
 publisher = {ACM},
 address = {New York, NY, USA},
 keywords = {animation, chemistry, handheld, modeling},
}

@inproceedings{Bagarukayo:2008:IMI:1497308.1497430,
 author = {Bagarukayo, Emily and Mbarika, Victor},
 title = {Impact of Multimedia Instructional Materials on the Attainment of Higher Order Cognitive Skills: A Literature Review},
 booktitle = {Proceedings of the 10th International Conference on Information Integration and Web-based Applications \& Services},
 series = {iiWAS '08},
 year = {2008},
 isbn = {978-1-60558-349-5},
 location = {Linz, Austria},
 pages = {642--646},
 numpages = {5},
 url = {http://doi.acm.org/10.1145/1497308.1497430},
 doi = {10.1145/1497308.1497430},
 acmid = {1497430},
 publisher = {ACM},
 address = {New York, NY, USA},
 keywords = {higher order cognitive skills, learning, multimedia, teaching},
}

@inproceedings{Chang:2006:SAS:1150034.1150045,
 author = {Chang, Hsin-Yi and Quintana, Chris},
 title = {Student-generated Animations: Supporting Middle School Students' Visualization, Interpretation and Reasoning of Chemical Phenomena},
 booktitle = {Proceedings of the 7th International Conference on Learning Sciences},
 series = {ICLS '06},
 year = {2006},
 isbn = {0-8058-6174-2},
 location = {Bloomington, Indiana},
 pages = {71--77},
 numpages = {7},
 url = {http://dl.acm.org/citation.cfm?id=1150034.1150045},
 acmid = {1150045},
 publisher = {International Society of the Learning Sciences},
}

@inproceedings{Hinske:2008:TGD:1394445.1394454,
 author = {Hinske, Steve and Langheinrich, Marc and Lampe, Matthias},
 title = {Towards Guidelines for Designing Augmented Toy Environments},
 booktitle = {Proceedings of the 7th ACM Conference on Designing Interactive Systems},
 series = {DIS '08},
 year = {2008},
 isbn = {978-1-60558-002-9},
 location = {Cape Town, South Africa},
 pages = {78--87},
 numpages = {10},
 url = {http://doi.acm.org/10.1145/1394445.1394454},
 doi = {10.1145/1394445.1394454},
 acmid = {1394454},
 publisher = {ACM},
 address = {New York, NY, USA},
 keywords = {augmented toy environments, design guidelines, interactive systems, mixed reality, pervasive computing},
}

@inproceedings{Griffin:2016:LTA:2978192.2978231,
 author = {Griffin, Jean M.},
 title = {Learning by Taking Apart: Deconstructing Code by Reading, Tracing, and Debugging},
 booktitle = {Proceedings of the 17th Annual Conference on Information Technology Education},
 series = {SIGITE '16},
 year = {2016},
 isbn = {978-1-4503-4452-4},
 location = {Boston, Massachusetts, USA},
 pages = {148--153},
 numpages = {6},
 url = {http://doi.acm.org/10.1145/2978192.2978231},
 doi = {10.1145/2978192.2978231},
 acmid = {2978231},
 publisher = {ACM},
 address = {New York, NY, USA},
 keywords = {constructionism, cs0, cs1, debugging, deconstructionism, worked examples},
}

@inproceedings{Lyons:2007:SCM:1240866.1240879,
 author = {Lyons, Leilah Blakeney},
 title = {Scaffolding Cooperative Multi-device Activities in an Informal Learning Environment},
 booktitle = {CHI '07 Extended Abstracts on Human Factors in Computing Systems},
 series = {CHI EA '07},
 year = {2007},
 isbn = {978-1-59593-642-4},
 location = {San Jose, CA, USA},
 pages = {1669--1672},
 numpages = {4},
 url = {http://doi.acm.org/10.1145/1240866.1240879},
 doi = {10.1145/1240866.1240879},
 acmid = {1240879},
 publisher = {ACM},
 address = {New York, NY, USA},
 keywords = {co-located cooperation, complex systems, distributed scaffolding, informal learning, microworlds, multi-device interfaces, multi-user interfaces, simulations},
}

@article{Guzdial:2017:BTC:3098997.3077227,
 author = {Guzdial, Mark},
 title = {Balancing Teaching CS Efficiently with Motivating Students},
 journal = {Commun. ACM},
 issue_date = {June 2017},
 volume = {60},
 number = {6},
 month = may,
 year = {2017},
 issn = {0001-0782},
 pages = {10--11},
 numpages = {2},
 url = {http://doi.acm.org/10.1145/3077227},
 doi = {10.1145/3077227},
 acmid = {3077227},
 publisher = {ACM},
 address = {New York, NY, USA},
}

@inproceedings{Guo:2018:NES:3173574.3173970,
 author = {Guo, Philip J.},
 title = {Non-Native English Speakers Learning Computer Programming: Barriers, Desires, and Design Opportunities},
 booktitle = {Proceedings of the 2018 CHI Conference on Human Factors in Computing Systems},
 series = {CHI '18},
 year = {2018},
 isbn = {978-1-4503-5620-6},
 location = {Montreal QC, Canada},
 pages = {396:1--396:14},
 articleno = {396},
 numpages = {14},
 url = {http://doi.acm.org/10.1145/3173574.3173970},
 doi = {10.1145/3173574.3173970},
 acmid = {3173970},
 publisher = {ACM},
 address = {New York, NY, USA},
 keywords = {learning programming, non-native english speakers},
}

@inproceedings{Kuhn:2009:SNW:1551788.1551834,
 author = {Kuhn, Alex and Quintana, Chris and Soloway, Elliot},
 title = {StoryTime: A New Way for Children to Write},
 booktitle = {Proceedings of the 8th International Conference on Interaction Design and Children},
 series = {IDC '09},
 year = {2009},
 isbn = {978-1-60558-395-2},
 location = {Como, Italy},
 pages = {218--221},
 numpages = {4},
 url = {http://doi.acm.org/10.1145/1551788.1551834},
 doi = {10.1145/1551788.1551834},
 acmid = {1551834},
 publisher = {ACM},
 address = {New York, NY, USA},
 keywords = {children's literacy, finger-touch interface, learner-centered design, mobile learning, usability},
}

@inproceedings{Harris:2010:EDS:1854360.1854394,
 author = {Harris, Christopher J. and Phillips, Rachel S. and Penuel, William R.},
 title = {Eliciting and Developing Students' Ideas and Questions in a Learner-centered Environmental Biology Unit},
 booktitle = {Proceedings of the 9th International Conference of the Learning Sciences - Volume 1},
 series = {ICLS '10},
 year = {2010},
 location = {Chicago, Illinois},
 pages = {261--268},
 numpages = {8},
 url = {http://dl.acm.org/citation.cfm?id=1854360.1854394},
 acmid = {1854394},
 publisher = {International Society of the Learning Sciences},
}

@inproceedings{Scott:2013:PIP:2502081.2502209,
 author = {Scott, Michael James},
 title = {Projective Identity and Procedural Rhetoric in Educational Multimedia: Towards the Enrichment of Programming Self-concept and Growth Mindset with Fantasy Role-play},
 booktitle = {Proceedings of the 21st ACM International Conference on Multimedia},
 series = {MM '13},
 year = {2013},
 isbn = {978-1-4503-2404-5},
 location = {Barcelona, Spain},
 pages = {1031--1034},
 numpages = {4},
 url = {http://doi.acm.org/10.1145/2502081.2502209},
 doi = {10.1145/2502081.2502209},
 acmid = {2502209},
 publisher = {ACM},
 address = {New York, NY, USA},
 keywords = {education, fantasy, implicit beliefs, learning, mindset, multimedia, procedural rhetoric, programming, projective identity, role-play, self-concept, self-enhancement},
}

@inproceedings{Quintana:2004:INS:985921.986056,
 author = {Quintana, Chris and Zhang, Meilan},
 title = {IdeaKeeper Notepads: Scaffolding Digital Library Information Analysis in Online Inquiry},
 booktitle = {CHI '04 Extended Abstracts on Human Factors in Computing Systems},
 series = {CHI EA '04},
 year = {2004},
 isbn = {1-58113-703-6},
 location = {Vienna, Austria},
 pages = {1329--1332},
 numpages = {4},
 url = {http://doi.acm.org/10.1145/985921.986056},
 doi = {10.1145/985921.986056},
 acmid = {986056},
 publisher = {ACM},
 address = {New York, NY, USA},
 keywords = {digital libraries, education, online inquiry, scaffolding},
}

@article{Guzdial:2016:IST:3022085.3005674,
 author = {Guzdial, Mark and Reed, Daniel},
 title = {ICER 2016, and Star Trek at 50},
 journal = {Commun. ACM},
 issue_date = {December 2016},
 volume = {59},
 number = {12},
 month = dec,
 year = {2016},
 issn = {0001-0782},
 pages = {18--19},
 numpages = {2},
 url = {http://doi.acm.org/10.1145/3005674},
 doi = {10.1145/3005674},
 acmid = {3005674},
 publisher = {ACM},
 address = {New York, NY, USA},
}

@article{diSessa:1999:SL:311147.311150,
 author = {diSessa, Andrea A.},
 title = {How Should Students Learn?},
 journal = {SIGDOC Asterisk J. Comput. Doc.},
 issue_date = {May 1999},
 volume = {23},
 number = {2},
 month = may,
 year = {1999},
 issn = {0731-1001},
 pages = {14--18},
 numpages = {5},
 url = {http://doi.acm.org/10.1145/311147.311150},
 doi = {10.1145/311147.311150},
 acmid = {311150},
 publisher = {ACM},
 address = {New York, NY, USA},
}

@article{Moser:2013:CGD:2581893.2581917,
 author = {Moser, Christiane},
 title = {Child-centered Game Development (CCGD): Developing Games with Children at School},
 journal = {Personal Ubiquitous Comput.},
 issue_date = {December  2013},
 volume = {17},
 number = {8},
 month = dec,
 year = {2013},
 issn = {1617-4909},
 pages = {1647--1661},
 numpages = {15},
 url = {https://doi.org/10.1007/s00779-012-0528-z},
 doi = {10.1007/s00779-012-0528-z},
 acmid = {2581917},
 publisher = {Springer-Verlag},
 address = {Berlin, Heidelberg},
 keywords = {Child---computer interaction, Educational pedagogy, Game design, Participatory design, User-centered design},
}

@article{Guzdial:2016:SBC:2907055.2892708,
 author = {Guzdial, Mark and Arquilla, John},
 title = {Sampling Bias in CS Education, and Where's the Cyber Strategy?},
 journal = {Commun. ACM},
 issue_date = {April 2016},
 volume = {59},
 number = {4},
 month = mar,
 year = {2016},
 issn = {0001-0782},
 pages = {10--11},
 numpages = {2},
 url = {http://doi.acm.org/10.1145/2892708},
 doi = {10.1145/2892708},
 acmid = {2892708},
 publisher = {ACM},
 address = {New York, NY, USA},
}

@inproceedings{Hoang:2017:ASP:3025453.3025860,
 author = {Hoang, Thuong and Reinoso, Martin and Joukhadar, Zaher and Vetere, Frank and Kelly, David},
 title = {Augmented Studio: Projection Mapping on Moving Body for Physiotherapy Education},
 booktitle = {Proceedings of the 2017 CHI Conference on Human Factors in Computing Systems},
 series = {CHI '17},
 year = {2017},
 isbn = {978-1-4503-4655-9},
 location = {Denver, Colorado, USA},
 pages = {1419--1430},
 numpages = {12},
 url = {http://doi.acm.org/10.1145/3025453.3025860},
 doi = {10.1145/3025453.3025860},
 acmid = {3025860},
 publisher = {ACM},
 address = {New York, NY, USA},
 keywords = {annotation, physiotherapy education, projection mapping, spatial augmented reality},
}

@inproceedings{Coyle:2011:EEC:1978942.1979378,
 author = {Coyle, David and McGlade, Nicola and Doherty, Gavin and O'Reilly, Gary},
 title = {Exploratory Evaluations of a Computer Game Supporting Cognitive Behavioural Therapy for Adolescents},
 booktitle = {Proceedings of the SIGCHI Conference on Human Factors in Computing Systems},
 series = {CHI '11},
 year = {2011},
 isbn = {978-1-4503-0228-9},
 location = {Vancouver, BC, Canada},
 pages = {2937--2946},
 numpages = {10},
 url = {http://doi.acm.org/10.1145/1978942.1979378},
 doi = {10.1145/1978942.1979378},
 acmid = {1979378},
 publisher = {ACM},
 address = {New York, NY, USA},
 keywords = {adolescent mental health, cognitive behavioural therapy, complex health interventions, computer games, evaluations},
}

@inproceedings{DesPortes:2017:GES:3078072.3079733,
 author = {DesPortes, Kayla and DiSalvo, Betsy},
 title = {Where Are the Glass-Boxes?: Examining the Spectrum of Modularity in Physical Computing Hardware Tools},
 booktitle = {Proceedings of the 2017 Conference on Interaction Design and Children},
 series = {IDC '17},
 year = {2017},
 isbn = {978-1-4503-4921-5},
 location = {Stanford, California, USA},
 pages = {292--297},
 numpages = {6},
 url = {http://doi.acm.org/10.1145/3078072.3079733},
 doi = {10.1145/3078072.3079733},
 acmid = {3079733},
 publisher = {ACM},
 address = {New York, NY, USA},
 keywords = {design for learning, electronics, microcontroller, physical computing education},
}

@inproceedings{Flanagan:2005:VPD:1054972.1055076,
 author = {Flanagan, Mary and Howe, Daniel C. and Nissenbaum, Helen},
 title = {Values at Play: Design Tradeoffs in Socially-oriented Game Design},
 booktitle = {Proceedings of the SIGCHI Conference on Human Factors in Computing Systems},
 series = {CHI '05},
 year = {2005},
 isbn = {1-58113-998-5},
 location = {Portland, Oregon, USA},
 pages = {751--760},
 numpages = {10},
 url = {http://doi.acm.org/10.1145/1054972.1055076},
 doi = {10.1145/1054972.1055076},
 acmid = {1055076},
 publisher = {ACM},
 address = {New York, NY, USA},
 keywords = {gender and computing, programming pedagogy, social issues, values},
}

@inproceedings{Smith:1998:NGU:274644.274702,
 author = {Smith, Brian K. and Reiser, Brian J.},
 title = {National Geographic Unplugged: Classroom-centered Design of Interactive Nature Films},
 booktitle = {Proceedings of the SIGCHI Conference on Human Factors in Computing Systems},
 series = {CHI '98},
 year = {1998},
 isbn = {0-201-30987-4},
 location = {Los Angeles, California, USA},
 pages = {424--431},
 numpages = {8},
 url = {http://dx.doi.org/10.1145/274644.274702},
 doi = {10.1145/274644.274702},
 acmid = {274702},
 publisher = {ACM Press/Addison-Wesley Publishing Co.},
 address = {New York, NY, USA},
 keywords = {children, collaborative learning, educational applications, interaction design, multimedia, social issues, video},
}

@inproceedings{Iivari:2016:IIC:2971485.2971531,
 author = {Iivari, Netta and Kinnula, Marianne},
 title = {Inclusive or Inflexible: A Critical Analysis of the School Context in Supporting Children's Genuine Participation},
 booktitle = {Proceedings of the 9th Nordic Conference on Human-Computer Interaction},
 series = {NordiCHI '16},
 year = {2016},
 isbn = {978-1-4503-4763-1},
 location = {Gothenburg, Sweden},
 pages = {63:1--63:10},
 articleno = {63},
 numpages = {10},
 url = {http://doi.acm.org/10.1145/2971485.2971531},
 doi = {10.1145/2971485.2971531},
 acmid = {2971531},
 publisher = {ACM},
 address = {New York, NY, USA},
 keywords = {Children, genuine participation, school, teacher},
}

@inproceedings{Kuhn:2010:SSI:1753846.1753987,
 author = {Kuhn, Alex and Cahill, Clara and Quintana, Chris and Soloway, Elliot},
 title = {Scaffolding Science Inquiry in Museums with Zydeco},
 booktitle = {CHI '10 Extended Abstracts on Human Factors in Computing Systems},
 series = {CHI EA '10},
 year = {2010},
 isbn = {978-1-60558-930-5},
 location = {Atlanta, Georgia, USA},
 pages = {3373--3378},
 numpages = {6},
 url = {http://doi.acm.org/10.1145/1753846.1753987},
 doi = {10.1145/1753846.1753987},
 acmid = {1753987},
 publisher = {ACM},
 address = {New York, NY, USA},
 keywords = {adaptive scaffolding, collaboration, context-aware, learner-centered design, mobile computing, science inquiry learning},
}

@inproceedings{Jul:2003:DL:765891.766139,
 author = {Jul, Susanne and Quintana, Chris},
 title = {Designing for Learning},
 booktitle = {CHI '03 Extended Abstracts on Human Factors in Computing Systems},
 series = {CHI EA '03},
 year = {2003},
 isbn = {1-58113-637-4},
 location = {Ft. Lauderdale, Florida, USA},
 pages = {1042--1043},
 numpages = {2},
 url = {http://doi.acm.org/10.1145/765891.766139},
 doi = {10.1145/765891.766139},
 acmid = {766139},
 publisher = {ACM},
 address = {New York, NY, USA},
 keywords = {design, design guidelines, design problem analysis, design theory, learning},
}

@inproceedings{Kuhn:2011:CSA:1979742.1979937,
 author = {Kuhn, Alex and McNally, Brenna and Cahill, Clara and Quintana, Chris and Soloway, Elliot},
 title = {Constructing Scientific Arguments with User Collected Data in Nomadic Inquiry},
 booktitle = {CHI '11 Extended Abstracts on Human Factors in Computing Systems},
 series = {CHI EA '11},
 year = {2011},
 isbn = {978-1-4503-0268-5},
 location = {Vancouver, BC, Canada},
 pages = {2167--2172},
 numpages = {6},
 url = {http://doi.acm.org/10.1145/1979742.1979937},
 doi = {10.1145/1979742.1979937},
 acmid = {1979937},
 publisher = {ACM},
 address = {New York, NY, USA},
 keywords = {argument creation, learner-centered design, nomadic inquiry, scaffolding, tagging},
}

@article{Philip:2017:LMT:3055102.2976735,
 author = {Philip, Thomas M.},
 title = {Learning with Mobile Technologies},
 journal = {Commun. ACM},
 issue_date = {March 2017},
 volume = {60},
 number = {3},
 month = feb,
 year = {2017},
 issn = {0001-0782},
 pages = {34--36},
 numpages = {3},
 url = {http://doi.acm.org/10.1145/2976735},
 doi = {10.1145/2976735},
 acmid = {2976735},
 publisher = {ACM},
 address = {New York, NY, USA},
}

@inproceedings{Cahill:2010:ZUM:1810543.1810564,
 author = {Cahill, Clara and Kuhn, Alex and Schmoll, Shannon and Pompe, Alex and Quintana, Chris},
 title = {Zydeco: Using Mobile and Web Technologies to Support Seamless Inquiry Between Museum and School Contexts},
 booktitle = {Proceedings of the 9th International Conference on Interaction Design and Children},
 series = {IDC '10},
 year = {2010},
 isbn = {978-1-60558-951-0},
 location = {Barcelona, Spain},
 pages = {174--177},
 numpages = {4},
 url = {http://doi.acm.org/10.1145/1810543.1810564},
 doi = {10.1145/1810543.1810564},
 acmid = {1810564},
 publisher = {ACM},
 address = {New York, NY, USA},
 keywords = {informal learning, learner-centered design, mobile devices, mobile learning, museums, nomadic inquiry, scaffolding},
}

@inproceedings{Benvenuti:2012:EDL:2448136.2448177,
 author = {Benvenuti, Laura and Rogier, Els and van der Veer, Gerrit C.},
 title = {e-Learning in a Distance Learning Curriculum: A Workplace Approach},
 booktitle = {Proceedings of the 30th European Conference on Cognitive Ergonomics},
 series = {ECCE '12},
 year = {2012},
 isbn = {978-1-4503-1786-3},
 location = {Edinburgh, United Kingdom},
 pages = {185--188},
 numpages = {4},
 url = {http://doi.acm.org/10.1145/2448136.2448177},
 doi = {10.1145/2448136.2448177},
 acmid = {2448177},
 publisher = {ACM},
 address = {New York, NY, USA},
 keywords = {blended academic education, distance learning, interaction design, internet based learning environments},
}

@inproceedings{Dorn:2010:LJC:1753326.1753430,
 author = {Dorn, Brian and Guzdial, Mark},
 title = {Learning on the Job: Characterizing the Programming Knowledge and Learning Strategies of Web Designers},
 booktitle = {Proceedings of the SIGCHI Conference on Human Factors in Computing Systems},
 series = {CHI '10},
 year = {2010},
 isbn = {978-1-60558-929-9},
 location = {Atlanta, Georgia, USA},
 pages = {703--712},
 numpages = {10},
 url = {http://doi.acm.org/10.1145/1753326.1753430},
 doi = {10.1145/1753326.1753430},
 acmid = {1753430},
 publisher = {ACM},
 address = {New York, NY, USA},
 keywords = {informal learning, web development},
}

@inproceedings{Lee:2004:MJF:985921.986068,
 author = {Lee, Jeremy and Luchini, Kathleen and Michael, Benjamin and Norris, Cathie and Soloway, Elliot},
 title = {More Than Just Fun and Games: Assessing the Value of Educational Video Games in the Classroom},
 booktitle = {CHI '04 Extended Abstracts on Human Factors in Computing Systems},
 series = {CHI EA '04},
 year = {2004},
 isbn = {1-58113-703-6},
 location = {Vienna, Austria},
 pages = {1375--1378},
 numpages = {4},
 url = {http://doi.acm.org/10.1145/985921.986068},
 doi = {10.1145/985921.986068},
 acmid = {986068},
 publisher = {ACM},
 address = {New York, NY, USA},
 keywords = {education, gameboy, handhelds, learner-centered design},
}

@inproceedings{Ardito:2004:UET:989863.989873,
 author = {Ardito, C. and De Marsico, M. and Lanzilotti, R. and Levialdi, S. and Roselli, T. and Rossano, V. and Tersigni, M.},
 title = {Usability of E-learning Tools},
 booktitle = {Proceedings of the Working Conference on Advanced Visual Interfaces},
 series = {AVI '04},
 year = {2004},
 isbn = {1-58113-867-9},
 location = {Gallipoli, Italy},
 pages = {80--84},
 numpages = {5},
 url = {http://doi.acm.org/10.1145/989863.989873},
 doi = {10.1145/989863.989873},
 acmid = {989873},
 publisher = {ACM},
 address = {New York, NY, USA},
 keywords = {e-learning, learner centered design, usability evaluation},
}

@inproceedings{Thomas:1992:DCK:142750.142883,
 author = {Thomas, Anne Nicol and Pellegrino, James and Rowley, Peter and Scardamalia, Marlene and Soloway, Elliot and Webb, Jim},
 title = {Designing Collaborative, Knowledge-building Environments for Tomorrow's Schools},
 booktitle = {Proceedings of the SIGCHI Conference on Human Factors in Computing Systems},
 series = {CHI '92},
 year = {1992},
 isbn = {0-89791-513-5},
 location = {Monterey, California, USA},
 pages = {427--430},
 numpages = {4},
 url = {http://doi.acm.org/10.1145/142750.142883},
 doi = {10.1145/142750.142883},
 acmid = {142883},
 publisher = {ACM},
 address = {New York, NY, USA},
 keywords = {collaborative learning, education, knowledge-building},
}

@article{Wilson:2013:DAE:2432596.2432598,
 author = {Wilson, Cameron and McGettrick, Andrew and Timanovsky, Yan},
 title = {Digest of ACM Educational Activities},
 journal = {ACM Inroads},
 issue_date = {March 2013},
 volume = {4},
 number = {1},
 month = mar,
 year = {2013},
 issn = {2153-2184},
 pages = {4--7},
 numpages = {4},
 url = {http://doi.acm.org/10.1145/2432596.2432598},
 doi = {10.1145/2432596.2432598},
 acmid = {2432598},
 publisher = {ACM},
 address = {New York, NY, USA},
}

@inproceedings{Mehlenbacher:2009:MCC:1621995.1622007,
 author = {Mehlenbacher, Brad},
 title = {Multidisciplinarity and 21st Century Communication Design},
 booktitle = {Proceedings of the 27th ACM International Conference on Design of Communication},
 series = {SIGDOC '09},
 year = {2009},
 isbn = {978-1-60558-559-8},
 location = {Bloomington, Indiana, USA},
 pages = {59--66},
 numpages = {8},
 url = {http://doi.acm.org/10.1145/1621995.1622007},
 doi = {10.1145/1621995.1622007},
 acmid = {1622007},
 publisher = {ACM},
 address = {New York, NY, USA},
 keywords = {communication, cross-disciplinary, design, education, interdisciplinary, multidisciplinary, transdisciplinary, work},
}

@inproceedings{Prates:2005:EET:1056808.1057006,
 author = {Prates, Raquel Oliveira and de Figueiredo, Rosa Maria Videira},
 title = {An Experience with an Enriched Task Model for Educational Software},
 booktitle = {CHI '05 Extended Abstracts on Human Factors in Computing Systems},
 series = {CHI EA '05},
 year = {2005},
 isbn = {1-59593-002-7},
 location = {Portland, OR, USA},
 pages = {1721--1724},
 numpages = {4},
 url = {http://doi.acm.org/10.1145/1056808.1057006},
 doi = {10.1145/1056808.1057006},
 acmid = {1057006},
 publisher = {ACM},
 address = {New York, NY, USA},
 keywords = {educational applications, scaffolding, task models},
}

@article{Wang:2012:IDE:2038772.2038801,
 author = {Wang, Xiaohong (Sophie) and Souders, Joshua},
 title = {Improving Debugging Education Through Applied Learning},
 journal = {J. Comput. Sci. Coll.},
 issue_date = {January 2012},
 volume = {27},
 number = {3},
 month = jan,
 year = {2012},
 issn = {1937-4771},
 pages = {138--145},
 numpages = {8},
 url = {http://dl.acm.org/citation.cfm?id=2038772.2038801},
 acmid = {2038801},
 publisher = {Consortium for Computing Sciences in Colleges},
 address = {USA},
}

@inproceedings{Rappin:1997:BUL:258549.258995,
 author = {Rappin, Noel and Guzdial, Mark and Realff, Matthew and Ludovice, Pete},
 title = {Balancing Usability and Learning in an Interface},
 booktitle = {Proceedings of the ACM SIGCHI Conference on Human Factors in Computing Systems},
 series = {CHI '97},
 year = {1997},
 isbn = {0-89791-802-9},
 location = {Atlanta, Georgia, USA},
 pages = {479--486},
 numpages = {8},
 url = {http://doi.acm.org/10.1145/258549.258995},
 doi = {10.1145/258549.258995},
 acmid = {258995},
 publisher = {ACM},
 address = {New York, NY, USA},
 keywords = {interface design, learners, modeling, simulation},
}

@article{Vat:2000:TSP:331795.331892,
 author = {Vat, Kam Hou},
 title = {Teaching Software Psychology: Expanding the Perspective},
 journal = {SIGCSE Bull.},
 issue_date = {Mar. 2000},
 volume = {32},
 number = {1},
 month = mar,
 year = {2000},
 issn = {0097-8418},
 pages = {392--396},
 numpages = {5},
 url = {http://doi.acm.org/10.1145/331795.331892},
 doi = {10.1145/331795.331892},
 acmid = {331892},
 publisher = {ACM},
 address = {New York, NY, USA},
}

@inproceedings{Vat:2000:TSP:330908.331892,
 author = {Vat, Kam Hou},
 title = {Teaching Software Psychology: Expanding the Perspective},
 booktitle = {Proceedings of the Thirty-first SIGCSE Technical Symposium on Computer Science Education},
 series = {SIGCSE '00},
 year = {2000},
 isbn = {1-58113-213-1},
 location = {Austin, Texas, USA},
 pages = {392--396},
 numpages = {5},
 url = {http://doi.acm.org/10.1145/330908.331892},
 doi = {10.1145/330908.331892},
 acmid = {331892},
 publisher = {ACM},
 address = {New York, NY, USA},
}

@article{Holzinger:2005:LSM:1125280.1125284,
 author = {Holzinger, Andreas and Nischelwitzer, Alexander and Meisenberger, Matthias},
 title = {Lifelong-learning Support by M-learning: Example Scenarios},
 journal = {eLearn},
 issue_date = {November 2005},
 volume = {2005},
 number = {11},
 month = nov,
 year = {2005},
 issn = {1535-394X},
 pages = {2--},
 url = {http://doi.acm.org/10.1145/1125280.1125284},
 doi = {10.1145/1125280.1125284},
 acmid = {1125284},
 publisher = {ACM},
 address = {New York, NY, USA},
}

@article{Yadin:2011:RDR:2038876.2038894,
 author = {Yadin, Aharon},
 title = {Reducing the Dropout Rate in an Introductory Programming Course},
 journal = {ACM Inroads},
 issue_date = {December 2011},
 volume = {2},
 number = {4},
 month = dec,
 year = {2011},
 issn = {2153-2184},
 pages = {71--76},
 numpages = {6},
 url = {http://doi.acm.org/10.1145/2038876.2038894},
 doi = {10.1145/2038876.2038894},
 acmid = {2038894},
 publisher = {ACM},
 address = {New York, NY, USA},
 keywords = {introductory programming course, reducing dropout},
}

@article{Beth:2015:TDC:2846537.2829978,
 author = {Beth, Bradley and Lin, Calvin and Veletsianos, George},
 title = {Training a Diverse Computer Science Teacher Population},
 journal = {ACM Inroads},
 issue_date = {December 2015},
 volume = {6},
 number = {4},
 month = nov,
 year = {2015},
 issn = {2153-2184},
 pages = {94--97},
 numpages = {4},
 url = {http://doi.acm.org/10.1145/2829978},
 doi = {10.1145/2829978},
 acmid = {2829978},
 publisher = {ACM},
 address = {New York, NY, USA},
}

@article{Jun:2018:DPS:3290265.3274353,
 author = {Jun, Eunice and Jo, Blue A. and Oliveira, Nigini and Reinecke, Katharina},
 title = {Digestif: Promoting Science Communication in Online Experiments},
 journal = {Proc. ACM Hum.-Comput. Interact.},
 issue_date = {November 2018},
 volume = {2},
 number = {CSCW},
 month = nov,
 year = {2018},
 issn = {2573-0142},
 pages = {84:1--84:26},
 articleno = {84},
 numpages = {26},
 url = {http://doi.acm.org/10.1145/3274353},
 doi = {10.1145/3274353},
 acmid = {3274353},
 publisher = {ACM},
 address = {New York, NY, USA},
}

@inproceedings{Hutchinson:2006:EIC:1139073.1139101,
 author = {Hutchinson, Hilary Browne and Bederson, Benjamin B. and Druin, Allison},
 title = {The Evolution of the International Children's Digital Library Searching and Browsing Interface},
 booktitle = {Proceedings of the 2006 Conference on Interaction Design and Children},
 series = {IDC '06},
 year = {2006},
 location = {Tampere, Finland},
 pages = {105--112},
 numpages = {8},
 url = {http://doi.acm.org/10.1145/1139073.1139101},
 doi = {10.1145/1139073.1139101},
 acmid = {1139101},
 publisher = {ACM},
 address = {New York, NY, USA},
 keywords = {browse, category browser, children, digital library, search},
}

@inproceedings{Santana:2019:AGV:3287324.3287414,
 author = {Santana, Alan de Oliveira and Aranha, Eduardo},
 title = {An Approach to Generate Virtual Tutors for Game Programming Classes},
 booktitle = {Proceedings of the 50th ACM Technical Symposium on Computer Science Education},
 series = {SIGCSE '19},
 year = {2019},
 isbn = {978-1-4503-5890-3},
 location = {Minneapolis, MN, USA},
 pages = {246--252},
 numpages = {7},
 url = {http://doi.acm.org/10.1145/3287324.3287414},
 doi = {10.1145/3287324.3287414},
 acmid = {3287414},
 publisher = {ACM},
 address = {New York, NY, USA},
 keywords = {education, game programming classes, virtual tutors},
}

@inproceedings{Sigurdson:2017:SPM:3141880.3141888,
 author = {Sigurdson, Nikki and Petersen, Andrew},
 title = {Student Perspectives on Mathematics in Computer Science},
 booktitle = {Proceedings of the 17th Koli Calling International Conference on Computing Education Research},
 series = {Koli Calling '17},
 year = {2017},
 isbn = {978-1-4503-5301-4},
 location = {Koli, Finland},
 pages = {108--117},
 numpages = {10},
 url = {http://doi.acm.org/10.1145/3141880.3141888},
 doi = {10.1145/3141880.3141888},
 acmid = {3141888},
 publisher = {ACM},
 address = {New York, NY, USA},
 keywords = {curriculum, identity, mathematics},
}

@inproceedings{Abbas:2002:MSC:544220.544239,
 author = {Abbas, June and Norris, Cathleen and Soloway, Elliott},
 title = {Middle School Children's Use of the ARTEMIS Digital Library},
 booktitle = {Proceedings of the 2Nd ACM/IEEE-CS Joint Conference on Digital Libraries},
 series = {JCDL '02},
 year = {2002},
 isbn = {1-58113-513-0},
 location = {Portland, Oregon, USA},
 pages = {98--105},
 numpages = {8},
 url = {http://doi.acm.org/10.1145/544220.544239},
 doi = {10.1145/544220.544239},
 acmid = {544239},
 publisher = {ACM},
 address = {New York, NY, USA},
 keywords = {children, information retrieval, information seeking, representation, scaffolds},
}

@inproceedings{Maniar:2007:DMG:1255047.1255110,
 author = {Maniar, Nipan and Bennett, Emily},
 title = {Designing a Mobile Game to Reduce Culture Shock},
 booktitle = {Proceedings of the International Conference on Advances in Computer Entertainment Technology},
 series = {ACE '07},
 year = {2007},
 isbn = {978-1-59593-640-0},
 location = {Salzburg, Austria},
 pages = {252--253},
 numpages = {2},
 url = {http://doi.acm.org/10.1145/1255047.1255110},
 doi = {10.1145/1255047.1255110},
 acmid = {1255110},
 publisher = {ACM},
 address = {New York, NY, USA},
 keywords = {culture shock, games, m-learning, mobile devices},
}

@article{RoBling:2008:ELM:1473195.1473239,
 author = {R\"{o}\ssling, Guido and Joy, Mike and Moreno, Andr{\'e}s and Radenski, Atanas and Malmi, Lauri and Kerren, Andreas and Naps, Thomas and Ross, Rockford J. and Clancy, Michael and Korhonen, Ari and Oechsle, Rainer and Iturbide, J. \'{A}ngel Vel\'{a}zquez},
 title = {Enhancing Learning Management Systems to Better Support Computer Science Education},
 journal = {SIGCSE Bull.},
 issue_date = {December 2008},
 volume = {40},
 number = {4},
 month = nov,
 year = {2008},
 issn = {0097-8418},
 pages = {142--166},
 numpages = {25},
 url = {http://doi.acm.org/10.1145/1473195.1473239},
 doi = {10.1145/1473195.1473239},
 acmid = {1473239},
 publisher = {ACM},
 address = {New York, NY, USA},
 keywords = {CALMS, LMS, computer science education, computing augmented learning management system, learning management system},
}

@inproceedings{Lim:2018:PVW:3242587.3242660,
 author = {Lim, Sarah and Hibschman, Joshua and Zhang, Haoqi and O'Rourke, Eleanor},
 title = {Ply: A Visual Web Inspector for Learning from Professional Webpages},
 booktitle = {Proceedings of the 31st Annual ACM Symposium on User Interface Software and Technology},
 series = {UIST '18},
 year = {2018},
 isbn = {978-1-4503-5948-1},
 location = {Berlin, Germany},
 pages = {991--1002},
 numpages = {12},
 url = {http://doi.acm.org/10.1145/3242587.3242660},
 doi = {10.1145/3242587.3242660},
 acmid = {3242660},
 publisher = {ACM},
 address = {New York, NY, USA},
 keywords = {CSS, authentic learning, developer tools, web inspection},
}

@inproceedings{Slotta:2009:TTC:1599503.1599509,
 author = {Slotta, James and Aleahmad, Turadg},
 title = {Toward a Technology Community in the Learning Sciences},
 booktitle = {Proceedings of the 9th International Conference on Computer Supported Collaborative Learning - Volume 2},
 series = {CSCL'09},
 year = {2009},
 isbn = {978-1-4092-8598-4},
 location = {Rhodes, Greece},
 pages = {12--14},
 numpages = {3},
 url = {http://dl.acm.org/citation.cfm?id=1599503.1599509},
 acmid = {1599509},
 publisher = {International Society of the Learning Sciences},
}

@article{Vredenburg:1999:IEU:301353.301419,
 author = {Vredenburg, Karel},
 title = {Increasing Ease of Use},
 journal = {Commun. ACM},
 issue_date = {May 1999},
 volume = {42},
 number = {5},
 month = may,
 year = {1999},
 issn = {0001-0782},
 pages = {67--71},
 numpages = {5},
 url = {http://doi.acm.org/10.1145/301353.301419},
 doi = {10.1145/301353.301419},
 acmid = {301419},
 publisher = {ACM},
 address = {New York, NY, USA},
}

@inproceedings{Leung:2009:ILM:1520340.1520443,
 author = {Leung, Rock},
 title = {Improving the Learnability of Mobile Device Applications for Older Adults},
 booktitle = {CHI '09 Extended Abstracts on Human Factors in Computing Systems},
 series = {CHI EA '09},
 year = {2009},
 isbn = {978-1-60558-247-4},
 location = {Boston, MA, USA},
 pages = {3125--3128},
 numpages = {4},
 url = {http://doi.acm.org/10.1145/1520340.1520443},
 doi = {10.1145/1520340.1520443},
 acmid = {1520443},
 publisher = {ACM},
 address = {New York, NY, USA},
 keywords = {graphical icons, learnability, mobile devices, multi-layered interfaces, older adults, scaffolding},
}

@inproceedings{Mbogo:2016:DUS:2899415.2899456,
 author = {Mbogo, Chao and Blake, Edwin and Suleman, Hussein},
 title = {Design and Use of Static Scaffolding Techniques to Support Java Programming on a Mobile Phone},
 booktitle = {Proceedings of the 2016 ACM Conference on Innovation and Technology in Computer Science Education},
 series = {ITiCSE '16},
 year = {2016},
 isbn = {978-1-4503-4231-5},
 location = {Arequipa, Peru},
 pages = {314--319},
 numpages = {6},
 url = {http://doi.acm.org/10.1145/2899415.2899456},
 doi = {10.1145/2899415.2899456},
 acmid = {2899456},
 publisher = {ACM},
 address = {New York, NY, USA},
 keywords = {java, mobile phone, programming, scaffolding, static},
}

@inproceedings{Zheng:2006:CIM:1150034.1150161,
 author = {Zheng, Dongping and Young, Michael},
 title = {Comparing Instructional Methods for Teaching Technology in Education to Preservice Teachers Using Logistic Regression},
 booktitle = {Proceedings of the 7th International Conference on Learning Sciences},
 series = {ICLS '06},
 year = {2006},
 isbn = {0-8058-6174-2},
 location = {Bloomington, Indiana},
 pages = {873--879},
 numpages = {7},
 url = {http://dl.acm.org/citation.cfm?id=1150034.1150161},
 acmid = {1150161},
 publisher = {International Society of the Learning Sciences},
}

@inproceedings{Conrad:1999:IEL:1150240.1150252,
 author = {Conrad,III, William H. and Zaritsky, Raul and Munroe, Michael},
 title = {Infusing Engaged Learning Strategies and Modeling Software into Sixth Grade Classrooms: The Achieving High Academic Standards Project (AHAS)},
 booktitle = {Proceedings of the 1999 Conference on Computer Support for Collaborative Learning},
 series = {CSCL '99},
 year = {1999},
 location = {Palo Alto, California},
 articleno = {12},
 url = {http://dl.acm.org/citation.cfm?id=1150240.1150252},
 acmid = {1150252},
 publisher = {International Society of the Learning Sciences},
 keywords = {collaboration (university/school/industry), improving classroom teaching, modeling tools and activities in education},
}

@article{Vat:2001:WAS:775339.775391,
 author = {Vat, Kam Hou},
 title = {Web-based Asynchronous Support for Collaborative Learning},
 journal = {J. Comput. Sci. Coll.},
 issue_date = {December 2001},
 volume = {17},
 number = {2},
 month = dec,
 year = {2001},
 issn = {1937-4771},
 pages = {326--344},
 numpages = {19},
 url = {http://dl.acm.org/citation.cfm?id=775339.775391},
 acmid = {775391},
 publisher = {Consortium for Computing Sciences in Colleges},
 address = {USA},
}

@inproceedings{Kang:2019:PPS:3311927.3323135,
 author = {Kang, Seokbin and Norooz, Leyla and Bonsignore, Elizabeth and Byrne, Virginia and Clegg, Tamara and Froehlich, Jon E.},
 title = {PrototypAR: Prototyping and Simulating Complex Systems with Paper Craft and Augmented Reality},
 booktitle = {Proceedings of the 18th ACM International Conference on Interaction Design and Children},
 series = {IDC '19},
 year = {2019},
 isbn = {978-1-4503-6690-8},
 location = {Boise, ID, USA},
 pages = {253--266},
 numpages = {14},
 url = {http://doi.acm.org/10.1145/3311927.3323135},
 doi = {10.1145/3311927.3323135},
 acmid = {3323135},
 publisher = {ACM},
 address = {New York, NY, USA},
 keywords = {Augmented reality, Children, Learning, Tangible interaction},
}

@inproceedings{Adroin:2000:DDS:337180.337212,
 author = {Adroin, W. Richards},
 title = {Developing and Deploying Software Engineering Courseware in an Adaptable Curriculum Framework},
 booktitle = {Proceedings of the 22Nd International Conference on Software Engineering},
 series = {ICSE '00},
 year = {2000},
 isbn = {1-58113-206-9},
 location = {Limerick, Ireland},
 pages = {284--292},
 numpages = {9},
 url = {http://doi.acm.org/10.1145/337180.337212},
 doi = {10.1145/337180.337212},
 acmid = {337212},
 publisher = {ACM},
 address = {New York, NY, USA},
 keywords = {educational technology, multimedia courseware, pedagogy, software engineering education, teaching and learning},
}

@inproceedings{Han:2008:EEM:1599812.1599850,
 author = {Han, In Sook and Kinzer, Charles K.},
 title = {Examining the Effectiveness of a Multimedia Case-based Environment for Teaching Technology Integration to Korean Preservice Teachers},
 booktitle = {Proceedings of the 8th International Conference on International Conference for the Learning Sciences - Volume 1},
 series = {ICLS'08},
 year = {2008},
 location = {Utrecht, The Netherlands},
 pages = {319--326},
 numpages = {8},
 url = {http://dl.acm.org/citation.cfm?id=1599812.1599850},
 acmid = {1599850},
 publisher = {International Society of the Learning Sciences},
}

@article{Soloway:2000:LEK:323830.323838,
 author = {Soloway, Elliot and Norris, Cathleen and Blumenfeld, Phyllis and Fishman, Barry and Krajcik, Joseph and Marx, Ronald},
 title = {Log on Education: K-12 and the Internet},
 journal = {Commun. ACM},
 issue_date = {Jan. 2000},
 volume = {43},
 number = {1},
 month = jan,
 year = {2000},
 issn = {0001-0782},
 pages = {19--},
 url = {http://doi.acm.org/10.1145/323830.323838},
 doi = {10.1145/323830.323838},
 acmid = {323838},
 publisher = {ACM},
 address = {New York, NY, USA},
}

@inproceedings{Kasto:2014:SS:2667490.2667506,
 author = {Kasto, Nadia and Whalley, Jacqueline and Philpott, Anne and Whalley, David},
 title = {Solution Spaces},
 booktitle = {Proceedings of the Sixteenth Australasian Computing Education Conference - Volume 148},
 series = {ACE '14},
 year = {2014},
 isbn = {978-1-921770-31-9},
 location = {Auckland, New Zealand},
 pages = {133--137},
 numpages = {5},
 url = {http://dl.acm.org/citation.cfm?id=2667490.2667506},
 acmid = {2667506},
 publisher = {Australian Computer Society, Inc.},
 address = {Darlinghurst, Australia, Australia},
 keywords = {assessment, code writing, novice programmers, task complexity},
}

@inproceedings{An:2019:UER:3290605.3300321,
 author = {An, Pengcheng and Bakker, Saskia and Ordanovski, Sara and Taconis, Ruurd and Paffen, Chris L.E. and Eggen, Berry},
 title = {Unobtrusively Enhancing Reflection-in-Action of Teachers Through Spatially Distributed Ambient Information},
 booktitle = {Proceedings of the 2019 CHI Conference on Human Factors in Computing Systems},
 series = {CHI '19},
 year = {2019},
 isbn = {978-1-4503-5970-2},
 location = {Glasgow, Scotland Uk},
 pages = {91:1--91:14},
 articleno = {91},
 numpages = {14},
 url = {http://doi.acm.org/10.1145/3290605.3300321},
 doi = {10.1145/3290605.3300321},
 acmid = {3300321},
 publisher = {ACM},
 address = {New York, NY, USA},
 keywords = {ambient information system, distributed cognition, periphery of attention, reflection-in-action, reflective practitioner, teacher},
}

@inproceedings{Guo:2017:OAL:3025453.3025945,
 author = {Guo, Philip J.},
 title = {Older Adults Learning Computer Programming: Motivations, Frustrations, and Design Opportunities},
 booktitle = {Proceedings of the 2017 CHI Conference on Human Factors in Computing Systems},
 series = {CHI '17},
 year = {2017},
 isbn = {978-1-4503-4655-9},
 location = {Denver, Colorado, USA},
 pages = {7070--7083},
 numpages = {14},
 url = {http://doi.acm.org/10.1145/3025453.3025945},
 doi = {10.1145/3025453.3025945},
 acmid = {3025945},
 publisher = {ACM},
 address = {New York, NY, USA},
 keywords = {computational literacy, learning programming, older adults},
}

@inproceedings{Ronen:2006:AAS:1150034.1150121,
 author = {Ronen, Miky and Kohen-Vacs, Dan and Raz-Fogel, Nohar},
 title = {Adopt \& Adapt: Structuring, Sharing and Reusing Asynchronous Collaborative Pedagogy},
 booktitle = {Proceedings of the 7th International Conference on Learning Sciences},
 series = {ICLS '06},
 year = {2006},
 isbn = {0-8058-6174-2},
 location = {Bloomington, Indiana},
 pages = {599--605},
 numpages = {7},
 url = {http://dl.acm.org/citation.cfm?id=1150034.1150121},
 acmid = {1150121},
 publisher = {International Society of the Learning Sciences},
}

@inproceedings{Cahill:2011:MLM:1999030.1999033,
 author = {Cahill, Clara and Kuhn, Alex and Schmoll, Shannon and Lo, Wan-Tzu and McNally, Brenna and Quintana, Chris},
 title = {Mobile Learning in Museums: How Mobile Supports for Learning Influence Student Behavior},
 booktitle = {Proceedings of the 10th International Conference on Interaction Design and Children},
 series = {IDC '11},
 year = {2011},
 isbn = {978-1-4503-0751-2},
 location = {Ann Arbor, Michigan},
 pages = {21--28},
 numpages = {8},
 url = {http://doi.acm.org/10.1145/1999030.1999033},
 doi = {10.1145/1999030.1999033},
 acmid = {1999033},
 publisher = {ACM},
 address = {New York, NY, USA},
 keywords = {informal learning, learner-centered design, mobile devices, mobile learning, museums, nomadic inquiry, scaffolding},
}

@inproceedings{Mehlenbacher:2007:TCD:1297144.1297164,
 author = {Mehlenbacher, Brad},
 title = {Triangulating Communication Design: Emerging Models for Theory and Practice},
 booktitle = {Proceedings of the 25th Annual ACM International Conference on Design of Communication},
 series = {SIGDOC '07},
 year = {2007},
 isbn = {978-1-59593-588-5},
 location = {El Paso, Texas, USA},
 pages = {87--94},
 numpages = {8},
 url = {http://doi.acm.org/10.1145/1297144.1297164},
 doi = {10.1145/1297144.1297164},
 acmid = {1297164},
 publisher = {ACM},
 address = {New York, NY, USA},
 keywords = {communication, design, practice, theory},
}

@inproceedings{Goldman:2004:ESE:1149126.1149152,
 author = {Goldman, Shelley and Pea, Roy and Maldonado, Heidy},
 title = {Emerging Social Engineering in the Wireless Classroom},
 booktitle = {Proceedings of the 6th International Conference on Learning Sciences},
 series = {ICLS '04},
 year = {2004},
 location = {Santa Monica, California},
 pages = {222--229},
 numpages = {8},
 url = {http://dl.acm.org/citation.cfm?id=1149126.1149152},
 acmid = {1149152},
 publisher = {International Society of the Learning Sciences},
}

@inproceedings{Hogue:2010:SGC:1994486.1994494,
 author = {Hogue, Andrew and Kapralos, Bill and Pierce, Teresa},
 title = {A Serious Game for Collaborative Intercultural Business Communication},
 booktitle = {Proceedings of the 13th International Conference on Humans and Computers},
 series = {HC '10},
 year = {2010},
 location = {Aizu-Wakamatsu, Japan},
 pages = {15--21},
 numpages = {7},
 url = {http://dl.acm.org/citation.cfm?id=1994486.1994494},
 acmid = {1994494},
 publisher = {University of Aizu Press},
 address = {Fukushima-ken, Japan, Japan},
 keywords = {Second Life, collaborative learning environment, cultural sensitivity, interactive learning, learner-centered teaching, serious games},
}

@inproceedings{Campbell:2017:CME:3059009.3059027,
 author = {Campbell, Jennifer and Craig, Michelle and Law, Marcus},
 title = {Computing for Medicine: An Experience Report},
 booktitle = {Proceedings of the 2017 ACM Conference on Innovation and Technology in Computer Science Education},
 series = {ITiCSE '17},
 year = {2017},
 isbn = {978-1-4503-4704-4},
 location = {Bologna, Italy},
 pages = {281--286},
 numpages = {6},
 url = {http://doi.acm.org/10.1145/3059009.3059027},
 doi = {10.1145/3059009.3059027},
 acmid = {3059027},
 publisher = {ACM},
 address = {New York, NY, USA},
 keywords = {medicine, non-majors, novice programming},
}

@inproceedings{Patitsas:2016:ECS:2960310.2960312,
 author = {Patitsas, Elizabeth and Berlin, Jesse and Craig, Michelle and Easterbrook, Steve},
 title = {Evidence That Computer Science Grades Are Not Bimodal},
 booktitle = {Proceedings of the 2016 ACM Conference on International Computing Education Research},
 series = {ICER '16},
 year = {2016},
 isbn = {978-1-4503-4449-4},
 location = {Melbourne, VIC, Australia},
 pages = {113--121},
 numpages = {9},
 url = {http://doi.acm.org/10.1145/2960310.2960312},
 doi = {10.1145/2960310.2960312},
 acmid = {2960312},
 publisher = {ACM},
 address = {New York, NY, USA},
 keywords = {grades computer science education instructor beliefs},
}

@inproceedings{Ericson:2016:IDP:2960310.2960335,
 author = {Ericson, Barbara J. and Rogers, Kantwon and Parker, Miranda and Morrison, Briana and Guzdial, Mark},
 title = {Identifying Design Principles for CS Teacher Ebooks Through Design-Based Research},
 booktitle = {Proceedings of the 2016 ACM Conference on International Computing Education Research},
 series = {ICER '16},
 year = {2016},
 isbn = {978-1-4503-4449-4},
 location = {Melbourne, VIC, Australia},
 pages = {191--200},
 numpages = {10},
 url = {http://doi.acm.org/10.1145/2960310.2960335},
 doi = {10.1145/2960310.2960335},
 acmid = {2960335},
 publisher = {ACM},
 address = {New York, NY, USA},
 keywords = {design-based research, ebooks, electronic books, high school teacher professional development},
}

@inproceedings{Kuhn:2011:UTE:1978942.1979038,
 author = {Kuhn, Alex and Cahill, Clara and Quintana, Chris and Schmoll, Shannon},
 title = {Using Tags to Encourage Reflection and Annotation on Data During Nomadic Inquiry},
 booktitle = {Proceedings of the SIGCHI Conference on Human Factors in Computing Systems},
 series = {CHI '11},
 year = {2011},
 isbn = {978-1-4503-0228-9},
 location = {Vancouver, BC, Canada},
 pages = {667--670},
 numpages = {4},
 url = {http://doi.acm.org/10.1145/1978942.1979038},
 doi = {10.1145/1978942.1979038},
 acmid = {1979038},
 publisher = {ACM},
 address = {New York, NY, USA},
 keywords = {learner-centered design, mobile computing, mobile learning, nomadic inquiry, scaffolding, tagging},
}

@inproceedings{Wecker:2009:SSS:1600053.1600127,
 author = {Wecker, Christof and Stegmann, Karsten and Bernstein, Florian and Huber, Michael J. and Kalus, Georg and Rathmayer, Sabine and Kollar, Ingo and Fischer, Frank},
 title = {Sustainable Script and Scaffold Development for Collaboration on Varying Web Content: The S-COL Technological Approach},
 booktitle = {Proceedings of the 9th International Conference on Computer Supported Collaborative Learning - Volume 1},
 series = {CSCL'09},
 year = {2009},
 isbn = {978-1-4092-8598-4},
 location = {Rhodes, Greece},
 pages = {512--516},
 numpages = {5},
 url = {http://dl.acm.org/citation.cfm?id=1600053.1600127},
 acmid = {1600127},
 publisher = {International Society of the Learning Sciences},
}

@article{Fields:2017:YCP:3135995.3123815,
 author = {Fields, Deborah A. and Kafai, Yasmin B. and Giang, Michael T.},
 title = {Youth Computational Participation in the Wild: Understanding Experience and Equity in Participating and Programming in the Online Scratch Community},
 journal = {ACM Trans. Comput. Educ.},
 issue_date = {August 2017},
 volume = {17},
 number = {3},
 month = aug,
 year = {2017},
 issn = {1946-6226},
 pages = {15:1--15:22},
 articleno = {15},
 numpages = {22},
 url = {http://doi.acm.org/10.1145/3123815},
 doi = {10.1145/3123815},
 acmid = {3123815},
 publisher = {ACM},
 address = {New York, NY, USA},
 keywords = {Computer science education, collaborative learning, computer supported collaborative learning, educational data mining, equity, learning analytics, social networking forums, social networking sites},
}

@article{Denning:2017:MCS:3055102.3041047,
 author = {Denning, Peter J. and Tedre, Matti and Yongpradit, Pat},
 title = {Misconceptions About Computer Science},
 journal = {Commun. ACM},
 issue_date = {March 2017},
 volume = {60},
 number = {3},
 month = feb,
 year = {2017},
 issn = {0001-0782},
 pages = {31--33},
 numpages = {3},
 url = {http://doi.acm.org/10.1145/3041047},
 doi = {10.1145/3041047},
 acmid = {3041047},
 publisher = {ACM},
 address = {New York, NY, USA},
}

@inproceedings{Barendregt:2016:RDM:2930674.2935999,
 author = {Barendregt, Wolmet and Bekker, Mathilde M. and B\"{o}rjesson, Peter and Eriksson, Eva and Torgersson, Olof},
 title = {The Role Definition Matrix: Creating a Shared Understanding of Children's Participation in the Design Process},
 booktitle = {Proceedings of the The 15th International Conference on Interaction Design and Children},
 series = {IDC '16},
 year = {2016},
 isbn = {978-1-4503-4313-8},
 location = {Manchester, United Kingdom},
 pages = {577--582},
 numpages = {6},
 url = {http://doi.acm.org/10.1145/2930674.2935999},
 doi = {10.1145/2930674.2935999},
 acmid = {2935999},
 publisher = {ACM},
 address = {New York, NY, USA},
 keywords = {Participatory design, children, roles},
}

@article{Chen:2008:IAM:1352782.1352783,
 author = {Chen, Sherry Y. and Liu, Xiaohui},
 title = {An Integrated Approach for Modeling Learning Patterns of Students in Web-Based Instruction: A Cognitive Style Perspective},
 journal = {ACM Trans. Comput.-Hum. Interact.},
 issue_date = {May 2008},
 volume = {15},
 number = {1},
 month = may,
 year = {2008},
 issn = {1073-0516},
 pages = {1:1--1:28},
 articleno = {1},
 numpages = {28},
 url = {http://doi.acm.org/10.1145/1352782.1352783},
 doi = {10.1145/1352782.1352783},
 acmid = {1352783},
 publisher = {ACM},
 address = {New York, NY, USA},
 keywords = {Cognitive style, Web-based instruction, data mining, learning patterns},
}

@article{Watters:1998:DAU:268092.268113,
 author = {Watters, Carolyn and Conley, Marshall and Alexander, Cynthia},
 title = {The Digital Agora: Using Technology for Learning in the Social Sciences},
 journal = {Commun. ACM},
 issue_date = {Jan. 1998},
 volume = {41},
 number = {1},
 month = jan,
 year = {1998},
 issn = {0001-0782},
 pages = {50--57},
 numpages = {8},
 url = {http://doi.acm.org/10.1145/268092.268113},
 doi = {10.1145/268092.268113},
 acmid = {268113},
 publisher = {ACM},
 address = {New York, NY, USA},
}

@inproceedings{Hmelo-Silver:2005:PPM:1149293.1149318,
 author = {Hmelo-Silver, Cindy E. and Derry, Sharon J. and Woods, David and DelMarcelle, Matt and Chernobilsky, Ellina},
 title = {From Parallel Play to Meshed Interaction: The Evolution of the eSTEP System},
 booktitle = {Proceedings of th 2005 Conference on Computer Support for Collaborative Learning: Learning 2005: The Next 10 Years!},
 series = {CSCL '05},
 year = {2005},
 isbn = {0-8058-5782-6},
 location = {Taipei, Taiwan},
 pages = {195--204},
 numpages = {10},
 url = {http://dl.acm.org/citation.cfm?id=1149293.1149318},
 acmid = {1149318},
 publisher = {International Society of the Learning Sciences},
 keywords = {design principles, problem-based learning, scaffolding},
}

@article{Pea:1993:CVP:155049.155063,
 author = {Pea, Roy D.},
 title = {The Collaborative Visualization Project},
 journal = {Commun. ACM},
 issue_date = {May 1993},
 volume = {36},
 number = {5},
 month = may,
 year = {1993},
 issn = {0001-0782},
 pages = {60--63},
 numpages = {4},
 url = {http://doi.acm.org/10.1145/155049.155063},
 doi = {10.1145/155049.155063},
 acmid = {155063},
 publisher = {ACM},
 address = {New York, NY, USA},
}

@inproceedings{deSa:2006:LPM:1125451.1125592,
 author = {de S\'{a}, Marco and Carri\c{c}o, Lu\'{\i}s},
 title = {Low-fi Prototyping for Mobile Devices},
 booktitle = {CHI '06 Extended Abstracts on Human Factors in Computing Systems},
 series = {CHI EA '06},
 year = {2006},
 isbn = {1-59593-298-4},
 location = {Montr\&\#233;al, Qu\&\#233;bec, Canada},
 pages = {694--699},
 numpages = {6},
 url = {http://doi.acm.org/10.1145/1125451.1125592},
 doi = {10.1145/1125451.1125592},
 acmid = {1125592},
 publisher = {ACM},
 address = {New York, NY, USA},
 keywords = {design methodologies, mobile computing, paper prototyping, participatory design, usability testing},
}

@inproceedings{Prabaker:2006:EUP:1124772.1124809,
 author = {Prabaker, Madhu and Bergman, Lawrence and Castelli, Vittorio},
 title = {An Evaluation of Using Programming by Demonstration and Guided Walkthrough Techniques for Authoring and Utilizing Documentation},
 booktitle = {Proceedings of the SIGCHI Conference on Human Factors in Computing Systems},
 series = {CHI '06},
 year = {2006},
 isbn = {1-59593-372-7},
 location = {Montr\&\#233;al, Qu\&\#233;bec, Canada},
 pages = {241--250},
 numpages = {10},
 url = {http://doi.acm.org/10.1145/1124772.1124809},
 doi = {10.1145/1124772.1124809},
 acmid = {1124809},
 publisher = {ACM},
 address = {New York, NY, USA},
 keywords = {documentation authoring, guided-walkthrough, programming by demonstration},
}

@inproceedings{Black:2006:PIC:1143549.1143806,
 author = {Black, Jason T. and Hawkes, Lois Wright},
 title = {A Prototype Interface for Collaborative Mobile Learning},
 booktitle = {Proceedings of the 2006 International Conference on Wireless Communications and Mobile Computing},
 series = {IWCMC '06},
 year = {2006},
 isbn = {1-59593-306-9},
 location = {Vancouver, British Columbia, Canada},
 pages = {1277--1282},
 numpages = {6},
 url = {http://doi.acm.org/10.1145/1143549.1143806},
 doi = {10.1145/1143549.1143806},
 acmid = {1143806},
 publisher = {ACM},
 address = {New York, NY, USA},
 keywords = {Java 2 Micro Edition (J2ME), collaborative learning, handheld computers, personal digital assistants, question-answer relationships},
}

@inproceedings{Luckner:2019:LDC:3328320.3328379,
 author = {Luckner, Naemi and Purgathofer, Peter and Fitzpatrick, Geraldine},
 title = {Learning About Deadlines from a Community of Learners},
 booktitle = {Proceedings of the 9th International Conference on Communities \& Technologies - Transforming Communities},
 series = {C\&\#38;T '19},
 year = {2019},
 isbn = {978-1-4503-7162-9},
 location = {Vienna, Austria},
 pages = {189--193},
 numpages = {5},
 url = {http://doi.acm.org/10.1145/3328320.3328379},
 doi = {10.1145/3328320.3328379},
 acmid = {3328379},
 publisher = {ACM},
 address = {New York, NY, USA},
 keywords = {community of learners, deadlines, design-based research, education, peer feedback, peer review, self-directed learning},
}

@inproceedings{Guibert:2005:VDA:1148550.1148569,
 author = {Guibert, Nicolas and Guittet, Laurent and Girard, Patrick},
 title = {Validation D'Une Approche \guillemotleft Bas{\'e}e Sur Exemples ' Pour L'Apprentissage De La Programmation},
 booktitle = {Proceedings of the 17th Conference on L'Interaction Homme-Machine},
 series = {IHM '05},
 year = {2005},
 isbn = {1-59593-192-9},
 location = {Toulouse, France},
 pages = {147--154},
 numpages = {8},
 url = {http://doi.acm.org/10.1145/1148550.1148569},
 doi = {10.1145/1148550.1148569},
 acmid = {1148569},
 publisher = {ACM},
 address = {New York, NY, USA},
 keywords = {computer-aided learning \& teaching, experimentations, programming by demonstration, psychology \& didactics of programming},
}

@inproceedings{Theng:2007:MGS:1255175.1255269,
 author = {Theng, Yin-Leng and Tan, Kuah-Li and Lim, Ee-Peng and Zhang, Jun and Goh, Dion Hoe-Lian and Chatterjea, Kalyani and Chang, Chew Hung and Sun, Aixin and Yu, Han and Dang, Nam Hai and Li, Yuanyuan and Vo, Minh Chanh},
 title = {Mobile G-Portal Supporting Collaborative Sharing and Learning in Geography Fieldwork: An Empirical Study},
 booktitle = {Proceedings of the 7th ACM/IEEE-CS Joint Conference on Digital Libraries},
 series = {JCDL '07},
 year = {2007},
 isbn = {978-1-59593-644-8},
 location = {Vancouver, BC, Canada},
 pages = {462--471},
 numpages = {10},
 url = {http://doi.acm.org/10.1145/1255175.1255269},
 doi = {10.1145/1255175.1255269},
 acmid = {1255269},
 publisher = {ACM},
 address = {New York, NY, USA},
 keywords = {collaborative learning, geospatial digital libraries, mobile learning, personal digital assistant, task-technology fit model, technology acceptance model},
}

@inproceedings{Fasse:2004:BMP:1149126.1149147,
 author = {Fasse, Barbara Burks},
 title = {The Best Made Plans of Mice and Curriculum Planners: Embracing Diversity in Teacher Needs and Planning for It},
 booktitle = {Proceedings of the 6th International Conference on Learning Sciences},
 series = {ICLS '04},
 year = {2004},
 location = {Santa Monica, California},
 pages = {182--189},
 numpages = {8},
 url = {http://dl.acm.org/citation.cfm?id=1149126.1149147},
 acmid = {1149147},
 publisher = {International Society of the Learning Sciences},
}

@techreport{K-12ComputerScienceFrameworkSteeringCommittee:2016:KCS:3079760,
 author = {K-12 Computer Science Framework Steering Committee},
 title = {K-12 Computer Science Framework},
 year = {2016},
 isbn = {978-1-4503-5278-9},
 publisher = {ACM},
 address = {New York, NY, USA},
}

@inproceedings{Ko:2017:CMS:3105726.3106177,
 author = {Ko, Andrew J. and Davis, Katie},
 title = {Computing Mentorship in a Software Boomtown: Relationships to Adolescent Interest and Beliefs},
 booktitle = {Proceedings of the 2017 ACM Conference on International Computing Education Research},
 series = {ICER '17},
 year = {2017},
 isbn = {978-1-4503-4968-0},
 location = {Tacoma, Washington, USA},
 pages = {236--244},
 numpages = {9},
 url = {http://doi.acm.org/10.1145/3105726.3106177},
 doi = {10.1145/3105726.3106177},
 acmid = {3106177},
 publisher = {ACM},
 address = {New York, NY, USA},
 keywords = {computing education, interest development, mentorship},
}

@article{Haake:1999:FCL:951440.951444,
 author = {Haake, J\"{o}rg M. and Pfister, Hans-R\"{u}diger and Wessner, Martin},
 title = {Facilitating Cooperative Learning in Hypermedia Systems},
 journal = {SIGWEB Newsl.},
 issue_date = {October 1999},
 volume = {8},
 number = {3},
 month = oct,
 year = {1999},
 issn = {1931-1745},
 pages = {20--27},
 numpages = {8},
 url = {http://doi.acm.org/10.1145/951440.951444},
 doi = {10.1145/951440.951444},
 acmid = {951444},
 publisher = {ACM},
 address = {New York, NY, USA},
}

@article{Denning:2017:RTS:3098997.2998438,
 author = {Denning, Peter J.},
 title = {Remaining Trouble Spots with Computational Thinking},
 journal = {Commun. ACM},
 issue_date = {June 2017},
 volume = {60},
 number = {6},
 month = may,
 year = {2017},
 issn = {0001-0782},
 pages = {33--39},
 numpages = {7},
 url = {http://doi.acm.org/10.1145/2998438},
 doi = {10.1145/2998438},
 acmid = {2998438},
 publisher = {ACM},
 address = {New York, NY, USA},
}

@inproceedings{Resnick:1998:DMN:274644.274684,
 author = {Resnick, Mitchel and Martin, Fred and Berg, Robert and Borovoy, Rick and Colella, Vanessa and Kramer, Kwin and Silverman, Brian},
 title = {Digital Manipulatives: New Toys to Think with},
 booktitle = {Proceedings of the SIGCHI Conference on Human Factors in Computing Systems},
 series = {CHI '98},
 year = {1998},
 isbn = {0-201-30987-4},
 location = {Los Angeles, California, USA},
 pages = {281--287},
 numpages = {7},
 url = {http://dx.doi.org/10.1145/274644.274684},
 doi = {10.1145/274644.274684},
 acmid = {274684},
 publisher = {ACM Press/Addison-Wesley Publishing Co.},
 address = {New York, NY, USA},
 keywords = {children, education, learning, ubiquitous computing},
}

@inproceedings{Zhang:2018:ASI:3231848.3231860,
 author = {Zhang, Zhaoli and Li, Yang and Liu, Hai and Shu, Jiangbo},
 title = {Application of the SPOC Instructional Model Supported by E-Schoolbag Teaching System},
 booktitle = {Proceedings of the 2018 International Conference on Distance Education and Learning},
 series = {ICDEL '18},
 year = {2018},
 isbn = {978-1-4503-6431-7},
 location = {Beijing, China},
 pages = {122--126},
 numpages = {5},
 url = {http://doi.acm.org/10.1145/3231848.3231860},
 doi = {10.1145/3231848.3231860},
 acmid = {3231860},
 publisher = {ACM},
 address = {New York, NY, USA},
 keywords = {E-Schoolbag Teaching System, Instructional Design, SPOC, Smart classroom, Teaching Model},
}

@inproceedings{Vattam:2006:DSL:1150034.1150150,
 author = {Vattam, Swaroop S. and Kolodner, Janet L.},
 title = {Design-based Science Learning: Important Challenges and How Technology Can Make a Difference},
 booktitle = {Proceedings of the 7th International Conference on Learning Sciences},
 series = {ICLS '06},
 year = {2006},
 isbn = {0-8058-6174-2},
 location = {Bloomington, Indiana},
 pages = {799--805},
 numpages = {7},
 url = {http://dl.acm.org/citation.cfm?id=1150034.1150150},
 acmid = {1150150},
 publisher = {International Society of the Learning Sciences},
}

@inproceedings{Matson:2001:RIC:501516.501540,
 author = {Matson, Rebecca},
 title = {Re-forming Information: A Case Study in Teaching Content Encapsulation},
 booktitle = {Proceedings of the 19th Annual International Conference on Computer Documentation},
 series = {SIGDOC '01},
 year = {2001},
 isbn = {1-58113-295-6},
 location = {Sante Fe, New Mexico, USA},
 pages = {116--121},
 numpages = {6},
 url = {http://doi.acm.org/10.1145/501516.501540},
 doi = {10.1145/501516.501540},
 acmid = {501540},
 publisher = {ACM},
 address = {New York, NY, USA},
 keywords = {encapsulated content, information design, information encapsulation},
}

@inproceedings{Yardi:2006:RBC:1150034.1150158,
 author = {Yardi, Sarita},
 title = {The Role of the Backchannel in Collaborative Learning Environments},
 booktitle = {Proceedings of the 7th International Conference on Learning Sciences},
 series = {ICLS '06},
 year = {2006},
 isbn = {0-8058-6174-2},
 location = {Bloomington, Indiana},
 pages = {852--858},
 numpages = {7},
 url = {http://dl.acm.org/citation.cfm?id=1150034.1150158},
 acmid = {1150158},
 publisher = {International Society of the Learning Sciences},
}

@inproceedings{Senske:2017:EIR:3017680.3017750,
 author = {Senske, Nick},
 title = {Evaluation and Impact of a Required Computational Thinking Course for Architecture Students},
 booktitle = {Proceedings of the 2017 ACM SIGCSE Technical Symposium on Computer Science Education},
 series = {SIGCSE '17},
 year = {2017},
 isbn = {978-1-4503-4698-6},
 location = {Seattle, Washington, USA},
 pages = {525--530},
 numpages = {6},
 url = {http://doi.acm.org/10.1145/3017680.3017750},
 doi = {10.1145/3017680.3017750},
 acmid = {3017750},
 publisher = {ACM},
 address = {New York, NY, USA},
 keywords = {architecture (field), computational design, computational thinking, flipped classrooms, media computation, non-majors, peer learning, peer programming},
}

@inproceedings{Hoffman:2019:SEK:3287324.3287438,
 author = {Hoffman, Beryl and Morelli, Ralph and Rosato, Jennifer},
 title = {Student Engagement is Key to Broadening Participation in CS},
 booktitle = {Proceedings of the 50th ACM Technical Symposium on Computer Science Education},
 series = {SIGCSE '19},
 year = {2019},
 isbn = {978-1-4503-5890-3},
 location = {Minneapolis, MN, USA},
 pages = {1123--1129},
 numpages = {7},
 url = {http://doi.acm.org/10.1145/3287324.3287438},
 doi = {10.1145/3287324.3287438},
 acmid = {3287438},
 publisher = {ACM},
 address = {New York, NY, USA},
 keywords = {ap csp, app inventor, broadening participation, mobile csp, student engagement},
}

@inproceedings{Qian:2019:UDU:3300115.3309521,
 author = {Qian, Yizhou and Yan, Peilin and Zhou, Mingke},
 title = {Using Data to Understand Difficulties of Learning to Program: A Study with Chinese Middle School Students},
 booktitle = {Proceedings of the ACM Conference on Global Computing Education},
 series = {CompEd '19},
 year = {2019},
 isbn = {978-1-4503-6259-7},
 location = {Chengdu,Sichuan, China},
 pages = {185--191},
 numpages = {7},
 url = {http://doi.acm.org/10.1145/3300115.3309521},
 doi = {10.1145/3300115.3309521},
 acmid = {3309521},
 publisher = {ACM},
 address = {New York, NY, USA},
 keywords = {Chinese middle school students, computing education, difficulties, misconceptions, novice programming},
}

@inproceedings{Zingaro:2018:ISD:3230977.3231005,
 author = {Zingaro, Daniel and Taylor, Cynthia and Porter, Leo and Clancy, Michael and Lee, Cynthia and Nam Liao, Soohyun and Webb, Kevin C.},
 title = {Identifying Student Difficulties with Basic Data Structures},
 booktitle = {Proceedings of the 2018 ACM Conference on International Computing Education Research},
 series = {ICER '18},
 year = {2018},
 isbn = {978-1-4503-5628-2},
 location = {Espoo, Finland},
 pages = {169--177},
 numpages = {9},
 url = {http://doi.acm.org/10.1145/3230977.3231005},
 doi = {10.1145/3230977.3231005},
 acmid = {3231005},
 publisher = {ACM},
 address = {New York, NY, USA},
 keywords = {cs2, data structures, difficulties},
}

@article{Hawkins:1993:TOS:155049.155054,
 author = {Hawkins, Jan},
 title = {Technology and the Organization of Schooling},
 journal = {Commun. ACM},
 issue_date = {May 1993},
 volume = {36},
 number = {5},
 month = may,
 year = {1993},
 issn = {0001-0782},
 pages = {30--35},
 numpages = {6},
 url = {http://doi.acm.org/10.1145/155049.155054},
 doi = {10.1145/155049.155054},
 acmid = {155054},
 publisher = {ACM},
 address = {New York, NY, USA},
}

@inproceedings{Reding:2017:UTE:3105726.3106185,
 author = {Reding, Tracie Evans and Dorn, Brian},
 title = {Understanding the "Teacher Experience" in Primary and Secondary CS Professional Development},
 booktitle = {Proceedings of the 2017 ACM Conference on International Computing Education Research},
 series = {ICER '17},
 year = {2017},
 isbn = {978-1-4503-4968-0},
 location = {Tacoma, Washington, USA},
 pages = {155--163},
 numpages = {9},
 url = {http://doi.acm.org/10.1145/3105726.3106185},
 doi = {10.1145/3105726.3106185},
 acmid = {3106185},
 publisher = {ACM},
 address = {New York, NY, USA},
 keywords = {teacher experience, teacher professional development},
}

@inproceedings{Komatsubara:2014:SRH:2658861.2658881,
 author = {Komatsubara, Tsuyoshi and Shiomi, Masahiro and Kanda, Takayuki and Ishiguro, Hiroshi and Hagita, Norihiro},
 title = {Can a Social Robot Help Children's Understanding of Science in Classrooms?},
 booktitle = {Proceedings of the Second International Conference on Human-agent Interaction},
 series = {HAI '14},
 year = {2014},
 isbn = {978-1-4503-3035-0},
 location = {Tsukuba, Japan},
 pages = {83--90},
 numpages = {8},
 url = {http://doi.acm.org/10.1145/2658861.2658881},
 doi = {10.1145/2658861.2658881},
 acmid = {2658881},
 publisher = {ACM},
 address = {New York, NY, USA},
 keywords = {field study, robots for children, social robot},
}

@inproceedings{Warner:2017:HEC:3105726.3106174,
 author = {Warner, Jeremy and Guo, Philip J.},
 title = {Hack.Edu: Examining How College Hackathons Are Perceived By Student Attendees and Non-Attendees},
 booktitle = {Proceedings of the 2017 ACM Conference on International Computing Education Research},
 series = {ICER '17},
 year = {2017},
 isbn = {978-1-4503-4968-0},
 location = {Tacoma, Washington, USA},
 pages = {254--262},
 numpages = {9},
 url = {http://doi.acm.org/10.1145/3105726.3106174},
 doi = {10.1145/3105726.3106174},
 acmid = {3106174},
 publisher = {ACM},
 address = {New York, NY, USA},
 keywords = {college hackathon, informal learning, situated learning},
}

@inproceedings{Corradini:2017:CMC:3105726.3106194,
 author = {Corradini, Isabella and Lodi, Michael and Nardelli, Enrico},
 title = {Conceptions and Misconceptions About Computational Thinking Among Italian Primary School Teachers},
 booktitle = {Proceedings of the 2017 ACM Conference on International Computing Education Research},
 series = {ICER '17},
 year = {2017},
 isbn = {978-1-4503-4968-0},
 location = {Tacoma, Washington, USA},
 pages = {136--144},
 numpages = {9},
 url = {http://doi.acm.org/10.1145/3105726.3106194},
 doi = {10.1145/3105726.3106194},
 acmid = {3106194},
 publisher = {ACM},
 address = {New York, NY, USA},
 keywords = {computational thinking definition, conceptions and misconceptions, informatics education, primary school teachers},
}

@inproceedings{Wilensky:1999:LTP:1150240.1150320,
 author = {Wilensky, Uri and Stroup, Walter},
 title = {Learning Through Participatory Simulations: Network-based Design for Systems Learning in Classrooms},
 booktitle = {Proceedings of the 1999 Conference on Computer Support for Collaborative Learning},
 series = {CSCL '99},
 year = {1999},
 location = {Palo Alto, California},
 articleno = {80},
 url = {http://dl.acm.org/citation.cfm?id=1150240.1150320},
 acmid = {1150320},
 publisher = {International Society of the Learning Sciences},
 keywords = {collaboration, complex systems, computer-supported collaboration, emergent phenomena, graphing calculators, math education, modeling, science education, simulation, systems thinking},
}

@inproceedings{Marshall:2003:CKM:827140.827161,
 author = {Marshall, Byron and Zhang, Yiwen and Chen, Hsinchun and Lally, Ann and Shen, Rao and Fox, Edward and Cassel, Lillian N.},
 title = {Convergence of Knowledge Management and E-learning: The GetSmart Experience},
 booktitle = {Proceedings of the 3rd ACM/IEEE-CS Joint Conference on Digital Libraries},
 series = {JCDL '03},
 year = {2003},
 isbn = {0-7695-1939-3},
 location = {Houston, Texas},
 pages = {135--146},
 numpages = {12},
 url = {http://dl.acm.org/citation.cfm?id=827140.827161},
 acmid = {827161},
 publisher = {IEEE Computer Society},
 address = {Washington, DC, USA},
}

@inproceedings{Jayathirtha:2019:ETC:3287324.3287343,
 author = {Jayathirtha, Gayithri and Kafai, Yasmin B.},
 title = {Electronic Textiles in Computer Science Education: A Synthesis of Efforts to Broaden Participation, Increase Interest, and Deepen Learning},
 booktitle = {Proceedings of the 50th ACM Technical Symposium on Computer Science Education},
 series = {SIGCSE '19},
 year = {2019},
 isbn = {978-1-4503-5890-3},
 location = {Minneapolis, MN, USA},
 pages = {713--719},
 numpages = {7},
 url = {http://doi.acm.org/10.1145/3287324.3287343},
 doi = {10.1145/3287324.3287343},
 acmid = {3287343},
 publisher = {ACM},
 address = {New York, NY, USA},
 keywords = {computational construction kits, computer science education, electronic textiles, gender and diversity},
}

@inproceedings{Aravind:2019:RDM:3314994.3325086,
 author = {Aravind, Alex},
 title = {Be It Resolved: Debate Makes Learning Computer Science a Lifelong Experience},
 booktitle = {Proceedings of the Western Canadian Conference on Computing Education},
 series = {WCCCE '19},
 year = {2019},
 isbn = {978-1-4503-6715-8},
 location = {Calgary, AB, Canada},
 pages = {3:1--3:6},
 articleno = {3},
 numpages = {6},
 url = {http://doi.acm.org/10.1145/3314994.3325086},
 doi = {10.1145/3314994.3325086},
 acmid = {3325086},
 publisher = {ACM},
 address = {New York, NY, USA},
}

@inproceedings{Lee:2019:CIP:3300115.3309505,
 author = {Lee, Michael J. and Geller, James},
 title = {CodeSport: Increasing Participation in Programming UsingCoding Tournaments As an Alternative to Hackathons},
 booktitle = {Proceedings of the ACM Conference on Global Computing Education},
 series = {CompEd '19},
 year = {2019},
 isbn = {978-1-4503-6259-7},
 location = {Chengdu,Sichuan, China},
 pages = {9--15},
 numpages = {7},
 url = {http://doi.acm.org/10.1145/3300115.3309505},
 doi = {10.1145/3300115.3309505},
 acmid = {3309505},
 publisher = {ACM},
 address = {New York, NY, USA},
 keywords = {broadening participation, computing education, hackathons},
}

@inproceedings{Stone:2012:URB:2157136.2157216,
 author = {Stone, Jeffrey A.},
 title = {Using Reflective Blogs for Pedagogical Feedback in CS1},
 booktitle = {Proceedings of the 43rd ACM Technical Symposium on Computer Science Education},
 series = {SIGCSE '12},
 year = {2012},
 isbn = {978-1-4503-1098-7},
 location = {Raleigh, North Carolina, USA},
 pages = {259--264},
 numpages = {6},
 url = {http://doi.acm.org/10.1145/2157136.2157216},
 doi = {10.1145/2157136.2157216},
 acmid = {2157216},
 publisher = {ACM},
 address = {New York, NY, USA},
 keywords = {CS1, palms, reflection, writing},
}

@inproceedings{Rozanski:2003:MFH:947121.947162,
 author = {Rozanski, Evelyn P. and Haake, Anne R.},
 title = {The Many Facets of HCI},
 booktitle = {Proceedings of the 4th Conference on Information Technology Curriculum},
 series = {CITC4 '03},
 year = {2003},
 isbn = {1-58113-770-2},
 location = {Lafayette, Indiana, USA},
 pages = {180--185},
 numpages = {6},
 url = {http://doi.acm.org/10.1145/947121.947162},
 doi = {10.1145/947121.947162},
 acmid = {947162},
 publisher = {ACM},
 address = {New York, NY, USA},
 keywords = {design methods, human-computer interaction, ubiquitous computing, usability, usability engineering},
}

@inproceedings{Marshall:2007:TIE:1226969.1227004,
 author = {Marshall, Paul},
 title = {Do Tangible Interfaces Enhance Learning?},
 booktitle = {Proceedings of the 1st International Conference on Tangible and Embedded Interaction},
 series = {TEI '07},
 year = {2007},
 isbn = {978-1-59593-619-6},
 location = {Baton Rouge, Louisiana},
 pages = {163--170},
 numpages = {8},
 url = {http://doi.acm.org/10.1145/1226969.1227004},
 doi = {10.1145/1226969.1227004},
 acmid = {1227004},
 publisher = {ACM},
 address = {New York, NY, USA},
 keywords = {TUI, frameworks, learning, tangible interface},
}

@inproceedings{Kross:2019:PTD:3290605.3300493,
 author = {Kross, Sean and Guo, Philip J.},
 title = {Practitioners Teaching Data Science in Industry and Academia: Expectations, Workflows, and Challenges},
 booktitle = {Proceedings of the 2019 CHI Conference on Human Factors in Computing Systems},
 series = {CHI '19},
 year = {2019},
 isbn = {978-1-4503-5970-2},
 location = {Glasgow, Scotland Uk},
 pages = {263:1--263:14},
 articleno = {263},
 numpages = {14},
 url = {http://doi.acm.org/10.1145/3290605.3300493},
 doi = {10.1145/3290605.3300493},
 acmid = {3300493},
 publisher = {ACM},
 address = {New York, NY, USA},
 keywords = {data science education, teaching programming},
}

@inproceedings{Shelley:2014:IAD:2556288.2557294,
 author = {Shelley, Tia and Lyons, Leilah and Moher, Tom and Dasgupta, Chandan and Lopez Silva, Brenda and Silva, Alexandra},
 title = {Information-building Applications: Designing for Data Exploration and Analysis by Elementary School Students},
 booktitle = {Proceedings of the SIGCHI Conference on Human Factors in Computing Systems},
 series = {CHI '14},
 year = {2014},
 isbn = {978-1-4503-2473-1},
 location = {Toronto, Ontario, Canada},
 pages = {2123--2132},
 numpages = {10},
 url = {http://doi.acm.org/10.1145/2556288.2557294},
 doi = {10.1145/2556288.2557294},
 acmid = {2557294},
 publisher = {ACM},
 address = {New York, NY, USA},
 keywords = {information-building applications, k-12 science education, learner centered design},
}

@inproceedings{Shelley:2014:IAD:2611528.2557294,
 author = {Shelley, Tia and Lyons, Leilah and Moher, Tom and Dasgupta, Chandan and Lopez Silva, Brenda and Silva, Alexandra},
 title = {Information-building Applications: Designing for Data Exploration and Analysis by Elementary School Students},
 booktitle = {Proceedings of the 32Nd Annual ACM Conference on Human Factors in Computing Systems},
 series = {CHI '14},
 year = {2014},
 isbn = {978-1-4503-2473-1},
 location = {Toronto, Ontario, Canada},
 pages = {2123--2132},
 numpages = {10},
 url = {http://doi.acm.org/10.1145/2556288.2557294},
 doi = {10.1145/2556288.2557294},
 acmid = {2557294},
 publisher = {ACM},
 address = {New York, NY, USA},
 keywords = {information-building applications, k-12 science education, learner centered design},
}

@inproceedings{Adams:1996:IMP:237466.237646,
 author = {Adams, Elizabeth S. and Carswell, Linda and Kumar, Amruth and Meyer, Jeanine and Ellis, Ainslie and Hall, Patrick and Motil, John},
 title = {Interactive Multimedia Pedagogies: Report of the Working Group on Interactive Multimedia Pedagogy},
 booktitle = {Proceedings of the 1st Conference on Integrating Technology into Computer Science Education},
 series = {ITiCSE '96},
 year = {1996},
 isbn = {0-89791-844-4},
 location = {Barcelona, Spain},
 pages = {182--191},
 numpages = {10},
 url = {http://doi.acm.org/10.1145/237466.237646},
 doi = {10.1145/237466.237646},
 acmid = {237646},
 publisher = {ACM},
 address = {New York, NY, USA},
}

@article{Adams:1996:IMP:1013718.237646,
 author = {Adams, Elizabeth S. and Carswell, Linda and Kumar, Amruth and Meyer, Jeanine and Ellis, Ainslie and Hall, Patrick and Motil, John},
 title = {Interactive Multimedia Pedagogies: Report of the Working Group on Interactive Multimedia Pedagogy},
 journal = {SIGCUE Outlook},
 issue_date = {Jan.-July, 1996},
 volume = {24},
 number = {1-3},
 month = jan,
 year = {1996},
 issn = {0163-5735},
 pages = {182--191},
 numpages = {10},
 url = {http://doi.acm.org/10.1145/1013718.237646},
 doi = {10.1145/1013718.237646},
 acmid = {237646},
 publisher = {ACM},
 address = {New York, NY, USA},
}

@article{Adams:1996:IMP:237477.237646,
 author = {Adams, Elizabeth S. and Carswell, Linda and Kumar, Amruth and Meyer, Jeanine and Ellis, Ainslie and Hall, Patrick and Motil, John},
 title = {Interactive Multimedia Pedagogies: Report of the Working Group on Interactive Multimedia Pedagogy},
 journal = {SIGCSE Bull.},
 issue_date = {1996},
 volume = {28},
 number = {SI},
 month = jan,
 year = {1996},
 issn = {0097-8418},
 pages = {182--191},
 numpages = {10},
 url = {http://doi.acm.org/10.1145/237477.237646},
 doi = {10.1145/237477.237646},
 acmid = {237646},
 publisher = {ACM},
 address = {New York, NY, USA},
}

@inproceedings{Marinus:2018:UCC:3230977.3230984,
 author = {Marinus, Eva and Powell, Zoe and Thornton, Rosalind and McArthur, Genevieve and Crain, Stephen},
 title = {Unravelling the Cognition of Coding in 3-to-6-year Olds: The Development of an Assessment Tool and the Relation Between Coding Ability and Cognitive Compiling of Syntax in Natural Language},
 booktitle = {Proceedings of the 2018 ACM Conference on International Computing Education Research},
 series = {ICER '18},
 year = {2018},
 isbn = {978-1-4503-5628-2},
 location = {Espoo, Finland},
 pages = {133--141},
 numpages = {9},
 url = {http://doi.acm.org/10.1145/3230977.3230984},
 doi = {10.1145/3230977.3230984},
 acmid = {3230984},
 publisher = {ACM},
 address = {New York, NY, USA},
 keywords = {, natural language ability, assessment, children, coding, cognitive compiling, kindergarten, nonverbal intelligence, preschool, programming},
}

@article{Magana:2013:IDC:2543488.2534971,
 author = {Magana, Alejandra J. and Falk, Michael L. and Reese,Jr., Michael J.},
 title = {Introducing Discipline-Based Computing in Undergraduate Engineering Education},
 journal = {Trans. Comput. Educ.},
 issue_date = {November 2013},
 volume = {13},
 number = {4},
 month = nov,
 year = {2013},
 issn = {1946-6226},
 pages = {16:1--16:22},
 articleno = {16},
 numpages = {22},
 url = {http://doi.acm.org/10.1145/2534971},
 doi = {10.1145/2534971},
 acmid = {2534971},
 publisher = {ACM},
 address = {New York, NY, USA},
 keywords = {Innovative pedagogies, discipline-based computing, engineering domains, how people learn framework, student-centered pedagogies},
}

@inproceedings{Rau:2013:WIL:2470654.2470670,
 author = {Rau, Martina A. and Aleven, Vincent and Rummel, Nikol and Rohrbach, Stacie},
 title = {Why Interactive Learning Environments Can Have It All: Resolving Design Conflicts Between Competing Goals},
 booktitle = {Proceedings of the SIGCHI Conference on Human Factors in Computing Systems},
 series = {CHI '13},
 year = {2013},
 isbn = {978-1-4503-1899-0},
 location = {Paris, France},
 pages = {109--118},
 numpages = {10},
 url = {http://doi.acm.org/10.1145/2470654.2470670},
 doi = {10.1145/2470654.2470670},
 acmid = {2470670},
 publisher = {ACM},
 address = {New York, NY, USA},
 keywords = {cognitive tutors, design conflicts, instructional design, interactive learning environments},
}

@article{Rogers:2010:ELS:1731477.1731499,
 author = {Rogers, Yvonne and Connelly, Kay and Hazlewood, William and Tedesco, Lenore},
 title = {Enhancing Learning: A Study of How Mobile Devices Can Facilitate Sensemaking},
 journal = {Personal Ubiquitous Comput.},
 issue_date = {February  2010},
 volume = {14},
 number = {2},
 month = feb,
 year = {2010},
 issn = {1617-4909},
 pages = {111--124},
 numpages = {14},
 url = {http://dx.doi.org/10.1007/s00779-009-0250-7},
 doi = {10.1007/s00779-009-0250-7},
 acmid = {1731499},
 publisher = {Springer-Verlag},
 address = {London, UK, UK},
 keywords = {Collaboration, Mobile learning, Mobile technologies, Sensemaking},
}

@inproceedings{Tedre:2016:LQC:2999541.2999542,
 author = {Tedre, Matti and Denning, Peter J.},
 title = {The Long Quest for Computational Thinking},
 booktitle = {Proceedings of the 16th Koli Calling International Conference on Computing Education Research},
 series = {Koli Calling '16},
 year = {2016},
 isbn = {978-1-4503-4770-9},
 location = {Koli, Finland},
 pages = {120--129},
 numpages = {10},
 url = {http://doi.acm.org/10.1145/2999541.2999542},
 doi = {10.1145/2999541.2999542},
 acmid = {2999542},
 publisher = {ACM},
 address = {New York, NY, USA},
 keywords = {CSER, computational ideas, computational thinking, computer science education, disciplinary ways of thinking and practicing, history of computational thinking},
}

@article{Leung:2010:MII:1838562.1838563,
 author = {Leung, Rock and Findlater, Leah and McGrenere, Joanna and Graf, Peter and Yang, Justine},
 title = {Multi-Layered Interfaces to Improve Older Adults\&Rsquo; Initial Learnability of Mobile Applications},
 journal = {ACM Trans. Access. Comput.},
 issue_date = {September 2010},
 volume = {3},
 number = {1},
 month = sep,
 year = {2010},
 issn = {1936-7228},
 pages = {1:1--1:30},
 articleno = {1},
 numpages = {30},
 url = {http://doi.acm.org/10.1145/1838562.1838563},
 doi = {10.1145/1838562.1838563},
 acmid = {1838563},
 publisher = {ACM},
 address = {New York, NY, USA},
 keywords = {Age-related differences, learnability, menu design, mobile devices, multi-layered interfaces, older adults, user study},
}

@inproceedings{Tzou:2010:MML:1854360.1854504,
 author = {Tzou, Carrie and Bell, Philip},
 title = {Micros and Me: Leveraging Home and Community Practices in Formal Science Instruction},
 booktitle = {Proceedings of the 9th International Conference of the Learning Sciences - Volume 1},
 series = {ICLS '10},
 year = {2010},
 location = {Chicago, Illinois},
 pages = {1127--1134},
 numpages = {8},
 url = {http://dl.acm.org/citation.cfm?id=1854360.1854504},
 acmid = {1854504},
 publisher = {International Society of the Learning Sciences},
}

@inproceedings{Feitosa:2013:SCA:2675807.2675842,
 author = {Feitosa, Alexandre and Direne, Alexandre and Silva, Fabiano and Bona, Luis and da Silva, Wilson},
 title = {Simulated Competitions to Aid Tactical Skill Acquisition},
 booktitle = {Proceedings of the 2013 Winter Simulation Conference: Simulation: Making Decisions in a Complex World},
 series = {WSC '13},
 year = {2013},
 location = {Washington, D.C.},
 pages = {3588--3599},
 numpages = {12},
 url = {http://dl.acm.org/citation.cfm?id=2675807.2675842},
 acmid = {2675842},
 publisher = {IEEE Press},
 address = {Piscataway, NJ, USA},
}

@inproceedings{Feitosa:2013:SCA:2675983.2675842,
 author = {Feitosa, Alexandre and Direne, Alexandre and Silva, Fabiano and Bona, Luis and da Silva, Wilson},
 title = {Simulated Competitions to Aid Tactical Skill Acquisition},
 booktitle = {Proceedings of the 2013 Winter Simulation Conference: Simulation: Making Decisions in a Complex World},
 series = {WSC '13},
 year = {2013},
 isbn = {978-1-4799-2077-8},
 location = {Washington, D.C.},
 pages = {3588--3599},
 numpages = {12},
 url = {http://dl.acm.org/citation.cfm?id=2675983.2675842},
 acmid = {2675842},
 publisher = {IEEE Press},
 address = {Piscataway, NJ, USA},
}

@inproceedings{Stringer:2006:ESN:1182475.1182512,
 author = {Stringer, Mark and Harris, Eric and Fitzpatrick, Geraldine},
 title = {Exploring the Space of Near-future Design with Children},
 booktitle = {Proceedings of the 4th Nordic Conference on Human-computer Interaction: Changing Roles},
 series = {NordiCHI '06},
 year = {2006},
 isbn = {1-59593-325-5},
 location = {Oslo, Norway},
 pages = {351--360},
 numpages = {10},
 url = {http://doi.acm.org/10.1145/1182475.1182512},
 doi = {10.1145/1182475.1182512},
 acmid = {1182512},
 publisher = {ACM},
 address = {New York, NY, USA},
 keywords = {children, participatory design, ubiquitous computing, user-centred design},
}

@inproceedings{Richardson:2018:PCS:3229434.3229462,
 author = {Richardson, Dan and Jarusriboonchai, Pradthana and Montague, Kyle and Kharrufa, Ahmed},
 title = {Parklearn: Creating, Sharing and Engaging with Place-based Activities for Seamless Mobile Learning},
 booktitle = {Proceedings of the 20th International Conference on Human-Computer Interaction with Mobile Devices and Services},
 series = {MobileHCI '18},
 year = {2018},
 isbn = {978-1-4503-5898-9},
 location = {Barcelona, Spain},
 pages = {25:1--25:12},
 articleno = {25},
 numpages = {12},
 url = {http://doi.acm.org/10.1145/3229434.3229462},
 doi = {10.1145/3229434.3229462},
 acmid = {3229462},
 publisher = {ACM},
 address = {New York, NY, USA},
 keywords = {civic learning, community curriculum, digital civics, mobile learning, outdoor learning},
}

@inproceedings{Chatley:2017:LLA:3103028.3103047,
 author = {Chatley, Robert and Field, Tony},
 title = {Lean Learning: Applying Lean Techniques to Improve Software Engineering Education},
 booktitle = {Proceedings of the 39th International Conference on Software Engineering: Software Engineering and Education Track},
 series = {ICSE-SEET '17},
 year = {2017},
 isbn = {978-1-5386-2671-9},
 location = {Buenos Aires, Argentina},
 pages = {117--126},
 numpages = {10},
 url = {https://doi.org/10.1109/ICSE-SEET.2017.5},
 doi = {10.1109/ICSE-SEET.2017.5},
 acmid = {3103047},
 publisher = {IEEE Press},
 address = {Piscataway, NJ, USA},
 keywords = {curriculum design, education, software engineering},
}

@inproceedings{Doore:2015:MCM:2769458.2769471,
 author = {Doore, Karen and Vega, David and Fishwick, Paul},
 title = {A Media-Rich Curriculum for Modeling and Simulation},
 booktitle = {Proceedings of the 3rd ACM SIGSIM Conference on Principles of Advanced Discrete Simulation},
 series = {SIGSIM PADS '15},
 year = {2015},
 isbn = {978-1-4503-3583-6},
 location = {London, United Kingdom},
 pages = {23--34},
 numpages = {12},
 url = {http://doi.acm.org/10.1145/2769458.2769471},
 doi = {10.1145/2769458.2769471},
 acmid = {2769471},
 publisher = {ACM},
 address = {New York, NY, USA},
 keywords = {creativity, data flow, education, iot, max/msp, microcontrollers, modeling and simulation, petri nets},
}

@inproceedings{McNally:2014:IPI:2593968.2593982,
 author = {McNally, Brenna and Guha, Mona Leigh and Norooz, Leyla and Rhodes, Emily and Findlater, Leah},
 title = {Incorporating Peephole Interactions into Children's Second Language Learning Activities on Mobile Devices},
 booktitle = {Proceedings of the 2014 Conference on Interaction Design and Children},
 series = {IDC '14},
 year = {2014},
 isbn = {978-1-4503-2272-0},
 location = {Aarhus, Denmark},
 pages = {115--124},
 numpages = {10},
 url = {http://doi.acm.org/10.1145/2593968.2593982},
 doi = {10.1145/2593968.2593982},
 acmid = {2593982},
 publisher = {ACM},
 address = {New York, NY, USA},
 keywords = {children, design, human factors, learning, mobile, peepholes, physical movement},
}

@inproceedings{Goh:2000:PDL:336597.336656,
 author = {Goh, Dion and Leggett, John},
 title = {Patron-augmented Digital Libraries},
 booktitle = {Proceedings of the Fifth ACM Conference on Digital Libraries},
 series = {DL '00},
 year = {2000},
 isbn = {1-58113-231-X},
 location = {San Antonio, Texas, USA},
 pages = {153--163},
 numpages = {11},
 url = {http://doi.acm.org/10.1145/336597.336656},
 doi = {10.1145/336597.336656},
 acmid = {336656},
 publisher = {ACM},
 address = {New York, NY, USA},
 keywords = {digital scholarship, patron-augmented digital libraries, publishing, user interfaces},
}

@inproceedings{Kuhn:2012:SFE:2207676.2208719,
 author = {Kuhn, Alex and McNally, Brenna and Schmoll, Shannon and Cahill, Clara and Lo, Wan-Tzu and Quintana, Chris and Delen, Ibrahim},
 title = {How Students Find, Evaluate and Utilize Peer-collected Annotated Multimedia Data in Science Inquiry with Zydeco},
 booktitle = {Proceedings of the SIGCHI Conference on Human Factors in Computing Systems},
 series = {CHI '12},
 year = {2012},
 isbn = {978-1-4503-1015-4},
 location = {Austin, Texas, USA},
 pages = {3061--3070},
 numpages = {10},
 url = {http://doi.acm.org/10.1145/2207676.2208719},
 doi = {10.1145/2207676.2208719},
 acmid = {2208719},
 publisher = {ACM},
 address = {New York, NY, USA},
 keywords = {children and technology, learner-centered design, mobile computing, science inquiry, tagging},
}

@inproceedings{deOliveira:2010:CSA:1999593.1999599,
 author = {de Oliveira, Erica R. and Prates, Raquel O. and Werneck, Gisleide A. M.},
 title = {Considera\c{C}\~{O}Es Sobre Aplica\c{C}\~{A}O Do M\'{E}Todo De Avalia\c{C}\~{A}O De Comunicabilidade Ao Dom\'{I}Nio Educacional},
 booktitle = {Proceedings of the IX Symposium on Human Factors in Computing Systems},
 series = {IHC '10},
 year = {2010},
 location = {Belo Horizonte, Minas Gerais, Brazil},
 pages = {41--50},
 numpages = {10},
 url = {http://dl.acm.org/citation.cfm?id=1999593.1999599},
 acmid = {1999599},
 publisher = {Brazilian Computer Society},
 address = {Porto Alegre, Brazil, Brazil},
 keywords = {communicability evaluation method, educational software, semiotic engineering},
}

@inproceedings{Hirano:2010:VES:1753326.1753569,
 author = {Hirano, Sen H. and Yeganyan, Michael T. and Marcu, Gabriela and Nguyen, David H. and Boyd, Lou Anne and Hayes, Gillian R.},
 title = {vSked: Evaluation of a System to Support Classroom Activities for Children with Autism},
 booktitle = {Proceedings of the SIGCHI Conference on Human Factors in Computing Systems},
 series = {CHI '10},
 year = {2010},
 isbn = {978-1-60558-929-9},
 location = {Atlanta, Georgia, USA},
 pages = {1633--1642},
 numpages = {10},
 url = {http://doi.acm.org/10.1145/1753326.1753569},
 doi = {10.1145/1753326.1753569},
 acmid = {1753569},
 publisher = {ACM},
 address = {New York, NY, USA},
 keywords = {assistive technology, autism, education, visual supports},
}

@inproceedings{McGill:2018:MST:3174781.3174783,
 author = {McGill, Monica M. and Johnson, Chris and Atlas, James and Bouchard, Durell and Messom, Chris and Pollock, Ian and Scott, Michael James},
 title = {If Memory Serves: Towards Designing and Evaluating a Game for Teaching Pointers to Undergraduate Students},
 booktitle = {Proceedings of the 2017 ITiCSE Conference on Working Group Reports},
 series = {ITiCSE-WGR '17},
 year = {2017},
 isbn = {978-1-4503-5627-5},
 location = {Bologna, Italy},
 pages = {25--46},
 numpages = {22},
 url = {http://doi.acm.org/10.1145/3174781.3174783},
 doi = {10.1145/3174781.3174783},
 acmid = {3174783},
 publisher = {ACM},
 address = {New York, NY, USA},
 keywords = {computer memory, design, development, educational, games, learning, pointers, research methods, serious, validation framework},
}

@Article{Pemberton:1998:280571,
 editor = {Pemberton, Steven},
 journal = {SIGCHI Bull.},
 year = {1998},
 issn = {0736-6906},
 volume = {30},
 number = {1},
 issue_date = {Jan. 1998},
 publisher = {ACM},
 address = {New York, NY, USA},
}

@inproceedings{Henneke:2012:AEC:2389836.2389858,
 author = {Henneke, Marius and Matthee, Machdel},
 title = {The Adoption of e-Learning in Corporate Training Environments: An Activity Theory Based Overview},
 booktitle = {Proceedings of the South African Institute for Computer Scientists and Information Technologists Conference},
 series = {SAICSIT '12},
 year = {2012},
 isbn = {978-1-4503-1308-7},
 location = {Pretoria, South Africa},
 pages = {178--187},
 numpages = {10},
 url = {http://doi.acm.org/10.1145/2389836.2389858},
 doi = {10.1145/2389836.2389858},
 acmid = {2389858},
 publisher = {ACM},
 address = {New York, NY, USA},
 keywords = {corporate training, e-learning},
}

@inproceedings{Aslan:2019:IIR:3290605.3300534,
 author = {Aslan, Sinem and Alyuz, Nese and Tanriover, Cagri and Mete, Sinem E. and Okur, Eda and D'Mello, Sidney K. and Arslan Esme, Asli},
 title = {Investigating the Impact of a Real-time, Multimodal Student Engagement Analytics Technology in Authentic Classrooms},
 booktitle = {Proceedings of the 2019 CHI Conference on Human Factors in Computing Systems},
 series = {CHI '19},
 year = {2019},
 isbn = {978-1-4503-5970-2},
 location = {Glasgow, Scotland Uk},
 pages = {304:1--304:12},
 articleno = {304},
 numpages = {12},
 url = {http://doi.acm.org/10.1145/3290605.3300534},
 doi = {10.1145/3290605.3300534},
 acmid = {3300534},
 publisher = {ACM},
 address = {New York, NY, USA},
 keywords = {affective computing, dashboards, learning analytics, real-time, student engagement},
}

@inproceedings{Pollack:2016:CGS:2858036.2858240,
 author = {Pollack, Ari H. and Backonja, Uba and Miller, Andrew D. and Mishra, Sonali R. and Khelifi, Maher and Kendall, Logan and Pratt, Wanda},
 title = {Closing the Gap: Supporting Patients' Transition to Self-Management After Hospitalization},
 booktitle = {Proceedings of the 2016 CHI Conference on Human Factors in Computing Systems},
 series = {CHI '16},
 year = {2016},
 isbn = {978-1-4503-3362-7},
 location = {San Jose, California, USA},
 pages = {5324--5336},
 numpages = {13},
 url = {http://doi.acm.org/10.1145/2858036.2858240},
 doi = {10.1145/2858036.2858240},
 acmid = {2858240},
 publisher = {ACM},
 address = {New York, NY, USA},
 keywords = {discharge, health informatics, hospital, medical informatics, pediatric, self-efficacy, self-management},
}

@article{Alves-Oliveira:2019:ERG:3317963.3300188,
 author = {Alves-Oliveira, Patr\'{\i}cia and Sequeira, Pedro and Melo, Francisco S. and Castellano, Ginevra and Paiva, Ana},
 title = {Empathic Robot for Group Learning: A Field Study},
 journal = {ACM Trans. Hum.-Robot Interact.},
 issue_date = {March 2019},
 volume = {8},
 number = {1},
 month = mar,
 year = {2019},
 issn = {2573-9522},
 pages = {3:1--3:34},
 articleno = {3},
 numpages = {34},
 url = {http://doi.acm.org/10.1145/3300188},
 doi = {10.1145/3300188},
 acmid = {3300188},
 publisher = {ACM},
 address = {New York, NY, USA},
 keywords = {Social robotics, collaborative learning, education, empathy, group learning, human-robot interaction, learning gains},
}

@proceedings{Dougherty:2014:2538862,
 title = {SIGCSE '14: Proceedings of the 45th ACM Technical Symposium on Computer Science Education},
 year = {2014},
 isbn = {978-1-4503-2605-6},
 location = {Atlanta, Georgia, USA},
 note = {457141},
 publisher = {ACM},
 address = {New York, NY, USA},
}

@article{Richards:2009:DPC:1513593.1513595,
 author = {Richards, Debbie},
 title = {Designing Project-Based Courses with a Focus on Group Formation and Assessment},
 journal = {Trans. Comput. Educ.},
 issue_date = {March 2009},
 volume = {9},
 number = {1},
 month = mar,
 year = {2009},
 issn = {1946-6226},
 pages = {2:1--2:40},
 articleno = {2},
 numpages = {40},
 url = {http://doi.acm.org/10.1145/1513593.1513595},
 doi = {10.1145/1513593.1513595},
 acmid = {1513595},
 publisher = {ACM},
 address = {New York, NY, USA},
 keywords = {Group-based courses, assessment, group formation},
}

