@inproceedings{Confrey:2010:CRE:1854360.1854484,
 author = {Confrey, Jere and Maloney, Alan},
 title = {The Construction, Refinement, and Early Validation of the Equipartitioning Learning Trajectory},
 booktitle = {Proceedings of the 9th International Conference of the Learning Sciences - Volume 1},
 series = {ICLS '10},
 year = {2010},
 location = {Chicago, Illinois},
 pages = {968--975},
 numpages = {8},
 url = {http://dl.acm.org/citation.cfm?id=1854360.1854484},
 acmid = {1854484},
 publisher = {International Society of the Learning Sciences},
}

@inproceedings{Rich:2017:KLT:3105726.3106166,
 author = {Rich, Kathryn M. and Strickland, Carla and Binkowski, T. Andrew and Moran, Cheryl and Franklin, Diana},
 title = {K-8 Learning Trajectories Derived from Research Literature: Sequence, Repetition, Conditionals},
 booktitle = {Proceedings of the 2017 ACM Conference on International Computing Education Research},
 series = {ICER '17},
 year = {2017},
 isbn = {978-1-4503-4968-0},
 location = {Tacoma, Washington, USA},
 pages = {182--190},
 numpages = {9},
 url = {http://doi.acm.org/10.1145/3105726.3106166},
 doi = {10.1145/3105726.3106166},
 acmid = {3106166},
 publisher = {ACM},
 address = {New York, NY, USA},
 keywords = {K-6, computational thinking, learning trajectories},
}

@inproceedings{Izu:2019:PCI:3304221.3325531,
 author = {Izu, Cruz and Schulte, Carsten and Aggarwal, Ashish and Cutts, Quintin and Duran, Rodrigo and Gutica, Mirela and Heinemann, Birte and Kraemer, Eileen and Lonati, Violetta and Mirolo, Claudio and Weeda, Renske},
 title = {Program Comprehension: Identifying Learning Trajectories for Novice Programmers},
 booktitle = {Proceedings of the 2019 ACM Conference on Innovation and Technology in Computer Science Education},
 series = {ITiCSE '19},
 year = {2019},
 isbn = {978-1-4503-6301-3},
 location = {Aberdeen, Scotland Uk},
 pages = {261--262},
 numpages = {2},
 url = {http://doi.acm.org/10.1145/3304221.3325531},
 doi = {10.1145/3304221.3325531},
 acmid = {3325531},
 publisher = {ACM},
 address = {New York, NY, USA},
 keywords = {cs1, learning trajectories, program comprehension},
}

@article{Rich:2018:KLT:3184058.3183508,
 author = {Rich, Kathryn M. and Strickland, Carla and Binkowski, T. Andrew and Moran, Cheryl and Franklin, Diana},
 title = {K--8 Learning Trajectories Derived from Research Literature: Sequence, Repetition, Conditionals},
 journal = {ACM Inroads},
 issue_date = {March 2018},
 volume = {9},
 number = {1},
 month = jan,
 year = {2018},
 issn = {2153-2184},
 pages = {46--55},
 numpages = {10},
 url = {http://doi.acm.org/10.1145/3183508},
 doi = {10.1145/3183508},
 acmid = {3183508},
 publisher = {ACM},
 address = {New York, NY, USA},
}

@inproceedings{Vatrapu:2012:TTA:2399016.2399141,
 author = {Vatrapu, Ravi and Tanveer, Usman and Hussain, Abid},
 title = {Towards Teaching Analytics: Communication and Negotiation Tool (CoNeTo)},
 booktitle = {Proceedings of the 7th Nordic Conference on Human-Computer Interaction: Making Sense Through Design},
 series = {NordiCHI '12},
 year = {2012},
 isbn = {978-1-4503-1482-4},
 location = {Copenhagen, Denmark},
 pages = {775--776},
 numpages = {2},
 url = {http://doi.acm.org/10.1145/2399016.2399141},
 doi = {10.1145/2399016.2399141},
 acmid = {2399141},
 publisher = {ACM},
 address = {New York, NY, USA},
 keywords = {formative assessment, open learner models, teaching analytics, technology enhanced teaching and learning},
}

@inproceedings{Roll:2010:SBF:1854509.1854773,
 author = {Roll, Ido and Mavrikis, Manolis and Gutierrez-Santos, Sergio},
 title = {Striking a Balance Between Free and Guided Exploration - Conceptualizing Support for Exploratory Learning Environments},
 booktitle = {Proceedings of the 9th International Conference of the Learning Sciences - Volume 2},
 series = {ICLS '10},
 year = {2010},
 location = {Chicago, Illinois},
 pages = {507--508},
 numpages = {2},
 url = {http://dl.acm.org/citation.cfm?id=1854509.1854773},
 acmid = {1854773},
 publisher = {International Society of the Learning Sciences},
}

@inproceedings{Dziallas:2015:CGC:2787622.2787739,
 author = {Dziallas, Sebastian},
 title = {Characterizing Graduateness in Computing Education},
 booktitle = {Proceedings of the Eleventh Annual International Conference on International Computing Education Research},
 series = {ICER '15},
 year = {2015},
 isbn = {978-1-4503-3630-7},
 location = {Omaha, Nebraska, USA},
 pages = {257--258},
 numpages = {2},
 url = {http://doi.acm.org/10.1145/2787622.2787739},
 doi = {10.1145/2787622.2787739},
 acmid = {2787739},
 publisher = {ACM},
 address = {New York, NY, USA},
 keywords = {narrative methodology, qualitative research, student experience},
}

@inproceedings{Musabirov:2017:TSI:3141880.3141907,
 author = {Musabirov, Ilya and Bakhitova, Alina},
 title = {Trajectories of Student Interaction with Learning Resources in Blended Learning: The Case of Data Science Minor},
 booktitle = {Proceedings of the 17th Koli Calling International Conference on Computing Education Research},
 series = {Koli Calling '17},
 year = {2017},
 isbn = {978-1-4503-5301-4},
 location = {Koli, Finland},
 pages = {191--192},
 numpages = {2},
 url = {http://doi.acm.org/10.1145/3141880.3141907},
 doi = {10.1145/3141880.3141907},
 acmid = {3141907},
 publisher = {ACM},
 address = {New York, NY, USA},
 keywords = {blended learning, data science, hybrid learning},
}

@article{Chinn:2017:IR:3157823.3157825,
 author = {Chinn, Donald and Tenenberg, Josh},
 title = {ICER Review},
 journal = {SIGCSE Bull.},
 issue_date = {October 2017},
 volume = {49},
 number = {4},
 month = nov,
 year = {2017},
 issn = {0097-8418},
 pages = {4--5},
 numpages = {2},
 url = {http://doi.acm.org/10.1145/3157823.3157825},
 doi = {10.1145/3157823.3157825},
 acmid = {3157825},
 publisher = {ACM},
 address = {New York, NY, USA},
}

@inproceedings{Rich:2019:KDL:3287324.3287396,
 author = {Rich, Kathryn M. and Strickland, Carla and Binkowski, T. Andrew and Franklin, Diana},
 title = {A K-8 Debugging Learning Trajectory Derived from Research Literature},
 booktitle = {Proceedings of the 50th ACM Technical Symposium on Computer Science Education},
 series = {SIGCSE '19},
 year = {2019},
 isbn = {978-1-4503-5890-3},
 location = {Minneapolis, MN, USA},
 pages = {745--751},
 numpages = {7},
 url = {http://doi.acm.org/10.1145/3287324.3287396},
 doi = {10.1145/3287324.3287396},
 acmid = {3287396},
 publisher = {ACM},
 address = {New York, NY, USA},
 keywords = {computational thinking, debugging, k-8, learning trajectory},
}

@inproceedings{Pandhre:2018:SLT:3152494.3152512,
 author = {Pandhre, Supriya and Mittal, Himangi and Gupta, Manish and Balasubramanian, Vineeth N},
 title = {STwalk: Learning Trajectory Representations in Temporal Graphs},
 booktitle = {Proceedings of the ACM India Joint International Conference on Data Science and Management of Data},
 series = {CoDS-COMAD '18},
 year = {2018},
 isbn = {978-1-4503-6341-9},
 location = {Goa, India},
 pages = {210--219},
 numpages = {10},
 url = {http://doi.acm.org/10.1145/3152494.3152512},
 doi = {10.1145/3152494.3152512},
 acmid = {3152512},
 publisher = {ACM},
 address = {New York, NY, USA},
 keywords = {deep learning, representation learning, temporal graph analysis},
}

@inproceedings{Chen:2017:LLC:3027385.3029449,
 author = {Chen, Lujie and Dubrawski, Artur},
 title = {Learning from Learning Curves: Discovering Interpretable Learning Trajectories},
 booktitle = {Proceedings of the Seventh International Learning Analytics \&\#38; Knowledge Conference},
 series = {LAK '17},
 year = {2017},
 isbn = {978-1-4503-4870-6},
 location = {Vancouver, British Columbia, Canada},
 pages = {544--545},
 numpages = {2},
 url = {http://doi.acm.org/10.1145/3027385.3029449},
 doi = {10.1145/3027385.3029449},
 acmid = {3029449},
 publisher = {ACM},
 address = {New York, NY, USA},
 keywords = {clustering, learning curves, student models},
}

@inproceedings{Rus:2014:DTM:2556325.2567885,
 author = {Rus, Vasile and Stefanescu, Dan and Niraula, Nobal and Graesser, Arthur C.},
 title = {DeepTutor: Towards Macro- and Micro-adaptive Conversational Intelligent Tutoring at Scale},
 booktitle = {Proceedings of the First ACM Conference on Learning @ Scale Conference},
 series = {L@S '14},
 year = {2014},
 isbn = {978-1-4503-2669-8},
 location = {Atlanta, Georgia, USA},
 pages = {209--210},
 numpages = {2},
 url = {http://doi.acm.org/10.1145/2556325.2567885},
 doi = {10.1145/2556325.2567885},
 acmid = {2567885},
 publisher = {ACM},
 address = {New York, NY, USA},
 keywords = {conceptual physics, conversational tutors, intelligent tutoring systems, learning progressions},
}

@inproceedings{Rizvi:2018:TDM:3279996.3280035,
 author = {Rizvi, Saman and Rienties, Bart and Rogaten, Jekaterina},
 title = {Temporal Dynamics of MOOC Learning Trajectories},
 booktitle = {Proceedings of the First International Conference on Data Science, E-learning and Information Systems},
 series = {DATA '18},
 year = {2018},
 isbn = {978-1-4503-6536-9},
 location = {Madrid, Spain},
 pages = {39:1--39:6},
 articleno = {39},
 numpages = {6},
 url = {http://doi.acm.org/10.1145/3279996.3280035},
 doi = {10.1145/3279996.3280035},
 acmid = {3280035},
 publisher = {ACM},
 address = {New York, NY, USA},
 keywords = {MOOCs, behavioral analysis, educational process mining, temporal modelling},
}

@article{Bailey:2018:EM:3184058.3177868,
 author = {Bailey, Mark and King, Laurie Smith},
 title = {Editors' Message},
 journal = {ACM Inroads},
 issue_date = {March 2018},
 volume = {9},
 number = {1},
 month = jan,
 year = {2018},
 issn = {2153-2184},
 pages = {4--4},
 numpages = {1},
 url = {http://doi.acm.org/10.1145/3177868},
 doi = {10.1145/3177868},
 acmid = {3177868},
 publisher = {ACM},
 address = {New York, NY, USA},
}

@inproceedings{Duran:2018:TID:3230977.3231007,
 author = {Duran, Rodrigo},
 title = {Towards an Instructional Design of Complex Learning in Introductory Programming Courses},
 booktitle = {Proceedings of the 2018 ACM Conference on International Computing Education Research},
 series = {ICER '18},
 year = {2018},
 isbn = {978-1-4503-5628-2},
 location = {Espoo, Finland},
 pages = {262--263},
 numpages = {2},
 url = {http://doi.acm.org/10.1145/3230977.3231007},
 doi = {10.1145/3230977.3231007},
 acmid = {3231007},
 publisher = {ACM},
 address = {New York, NY, USA},
 keywords = {cognitive load theory, complexity, model of hierarchical complexity, plan-composition strategies, program cognitive complexity},
}

@inproceedings{Stromholt:2010:BPT:1854509.1854719,
 author = {Stromholt, Shelley and Shouse, Andrew and Bell, Philip},
 title = {Broadening Participation Through Scaffolding},
 booktitle = {Proceedings of the 9th International Conference of the Learning Sciences - Volume 2},
 series = {ICLS '10},
 year = {2010},
 location = {Chicago, Illinois},
 pages = {405--406},
 numpages = {2},
 url = {http://dl.acm.org/citation.cfm?id=1854509.1854719},
 acmid = {1854719},
 publisher = {International Society of the Learning Sciences},
}

@inproceedings{Xiao:2018:IEP:3180308.3180370,
 author = {Xiao, Ziang and Yao, Yuqi and Fu, Wai-Tat},
 title = {An Intelligent Educational Platform for Training Spatial Visualization Skills},
 booktitle = {Proceedings of the 23rd International Conference on Intelligent User Interfaces Companion},
 series = {IUI '18 Companion},
 year = {2018},
 isbn = {978-1-4503-5571-1},
 location = {Tokyo, Japan},
 pages = {61:1--61:2},
 articleno = {61},
 numpages = {2},
 url = {http://doi.acm.org/10.1145/3180308.3180370},
 doi = {10.1145/3180308.3180370},
 acmid = {3180370},
 publisher = {ACM},
 address = {New York, NY, USA},
 keywords = {Education, Individualized Learning, Learning Analytics, Personalized Hints, STEM, Spatial Visualization Skills},
}

@inproceedings{Niemela:2017:CTE:3141880.3141885,
 author = {Niemel\"{a}, Pia and Partanen, Tiina and Harsu, Maarit and Lepp\"{a}nen, Leo and Ihantola, Petri},
 title = {Computational Thinking As an Emergent Learning Trajectory of Mathematics},
 booktitle = {Proceedings of the 17th Koli Calling International Conference on Computing Education Research},
 series = {Koli Calling '17},
 year = {2017},
 isbn = {978-1-4503-5301-4},
 location = {Koli, Finland},
 pages = {70--79},
 numpages = {10},
 url = {http://doi.acm.org/10.1145/3141880.3141885},
 doi = {10.1145/3141880.3141885},
 acmid = {3141885},
 publisher = {ACM},
 address = {New York, NY, USA},
 keywords = {K-12 computer science curriculum, computational thinking, in-service teacher training, learning trajectory, math-integrated computing},
}

@inproceedings{Rich:2018:DKC:3230977.3230979,
 author = {Rich, Kathryn M. and Binkowski, T. Andrew and Strickland, Carla and Franklin, Diana},
 title = {Decomposition: A K-8 Computational Thinking Learning Trajectory},
 booktitle = {Proceedings of the 2018 ACM Conference on International Computing Education Research},
 series = {ICER '18},
 year = {2018},
 isbn = {978-1-4503-5628-2},
 location = {Espoo, Finland},
 pages = {124--132},
 numpages = {9},
 url = {http://doi.acm.org/10.1145/3230977.3230979},
 doi = {10.1145/3230977.3230979},
 acmid = {3230979},
 publisher = {ACM},
 address = {New York, NY, USA},
 keywords = {computational thinking, decomposition, k-8},
}

@inproceedings{Zanchi:2013:NGP:2485760.2485857,
 author = {Zanchi, Christine and Presser, Ashley Lewis and Vahey, Phil},
 title = {Next Generation Preschool Math Demo: Tablet Games for Preschool Classrooms},
 booktitle = {Proceedings of the 12th International Conference on Interaction Design and Children},
 series = {IDC '13},
 year = {2013},
 isbn = {978-1-4503-1918-8},
 location = {New York, New York, USA},
 pages = {527--530},
 numpages = {4},
 url = {http://doi.acm.org/10.1145/2485760.2485857},
 doi = {10.1145/2485760.2485857},
 acmid = {2485857},
 publisher = {ACM},
 address = {New York, NY, USA},
 keywords = {co-design, collaborative learning, early childhood, mathematics, preschool, production process, social learning, tablets, technology},
}

@inproceedings{Yang:2015:UTI:2724660.2724674,
 author = {Yang, Seungwon and Domeniconi, Carlotta and Revelle, Matt and Sweeney, Mack and Gelman, Ben U. and Beckley, Chris and Johri, Aditya},
 title = {Uncovering Trajectories of Informal Learning in Large Online Communities of Creators},
 booktitle = {Proceedings of the Second (2015) ACM Conference on Learning @ Scale},
 series = {L@S '15},
 year = {2015},
 isbn = {978-1-4503-3411-2},
 location = {Vancouver, BC, Canada},
 pages = {131--140},
 numpages = {10},
 url = {http://doi.acm.org/10.1145/2724660.2724674},
 doi = {10.1145/2724660.2724674},
 acmid = {2724674},
 publisher = {ACM},
 address = {New York, NY, USA},
 keywords = {clustering, informal learning, learning analytics, modeling, online community, programming, scratch},
}

@inproceedings{Guzdial:2019:CEF:3287324.3290953,
 author = {Guzdial, Mark},
 title = {Computing Education As a Foundation for 21st Century Literacy},
 booktitle = {Proceedings of the 50th ACM Technical Symposium on Computer Science Education},
 series = {SIGCSE '19},
 year = {2019},
 isbn = {978-1-4503-5890-3},
 location = {Minneapolis, MN, USA},
 pages = {502--503},
 numpages = {2},
 url = {http://doi.acm.org/10.1145/3287324.3290953},
 doi = {10.1145/3287324.3290953},
 acmid = {3290953},
 publisher = {ACM},
 address = {New York, NY, USA},
 keywords = {computational literacy, computational thinking, cs for all, history},
}

@inproceedings{Rich:2018:UCT:3230977.3231010,
 author = {Rich, Kathryn M.},
 title = {Using Computational Thinking to Transform Elementary Mathematics Instruction},
 booktitle = {Proceedings of the 2018 ACM Conference on International Computing Education Research},
 series = {ICER '18},
 year = {2018},
 isbn = {978-1-4503-5628-2},
 location = {Espoo, Finland},
 pages = {286--287},
 numpages = {2},
 url = {http://doi.acm.org/10.1145/3230977.3231010},
 doi = {10.1145/3230977.3231010},
 acmid = {3231010},
 publisher = {ACM},
 address = {New York, NY, USA},
 keywords = {computational thinking, k-5, mathematics},
}

@inproceedings{Lande:2009:SEL:1640233.1640287,
 author = {Lande, Micah},
 title = {Student Engineers Learning to Become Designers},
 booktitle = {Proceedings of the Seventh ACM Conference on Creativity and Cognition},
 series = {C\&\#38;C '09},
 year = {2009},
 isbn = {978-1-60558-865-0},
 location = {Berkeley, California, USA},
 pages = {335--336},
 numpages = {2},
 url = {http://doi.acm.org/10.1145/1640233.1640287},
 doi = {10.1145/1640233.1640287},
 acmid = {1640287},
 publisher = {ACM},
 address = {New York, NY, USA},
 keywords = {design and engineering thinking, design learning},
}

@article{Settle:2018:SCR:3243071.3243077,
 author = {Settle, Amber},
 title = {SIGCSE Chair's Report Preview},
 journal = {SIGCSE Bull.},
 issue_date = {July 2018},
 volume = {50},
 number = {3},
 month = jul,
 year = {2018},
 issn = {0097-8418},
 pages = {10--11},
 numpages = {2},
 url = {http://doi.acm.org/10.1145/3243071.3243077},
 doi = {10.1145/3243071.3243077},
 acmid = {3243077},
 publisher = {ACM},
 address = {New York, NY, USA},
}

@article{Payton:2018:ABP:3243071.3243076,
 author = {Payton, Jamie and Thiruvathukal, George K.},
 title = {Advancing Broadening Participation Research at RESPECT},
 journal = {SIGCSE Bull.},
 issue_date = {July 2018},
 volume = {50},
 number = {3},
 month = jul,
 year = {2018},
 issn = {0097-8418},
 pages = {9--10},
 numpages = {2},
 url = {http://doi.acm.org/10.1145/3243071.3243076},
 doi = {10.1145/3243071.3243076},
 acmid = {3243076},
 publisher = {ACM},
 address = {New York, NY, USA},
}

@article{Guo:2018:NAN:3291125.3291126,
 author = {Guo, Weili and Wei, Haikun and Ong, Yew-Soon and Hervas, Jaime Rubio and Zhao, Junsheng and Wang, Hai and Zhang, Kanjian},
 title = {Numerical Analysis Near Singularities in RBF Networks},
 journal = {J. Mach. Learn. Res.},
 issue_date = {January 2018},
 volume = {19},
 number = {1},
 month = jan,
 year = {2018},
 issn = {1532-4435},
 pages = {1--39},
 numpages = {39},
 url = {http://dl.acm.org/citation.cfm?id=3291125.3291126},
 acmid = {3291126},
 publisher = {JMLR.org},
 keywords = {RBF networks, deep learning, learning dynamics, numerical analysis, singularity},
}

@inproceedings{Hoadley:1999:ICM:1150240.1150270,
 author = {Hoadley, Christopher M. and Enyedy, Noel},
 title = {Between Information and Communication: Middle Spaces in Computer Media for Learning},
 booktitle = {Proceedings of the 1999 Conference on Computer Support for Collaborative Learning},
 series = {CSCL '99},
 year = {1999},
 location = {Palo Alto, California},
 articleno = {30},
 url = {http://dl.acm.org/citation.cfm?id=1150240.1150270},
 acmid = {1150270},
 publisher = {International Society of the Learning Sciences},
 keywords = {collaboration, interaction \& design tradeoffs},
}

@inproceedings{Levrini:2010:LAA:1854360.1854433,
 author = {Levrini, Olivia and Fantini, Paola and Pecori, Barbara and Gagliardi, Marta and Scarongella, Mariateresa and Tasquier, Giulia},
 title = {A Longitudinal Approach to Appropriation of Science Ideas: A Study of Students' Trajectories in Thermodynamics},
 booktitle = {Proceedings of the 9th International Conference of the Learning Sciences - Volume 1},
 series = {ICLS '10},
 year = {2010},
 location = {Chicago, Illinois},
 pages = {572--579},
 numpages = {8},
 url = {http://dl.acm.org/citation.cfm?id=1854360.1854433},
 acmid = {1854433},
 publisher = {International Society of the Learning Sciences},
}

@inproceedings{Kim:2019:ULC:3287324.3287387,
 author = {Kim, Meen Chul and Park, Thomas H. and Liu, Ruixue and Forte, Andrea},
 title = {Understanding Learning Curves and Trajectories in CSS Layout},
 booktitle = {Proceedings of the 50th ACM Technical Symposium on Computer Science Education},
 series = {SIGCSE '19},
 year = {2019},
 isbn = {978-1-4503-5890-3},
 location = {Minneapolis, MN, USA},
 pages = {504--510},
 numpages = {7},
 url = {http://doi.acm.org/10.1145/3287324.3287387},
 doi = {10.1145/3287324.3287387},
 acmid = {3287387},
 publisher = {ACM},
 address = {New York, NY, USA},
 keywords = {clustering, css layout, educational game, learning analytics, learning curve analysis, web development},
}

@inproceedings{Hernoux:2015:VRI:2806173.2806197,
 author = {Hernoux, F. and Nyiri, E. and Gibaru, O.},
 title = {Virtual Reality for Improving Safety and Collaborative Control of Industrial Robots},
 booktitle = {Proceedings of the 2015 Virtual Reality International Conference},
 series = {VRIC '15},
 year = {2015},
 isbn = {978-1-4503-3313-9},
 location = {Laval, France},
 pages = {26:1--26:6},
 articleno = {26},
 numpages = {6},
 url = {http://doi.acm.org/10.1145/2806173.2806197},
 doi = {10.1145/2806173.2806197},
 acmid = {2806197},
 publisher = {ACM},
 address = {New York, NY, USA},
 keywords = {Agile Methods, Cobotic, Industrial Robots, Industrial application, Interaction in Tele-Immersive Environments, Motion Capture, New Uses, Real-time, Virtual Reality},
}

@inproceedings{Cunningham:2017:UTS:3105726.3106190,
 author = {Cunningham, Kathryn and Blanchard, Sarah and Ericson, Barbara and Guzdial, Mark},
 title = {Using Tracing and Sketching to Solve Programming Problems: Replicating and Extending an Analysis of What Students Draw},
 booktitle = {Proceedings of the 2017 ACM Conference on International Computing Education Research},
 series = {ICER '17},
 year = {2017},
 isbn = {978-1-4503-4968-0},
 location = {Tacoma, Washington, USA},
 pages = {164--172},
 numpages = {9},
 url = {http://doi.acm.org/10.1145/3105726.3106190},
 doi = {10.1145/3105726.3106190},
 acmid = {3106190},
 publisher = {ACM},
 address = {New York, NY, USA},
 keywords = {cs1, distributed cognition, notional machine, novice programmers, sketching, tracing},
}

@inproceedings{Herman:2017:ACD:3105726.3106172,
 author = {Herman, Geoffrey L. and Choi, Dong San},
 title = {The Affordances and Constraints of Diagrams on Students' Reasoning About State Machines},
 booktitle = {Proceedings of the 2017 ACM Conference on International Computing Education Research},
 series = {ICER '17},
 year = {2017},
 isbn = {978-1-4503-4968-0},
 location = {Tacoma, Washington, USA},
 pages = {173--181},
 numpages = {9},
 url = {http://doi.acm.org/10.1145/3105726.3106172},
 doi = {10.1145/3105726.3106172},
 acmid = {3106172},
 publisher = {ACM},
 address = {New York, NY, USA},
 keywords = {diagrams, finite state machines, misconceptions, state, visual representations},
}

@inproceedings{Roll:2010:ASA:1854509.1854531,
 author = {Roll, Ido and Aleven, Vincent and Koedinger, Kenneth R.},
 title = {Analysis of Students' Actions During Online Invention Activities - Seeing the Thinking Through the Numbers},
 booktitle = {Proceedings of the 9th International Conference of the Learning Sciences - Volume 2},
 series = {ICLS '10},
 year = {2010},
 location = {Chicago, Illinois},
 pages = {49--52},
 numpages = {4},
 url = {http://dl.acm.org/citation.cfm?id=1854509.1854531},
 acmid = {1854531},
 publisher = {International Society of the Learning Sciences},
}

@inproceedings{Dziallas:2016:EGT:2960310.2960353,
 author = {Dziallas, Sebastian},
 title = {Examining Graduateness Through Narratives},
 booktitle = {Proceedings of the 2016 ACM Conference on International Computing Education Research},
 series = {ICER '16},
 year = {2016},
 isbn = {978-1-4503-4449-4},
 location = {Melbourne, VIC, Australia},
 pages = {291--292},
 numpages = {2},
 url = {http://doi.acm.org/10.1145/2960310.2960353},
 doi = {10.1145/2960310.2960353},
 acmid = {2960353},
 publisher = {ACM},
 address = {New York, NY, USA},
 keywords = {graduateness, narrative methodology, qualitative research},
}

@article{Repenning:2012:PGB:2160718.2160729,
 author = {Repenning, Alexander},
 title = {Programming Goes Back to School},
 journal = {Commun. ACM},
 issue_date = {May 2012},
 volume = {55},
 number = {5},
 month = may,
 year = {2012},
 issn = {0001-0782},
 pages = {38--40},
 numpages = {3},
 url = {http://doi.acm.org/10.1145/2160718.2160729},
 doi = {10.1145/2160718.2160729},
 acmid = {2160729},
 publisher = {ACM},
 address = {New York, NY, USA},
}

@inproceedings{Zhong:2015:PLD:2790755.2790791,
 author = {Zhong, Rui and Tezuka, Taro},
 title = {Parametric Learning of Deep Convolutional Neural Network},
 booktitle = {Proceedings of the 19th International Database Engineering \&\#38; Applications Symposium},
 series = {IDEAS '15},
 year = {2014},
 isbn = {978-1-4503-3414-3},
 location = {Yokohama, Japan},
 pages = {226--227},
 numpages = {2},
 url = {http://doi.acm.org/10.1145/2790755.2790791},
 doi = {10.1145/2790755.2790791},
 acmid = {2790791},
 publisher = {ACM},
 address = {New York, NY, USA},
 keywords = {CUDA, Convolutional Neural Network, Deep Learning},
}

@article{Quinn:2012:BRL:2328736.2343716,
 author = {Quinn, Clark},
 title = {Book Review: 'Learning Through Practice: Models, Traditions, Orientations, and Approaches' Edited by Stephen Billett},
 journal = {eLearn},
 issue_date = {July 2012},
 volume = {2012},
 number = {7},
 month = jul,
 year = {2012},
 issn = {1535-394X},
 articleno = {3},
 url = {http://doi.acm.org/10.1145/2328736.2343716},
 doi = {10.1145/2328736.2343716},
 acmid = {2343716},
 publisher = {ACM},
 address = {New York, NY, USA},
}

@inproceedings{Jakob:2010:AAT:1838206.1838520,
 author = {Jakob, Michal and Van\v{e}k, Ond\v{r}ej and Urban, \v{S}t\v{e}p\'{a}n and Benda, Petr and P\v{e}chou\v{c}ek, Michal},
 title = {AgentC: Agent-based Testbed for Adversarial Modeling and Reasoning in the Maritime Domain},
 booktitle = {Proceedings of the 9th International Conference on Autonomous Agents and Multiagent Systems: Volume 1 - Volume 1},
 series = {AAMAS '10},
 year = {2010},
 isbn = {978-0-9826571-1-9},
 location = {Toronto, Canada},
 pages = {1641--1642},
 numpages = {2},
 url = {http://dl.acm.org/citation.cfm?id=1838206.1838520},
 acmid = {1838520},
 publisher = {International Foundation for Autonomous Agents and Multiagent Systems},
 address = {Richland, SC},
 keywords = {adversarial reasoning, agent-based simulation, game theory, learning, maritime crime, planning, transport security},
}

@inproceedings{Kaisers:2010:FAM:1838206.1838250,
 author = {Kaisers, Michael and Tuyls, Karl},
 title = {Frequency Adjusted Multi-agent Q-learning},
 booktitle = {Proceedings of the 9th International Conference on Autonomous Agents and Multiagent Systems: Volume 1 - Volume 1},
 series = {AAMAS '10},
 year = {2010},
 isbn = {978-0-9826571-1-9},
 location = {Toronto, Canada},
 pages = {309--316},
 numpages = {8},
 url = {http://dl.acm.org/citation.cfm?id=1838206.1838250},
 acmid = {1838250},
 publisher = {International Foundation for Autonomous Agents and Multiagent Systems},
 address = {Richland, SC},
 keywords = {Q-learning, evolutionary game theory, multi-agent learning, replicator dynamics},
}

@inproceedings{Hasegawa:2015:DDE:2814940.2814942,
 author = {Hasegawa, Komei and Furuya, Seigo and Kanai, Yusuke and Imai, Michita},
 title = {DECoReS: Degree Expressional Command Reproducing System for Autonomous Wheelchairs},
 booktitle = {Proceedings of the 3rd International Conference on Human-Agent Interaction},
 series = {HAI '15},
 year = {2015},
 isbn = {978-1-4503-3527-0},
 location = {Daegu, Kyungpook, Republic of Korea},
 pages = {149--156},
 numpages = {8},
 url = {http://doi.acm.org/10.1145/2814940.2814942},
 doi = {10.1145/2814940.2814942},
 acmid = {2814942},
 publisher = {ACM},
 address = {New York, NY, USA},
 keywords = {ambiguous expression, autonomous wheelchair, degree expression, personal adaptation},
}

@inproceedings{Verbancsics:2015:ISH:2739482.2764667,
 author = {Verbancsics, Phillip},
 title = {Impact of Speciation Heuristic on Crossover and Search in NEAT},
 booktitle = {Proceedings of the Companion Publication of the 2015 Annual Conference on Genetic and Evolutionary Computation},
 series = {GECCO Companion '15},
 year = {2015},
 isbn = {978-1-4503-3488-4},
 location = {Madrid, Spain},
 pages = {1509--1510},
 numpages = {2},
 url = {http://doi.acm.org/10.1145/2739482.2764667},
 doi = {10.1145/2739482.2764667},
 acmid = {2764667},
 publisher = {ACM},
 address = {New York, NY, USA},
 keywords = {artificial neural networks, crossover, neat, speciation},
}

@inproceedings{Orr:2015:EMG:2771839.2771885,
 author = {Orr, Jillian and Flannery, Louise and Presser, Ashley Lewis and Vahey, Phil and Latimore, Sonja},
 title = {Early Math with Gracie \&\#38; Friends\&Trade; Demo: App-infused Curriculum and Teacher Support for Preschool},
 booktitle = {Proceedings of the 14th International Conference on Interaction Design and Children},
 series = {IDC '15},
 year = {2015},
 isbn = {978-1-4503-3590-4},
 location = {Boston, Massachusetts},
 pages = {458--461},
 numpages = {4},
 url = {http://doi.acm.org/10.1145/2771839.2771885},
 doi = {10.1145/2771839.2771885},
 acmid = {2771885},
 publisher = {ACM},
 address = {New York, NY, USA},
 keywords = {co-design, collaborative learning, early childhood, education, mathematics, preschool, tablets, technology},
}

@inproceedings{Ryoo:2016:EPS:3003397.3003404,
 author = {Ryoo, Jean J. and Kali, Lianna and Bevan, Bronwyn},
 title = {Equity-Oriented Pedagogical Strategies and Student Learning in After School Making},
 booktitle = {Proceedings of the 6th Annual Conference on Creativity and Fabrication in Education},
 series = {FabLearn '16},
 year = {2016},
 isbn = {978-1-4503-4802-7},
 location = {Stanford, CA, USA},
 pages = {49--57},
 numpages = {9},
 url = {http://doi.acm.org/10.1145/3003397.3003404},
 doi = {10.1145/3003397.3003404},
 acmid = {3003404},
 publisher = {ACM},
 address = {New York, NY, USA},
 keywords = {After School Education, Curriculum and Activity Design, Equity, Expansive Learning, Making, Pedagogy, Research-Practice Partnership, Tinkering},
}

@inproceedings{Cho:2017:DAS:3148675.3148714,
 author = {Cho, Sungjin and Zhang, Fumin and Edwards, Catherine},
 title = {Detecting Abnormal Speed of Marine Robots Using Controlled Lagrangian Particle Tracking Methods},
 booktitle = {Proceedings of the International Conference on Underwater Networks \& Systems},
 series = {WUWNET'17},
 year = {2017},
 isbn = {978-1-4503-5561-2},
 location = {Halifax, NS, Canada},
 pages = {11:1--11:5},
 articleno = {11},
 numpages = {5},
 url = {http://doi.acm.org/10.1145/3148675.3148714},
 doi = {10.1145/3148675.3148714},
 acmid = {3148714},
 publisher = {ACM},
 address = {New York, NY, USA},
 keywords = {Adaptive Control, Adaptive Learning, Anomaly Detection, Controlled Lagrangian Particle Tracking, Marine Robots, Navigation},
}

@inproceedings{Dhariwal:2018:SMV:3202185.3202770,
 author = {Dhariwal, Shruti},
 title = {Scratch Memories: A Visualization Tool for Children to Celebrate and Reflect on Their Creative Trajectories},
 booktitle = {Proceedings of the 17th ACM Conference on Interaction Design and Children},
 series = {IDC '18},
 year = {2018},
 isbn = {978-1-4503-5152-2},
 location = {Trondheim, Norway},
 pages = {449--455},
 numpages = {7},
 url = {http://doi.acm.org/10.1145/3202185.3202770},
 doi = {10.1145/3202185.3202770},
 acmid = {3202770},
 publisher = {ACM},
 address = {New York, NY, USA},
 keywords = {computing education, scratch, self-reflection, social computing, technology mediated reflection, visualization},
}

@inproceedings{Buffum:2018:ICS:3159450.3159545,
 author = {Buffum, Philip Sheridan and Ying, Kimberly Michelle and Zheng, Xiaoxi and Boyer, Kristy Elizabeth and Wiebe, Eric N. and Mott, Bradford W. and Blackburn, David C. and Lester, James C.},
 title = {Introducing the Computer Science Concept of Variables in Middle School Science Classrooms},
 booktitle = {Proceedings of the 49th ACM Technical Symposium on Computer Science Education},
 series = {SIGCSE '18},
 year = {2018},
 isbn = {978-1-4503-5103-4},
 location = {Baltimore, Maryland, USA},
 pages = {906--911},
 numpages = {6},
 url = {http://doi.acm.org/10.1145/3159450.3159545},
 doi = {10.1145/3159450.3159545},
 acmid = {3159545},
 publisher = {ACM},
 address = {New York, NY, USA},
 keywords = {computational thinking, middle school, science classrooms},
}

@inproceedings{Richards:2012:LSV:2343896.2344062,
 author = {Richards, Deborah and Jacobson, Michael J and Taylor, Meredith and Newstead, Anne and Taylor, Charlotte and Porte, John and Kelaiah, Iwan and Hanna, Nader},
 title = {Learning to Be Scientists via a Virtual Field Trip (Demonstration)},
 booktitle = {Proceedings of the 11th International Conference on Autonomous Agents and Multiagent Systems - Volume 3},
 series = {AAMAS '12},
 year = {2012},
 isbn = {0-9817381-3-3, 978-0-9817381-3-0},
 location = {Valencia, Spain},
 pages = {1463--1464},
 numpages = {2},
 url = {http://dl.acm.org/citation.cfm?id=2343896.2344062},
 acmid = {2344062},
 publisher = {International Foundation for Autonomous Agents and Multiagent Systems},
 address = {Richland, SC},
 keywords = {agents, artificial life, biology education, boids, educational virtual worlds, science inquiry},
}

@inproceedings{Le:2016:RLF:2937029.2937204,
 author = {Le, Truc Viet and Liu, Siyuan and Lau, Hoong Chuin},
 title = {Reinforcement Learning Framework for Modeling Spatial Sequential Decisions Under Uncertainty: (Extended Abstract)},
 booktitle = {Proceedings of the 2016 International Conference on Autonomous Agents \&\#38; Multiagent Systems},
 series = {AAMAS '16},
 year = {2016},
 isbn = {978-1-4503-4239-1},
 location = {Singapore, Singapore},
 pages = {1449--1450},
 numpages = {2},
 url = {http://dl.acm.org/citation.cfm?id=2937029.2937204},
 acmid = {2937204},
 publisher = {International Foundation for Autonomous Agents and Multiagent Systems},
 address = {Richland, SC},
 keywords = {budget constraint, markov decision process, reinforcement learning, sequential decisions, stochastic utility, trajectory prediction},
}

@inproceedings{Le:2016:RLF:2936924.2937204,
 author = {Le, Truc Viet and Liu, Siyuan and Lau, Hoong Chuin},
 title = {Reinforcement Learning Framework for Modeling Spatial Sequential Decisions Under Uncertainty: (Extended Abstract)},
 booktitle = {Proceedings of the 2016 International Conference on Autonomous Agents \&\#38; Multiagent Systems},
 series = {AAMAS '16},
 year = {2016},
 isbn = {978-1-4503-4239-1},
 location = {Singapore, Singapore},
 pages = {1449--1450},
 numpages = {2},
 url = {http://dl.acm.org/citation.cfm?id=2936924.2937204},
 acmid = {2937204},
 publisher = {International Foundation for Autonomous Agents and Multiagent Systems},
 address = {Richland, SC},
 keywords = {budget constraint, markov decision process, reinforcement learning, sequential decisions, stochastic utility, trajectory prediction},
}

@inproceedings{Kent:2017:LCC:3029798.3034801,
 author = {Kent, David},
 title = {Leveraging the Crowd to Capture Highly Variable Task Models},
 booktitle = {Proceedings of the Companion of the 2017 ACM/IEEE International Conference on Human-Robot Interaction},
 series = {HRI '17},
 year = {2017},
 isbn = {978-1-4503-4885-0},
 location = {Vienna, Austria},
 pages = {347--348},
 numpages = {2},
 url = {http://doi.acm.org/10.1145/3029798.3034801},
 doi = {10.1145/3029798.3034801},
 acmid = {3034801},
 publisher = {ACM},
 address = {New York, NY, USA},
 keywords = {crowdsourcing, learning from demonstration, task models},
}

@inproceedings{Fastre:2008:SSS:1599936.1599949,
 author = {Fastr{\'e}, Greet and Van Der Klink, Marcel and Van Merri\"{e}nboer, Jeroen and Sluijsmans, Dominique},
 title = {Support in Self-assessment in Secondary Vocational Education},
 booktitle = {Proceedings of the 8th International Conference on International Conference for the Learning Sciences - Volume 3},
 series = {ICLS'08},
 year = {2008},
 location = {Utrecht, The Netherlands},
 pages = {29--30},
 numpages = {2},
 url = {http://dl.acm.org/citation.cfm?id=1599936.1599949},
 acmid = {1599949},
 publisher = {International Society of the Learning Sciences},
}

@inproceedings{Harrell:2007:CLM:1599600.1599649,
 author = {Harrell, Sneha Veeragoudar and Abrahamson, Dor},
 title = {Computational Literacy and Mathematics Learning in a Virtual World: Identity, Embodiment, and Empowered Media Engagement},
 booktitle = {Proceedings of the 8th Iternational Conference on Computer Supported Collaborative Learning},
 series = {CSCL'07},
 year = {2007},
 isbn = {978-0-6151-5436-7},
 location = {New Brunswick, New Jersey, USA},
 pages = {267--269},
 numpages = {3},
 url = {http://dl.acm.org/citation.cfm?id=1599600.1599649},
 acmid = {1599649},
 publisher = {International Society of the Learning Sciences},
}

@inproceedings{Kirstein:2014:HEC:2559636.2563713,
 author = {Kirstein, Franziska and Fischer, Kerstin and S{\o}lvason, Dorthe},
 title = {Human Embodiment Creates Problems for Robot Learning by Demonstration Using a Control Panel},
 booktitle = {Proceedings of the 2014 ACM/IEEE International Conference on Human-robot Interaction},
 series = {HRI '14},
 year = {2014},
 isbn = {978-1-4503-2658-2},
 location = {Bielefeld, Germany},
 pages = {212--213},
 numpages = {2},
 url = {http://doi.acm.org/10.1145/2559636.2563713},
 doi = {10.1145/2559636.2563713},
 acmid = {2563713},
 publisher = {ACM},
 address = {New York, NY, USA},
 keywords = {control panel, human embodiment, learning from demonstration},
}

@inproceedings{Schoefegger:2011:UMA:2021855.2021908,
 author = {Schoefegger, Karin},
 title = {A User Modeling Approach to Support Knowledge Work in Socio-computational Systems},
 booktitle = {Proceedings of the 19th International Conference on User Modeling, Adaption, and Personalization},
 series = {UMAP'11},
 year = {2011},
 isbn = {978-3-642-22361-7},
 location = {Girona, Spain},
 pages = {450--453},
 numpages = {4},
 url = {http://dl.acm.org/citation.cfm?id=2021855.2021908},
 acmid = {2021908},
 publisher = {Springer-Verlag},
 address = {Berlin, Heidelberg},
 keywords = {collaborative tagging systems, emergent semantics, knowledge work, personalized services, user modeling, work-integrated learning},
}

@inproceedings{English:2015:ART:2701973.2702725,
 author = {English, Brittney A. and Howard, Ayanna M.},
 title = {An Adaptive Robotic Tablet Gaming System for Post-Stroke Hand Function Rehabilitation},
 booktitle = {Proceedings of the Tenth Annual ACM/IEEE International Conference on Human-Robot Interaction Extended Abstracts},
 series = {HRI'15 Extended Abstracts},
 year = {2015},
 isbn = {978-1-4503-3318-4},
 location = {Portland, Oregon, USA},
 pages = {207--208},
 numpages = {2},
 url = {http://doi.acm.org/10.1145/2701973.2702725},
 doi = {10.1145/2701973.2702725},
 acmid = {2702725},
 publisher = {ACM},
 address = {New York, NY, USA},
 keywords = {human-robot interaction (hri), rehabilitation robotics},
}

@inproceedings{Koning:2017:ICT:3141880.3141908,
 author = {Koning, Josina I. and Faber, Hylke H. and Wierdsma, Menno D. M.},
 title = {Introducing Computational Thinking to 5 and 6 Year Old Students in Dutch Primary Schools: An Educational Design Research Study},
 booktitle = {Proceedings of the 17th Koli Calling International Conference on Computing Education Research},
 series = {Koli Calling '17},
 year = {2017},
 isbn = {978-1-4503-5301-4},
 location = {Koli, Finland},
 pages = {189--190},
 numpages = {2},
 url = {http://doi.acm.org/10.1145/3141880.3141908},
 doi = {10.1145/3141880.3141908},
 acmid = {3141908},
 publisher = {ACM},
 address = {New York, NY, USA},
 keywords = {computational thinking, early childhood, educational design research, primary education, unplugged},
}

@inproceedings{Owen:2016:MUE:2930238.2930271,
 author = {Owen, V. Elizabeth and Anton, Gabriella and Baker, Ryan},
 title = {Modeling User Exploration and Boundary Testing in Digital Learning Games},
 booktitle = {Proceedings of the 2016 Conference on User Modeling Adaptation and Personalization},
 series = {UMAP '16},
 year = {2016},
 isbn = {978-1-4503-4368-8},
 location = {Halifax, Nova Scotia, Canada},
 pages = {301--302},
 numpages = {2},
 url = {http://doi.acm.org/10.1145/2930238.2930271},
 doi = {10.1145/2930238.2930271},
 acmid = {2930271},
 publisher = {ACM},
 address = {New York, NY, USA},
 keywords = {behavior detection, classification, educational data mining, exploration, game-based learning, microworlds, productive failure, serious games, student model},
}

@inproceedings{Puccini:2013:AEA:2485760.2485848,
 author = {Puccini, Angela M. and Puccini, Marisa and Chang, Angela},
 title = {Acquiring Educational Access for Neurodiverse Learners Through Multisensory Design Principles},
 booktitle = {Proceedings of the 12th International Conference on Interaction Design and Children},
 series = {IDC '13},
 year = {2013},
 isbn = {978-1-4503-1918-8},
 location = {New York, New York, USA},
 pages = {455--458},
 numpages = {4},
 url = {http://doi.acm.org/10.1145/2485760.2485848},
 doi = {10.1145/2485760.2485848},
 acmid = {2485848},
 publisher = {ACM},
 address = {New York, NY, USA},
 keywords = {dyslexia, educational technology, multisensory, neurodiversity, special needs, universal design, user interface design},
}

@inproceedings{Mees:2017:RAI:3130859.3131315,
 author = {Mees, Martyn and Jay, Tim and Habgood, Jacob and Howard-Jones, Paul},
 title = {Researching Adaptivity for Individual Differences in Numeracy Games},
 booktitle = {Extended Abstracts Publication of the Annual Symposium on Computer-Human Interaction in Play},
 series = {CHI PLAY '17 Extended Abstracts},
 year = {2017},
 isbn = {978-1-4503-5111-9},
 location = {Amsterdam, The Netherlands},
 pages = {247--253},
 numpages = {7},
 url = {http://doi.acm.org/10.1145/3130859.3131315},
 doi = {10.1145/3130859.3131315},
 acmid = {3131315},
 publisher = {ACM},
 address = {New York, NY, USA},
 keywords = {adaptivity, analytics, free-to-play, game based learning, mathematics cognition},
}

@inproceedings{Presser:2013:DEC:2485760.2485802,
 author = {Presser, Ashley Lewis and Vahey, Philip and Zanchi, Christine},
 title = {Designing Early Childhood Math Games: A Research-driven Approach},
 booktitle = {Proceedings of the 12th International Conference on Interaction Design and Children},
 series = {IDC '13},
 year = {2013},
 isbn = {978-1-4503-1918-8},
 location = {New York, New York, USA},
 pages = {376--379},
 numpages = {4},
 url = {http://doi.acm.org/10.1145/2485760.2485802},
 doi = {10.1145/2485760.2485802},
 acmid = {2485802},
 publisher = {ACM},
 address = {New York, NY, USA},
 keywords = {design, early childhood, mathematics, preschool, technology},
}

@inproceedings{Yao:2019:ODC:3310986.3311004,
 author = {Yao, Xinlin and Lu, Xianghua},
 title = {Optimizing Digital Coupon Assignment Using Constrained Reinforcement Learning},
 booktitle = {Proceedings of the 3rd International Conference on Machine Learning and Soft Computing},
 series = {ICMLSC 2019},
 year = {2019},
 isbn = {978-1-4503-6612-0},
 location = {Da Lat, Viet Nam},
 pages = {143--147},
 numpages = {5},
 url = {http://doi.acm.org/10.1145/3310986.3311004},
 doi = {10.1145/3310986.3311004},
 acmid = {3311004},
 publisher = {ACM},
 address = {New York, NY, USA},
 keywords = {Constrained reinforcement learning, Digital coupon assignment, Online marketing},
}

@inproceedings{Zhou:2011:IEI:1985793.1985831,
 author = {Zhou, Minghui and Mockus, Audris},
 title = {Does the Initial Environment Impact the Future of Developers?},
 booktitle = {Proceedings of the 33rd International Conference on Software Engineering},
 series = {ICSE '11},
 year = {2011},
 isbn = {978-1-4503-0445-0},
 location = {Waikiki, Honolulu, HI, USA},
 pages = {271--280},
 numpages = {10},
 url = {http://doi.acm.org/10.1145/1985793.1985831},
 doi = {10.1145/1985793.1985831},
 acmid = {1985831},
 publisher = {ACM},
 address = {New York, NY, USA},
 keywords = {initial environment, learning trajectory, relative sociality, socio-technical balance},
}

@inproceedings{Chang:2013:PFD:2485760.2485809,
 author = {Chang, Angela and Nunez, David and Roberts, Tom and Sengeh, David and Breazeal, Cynthia},
 title = {Pre-pilot Findings on Developing a Literacy Tablet},
 booktitle = {Proceedings of the 12th International Conference on Interaction Design and Children},
 series = {IDC '13},
 year = {2013},
 isbn = {978-1-4503-1918-8},
 location = {New York, New York, USA},
 pages = {471--474},
 numpages = {4},
 url = {http://doi.acm.org/10.1145/2485760.2485809},
 doi = {10.1145/2485760.2485809},
 acmid = {2485809},
 publisher = {ACM},
 address = {New York, NY, USA},
 keywords = {developing countries, literacy tablet, tablet interaction, technology implementation},
}

@inproceedings{Pantic:2016:SSL:2930674.2930725,
 author = {Pantic, Katarina and Fields, Deborah A. and Quirke, Lisa},
 title = {Studying Situated Learning in a Constructionist Programming Camp: A Multimethod Microgenetic Analysis of One Girl's Learning Pathway},
 booktitle = {Proceedings of the The 15th International Conference on Interaction Design and Children},
 series = {IDC '16},
 year = {2016},
 isbn = {978-1-4503-4313-8},
 location = {Manchester, United Kingdom},
 pages = {428--439},
 numpages = {12},
 url = {http://doi.acm.org/10.1145/2930674.2930725},
 doi = {10.1145/2930674.2930725},
 acmid = {2930725},
 publisher = {ACM},
 address = {New York, NY, USA},
 keywords = {Computer science education, Scratch, big data, do-it-yourself media, learning trajectories, microgenetic methods},
}

@inproceedings{Metz:2010:SCU:1854360.1854411,
 author = {Metz, Kathleen E.},
 title = {Scaffolding Children's Understanding of the Fit Between Organisms and Their Environment in the Context of the Practices of Science},
 booktitle = {Proceedings of the 9th International Conference of the Learning Sciences - Volume 1},
 series = {ICLS '10},
 year = {2010},
 location = {Chicago, Illinois},
 pages = {396--403},
 numpages = {8},
 url = {http://dl.acm.org/citation.cfm?id=1854360.1854411},
 acmid = {1854411},
 publisher = {International Society of the Learning Sciences},
}

@inproceedings{Sinha:2010:ACR:1854360.1854467,
 author = {Sinha, Suparna and Gray, Steven and Hmelo-Silver, Cindy E. and Jordan, Rebecca and Honwad, Sameer and Eberbach, Catherine and Rugaber, Spencer and Vattam, Swaroop and Goel, Ashok},
 title = {Appropriating Conceptual Representations: A Case of Transfer in a Middle School Science Teacher},
 booktitle = {Proceedings of the 9th International Conference of the Learning Sciences - Volume 1},
 series = {ICLS '10},
 year = {2010},
 location = {Chicago, Illinois},
 pages = {834--841},
 numpages = {8},
 url = {http://dl.acm.org/citation.cfm?id=1854360.1854467},
 acmid = {1854467},
 publisher = {International Society of the Learning Sciences},
}

@inproceedings{Fields:2016:CBD:2839509.2844631,
 author = {Fields, Deborah A. and Quirke, Lisa and Amely, Janell and Maughan, Jason},
 title = {Combining Big Data and Thick Data Analyses for Understanding Youth Learning Trajectories in a Summer Coding Camp},
 booktitle = {Proceedings of the 47th ACM Technical Symposium on Computing Science Education},
 series = {SIGCSE '16},
 year = {2016},
 isbn = {978-1-4503-3685-7},
 location = {Memphis, Tennessee, USA},
 pages = {150--155},
 numpages = {6},
 url = {http://doi.acm.org/10.1145/2839509.2844631},
 doi = {10.1145/2839509.2844631},
 acmid = {2844631},
 publisher = {ACM},
 address = {New York, NY, USA},
 keywords = {assessment, big data, computer science education, constructionism, novice programmers, scratch},
}

@inproceedings{Gifford:1999:ACD:1150240.1150262,
 author = {Gifford, Bernard R. and Enyedy, Noel D.},
 title = {Activity Centered Design: Towards a Theoretical Framework for CSCL},
 booktitle = {Proceedings of the 1999 Conference on Computer Support for Collaborative Learning},
 series = {CSCL '99},
 year = {1999},
 location = {Palo Alto, California},
 articleno = {22},
 url = {http://dl.acm.org/citation.cfm?id=1150240.1150262},
 acmid = {1150262},
 publisher = {International Society of the Learning Sciences},
 keywords = {activity theory, design framework, discourse analysis},
}

@inproceedings{Zhang:2008:DAM:1599936.1600043,
 author = {Zhang, BaoHui and Jacobson, Michael J. and Kim, Beaumie and Deng, Feng and Pathak, Suneeta and Lossman, Hans G. and Lin, Xiuqin and Sengupta, Pratim and Wilensky, Uri and Hay, Kenneth E.},
 title = {Designing and Assessing Modeling and Visualization Technologies (MVT) Enhanced Learning},
 booktitle = {Proceedings of the 8th International Conference on International Conference for the Learning Sciences - Volume 3},
 series = {ICLS'08},
 year = {2008},
 location = {Utrecht, The Netherlands},
 pages = {392--399},
 numpages = {8},
 url = {http://dl.acm.org/citation.cfm?id=1599936.1600043},
 acmid = {1600043},
 publisher = {International Society of the Learning Sciences},
}

@inproceedings{Ko:2016:LHA:2974804.2974805,
 author = {Ko, Wilson K.H. and Wu, Yan and Tee, Keng Peng},
 title = {LAP: A Human-in-the-loop Adaptation Approach for Industrial Robots},
 booktitle = {Proceedings of the Fourth International Conference on Human Agent Interaction},
 series = {HAI '16},
 year = {2016},
 isbn = {978-1-4503-4508-8},
 location = {Biopolis, Singapore},
 pages = {313--319},
 numpages = {7},
 url = {http://doi.acm.org/10.1145/2974804.2974805},
 doi = {10.1145/2974804.2974805},
 acmid = {2974805},
 publisher = {ACM},
 address = {New York, NY, USA},
 keywords = {automation, human-robot interaction, imitation learning, industrial robotics, industrial robots, intuitive teaching, robot learning from demonstration},
}

@inproceedings{Hickey:2004:DTI:1149126.1149201,
 author = {Hickey, Daniel T.},
 title = {Design Theories of Interest, Motivation, and Engagement for the Learning Sciences},
 booktitle = {Proceedings of the 6th International Conference on Learning Sciences},
 series = {ICLS '04},
 year = {2004},
 location = {Santa Monica, California},
 pages = {8--11},
 numpages = {4},
 url = {http://dl.acm.org/citation.cfm?id=1149126.1149201},
 acmid = {1149201},
 publisher = {International Society of the Learning Sciences},
}

@inproceedings{Clarke:2007:MPM:1599600.1599627,
 author = {Clarke, Jody and Dede, Chris},
 title = {MUVEs As a Powerful Means to Study Situated Learning},
 booktitle = {Proceedings of the 8th Iternational Conference on Computer Supported Collaborative Learning},
 series = {CSCL'07},
 year = {2007},
 isbn = {978-0-6151-5436-7},
 location = {New Brunswick, New Jersey, USA},
 pages = {144--147},
 numpages = {4},
 url = {http://dl.acm.org/citation.cfm?id=1599600.1599627},
 acmid = {1599627},
 publisher = {International Society of the Learning Sciences},
}

@inproceedings{Hallam:2017:LOI:3123024.3123175,
 author = {Hallam, James and Zheng, Clement and Posner, Noah and Ericson, Heydn and Swarts, Matthew and Do, Ellen Yi-Luen},
 title = {The Light Orchard: An Immersive Display Platform for Collaborative Tangible Interaction},
 booktitle = {Proceedings of the 2017 ACM International Joint Conference on Pervasive and Ubiquitous Computing and Proceedings of the 2017 ACM International Symposium on Wearable Computers},
 series = {UbiComp '17},
 year = {2017},
 isbn = {978-1-4503-5190-4},
 location = {Maui, Hawaii},
 pages = {245--248},
 numpages = {4},
 url = {http://doi.acm.org/10.1145/3123024.3123175},
 doi = {10.1145/3123024.3123175},
 acmid = {3123175},
 publisher = {ACM},
 address = {New York, NY, USA},
 keywords = {immersive display, installation, tangible interaction},
}

@proceedings{Ranu:2018:3152494,
 title = {CoDS-COMAD '18: Proceedings of the ACM India Joint International Conference on Data Science and Management of Data},
 year = {2018},
 isbn = {978-1-4503-6341-9},
 location = {Goa, India},
 publisher = {ACM},
 address = {New York, NY, USA},
}

@inproceedings{Kalmpourtzis:2014:FJG:2559206.2580101,
 author = {Kalmpourtzis, George},
 title = {Find the Jackalop: A Game Enhancing Young Children's Spatial Thinking},
 booktitle = {CHI '14 Extended Abstracts on Human Factors in Computing Systems},
 series = {CHI EA '14},
 year = {2014},
 isbn = {978-1-4503-2474-8},
 location = {Toronto, Ontario, Canada},
 pages = {273--276},
 numpages = {4},
 url = {http://doi.acm.org/10.1145/2559206.2580101},
 doi = {10.1145/2559206.2580101},
 acmid = {2580101},
 publisher = {ACM},
 address = {New York, NY, USA},
 keywords = {collaborative technology, early childhood mathematics, game-based learning, interactive tabletops, mobile learning, spatial thinking},
}

@inproceedings{Weidler-Lewis:2015:CCC:2685553.2699019,
 author = {Weidler-Lewis, Joanna and Fullerton, Sean},
 title = {The Coaching Companion: Computer-Mediated Instructional Coaching},
 booktitle = {Proceedings of the 18th ACM Conference Companion on Computer Supported Cooperative Work \&\#38; Social Computing},
 series = {CSCW'15 Companion},
 year = {2015},
 isbn = {978-1-4503-2946-0},
 location = {Vancouver, BC, Canada},
 pages = {251--254},
 numpages = {4},
 url = {http://doi.acm.org/10.1145/2685553.2699019},
 doi = {10.1145/2685553.2699019},
 acmid = {2699019},
 publisher = {ACM},
 address = {New York, NY, USA},
 keywords = {instructional coaching, online coaching, preschool},
}

@proceedings{LaraTorralbo:2018:3279996,
 title = {DATA '18: Proceedings of the First International Conference on Data Science, E-learning and Information Systems},
 year = {2018},
 isbn = {978-1-4503-6536-9},
 location = {Madrid, Spain},
 publisher = {ACM},
 address = {New York, NY, USA},
}

@inproceedings{Songer:2004:CEC:1149126.1149187,
 author = {Songer, Nancy Butler and Gotwals, Amelia Wenk},
 title = {What Constitutes Evidence of Complex Reasoning in Science?},
 booktitle = {Proceedings of the 6th International Conference on Learning Sciences},
 series = {ICLS '04},
 year = {2004},
 location = {Santa Monica, California},
 pages = {497--504},
 numpages = {8},
 url = {http://dl.acm.org/citation.cfm?id=1149126.1149187},
 acmid = {1149187},
 publisher = {International Society of the Learning Sciences},
}

@inproceedings{Mera:2017:ADE:3144826.3145415,
 author = {Mera, Carlos and Ruiz-Cagigas, Gonzalo and Navarro-Guzm\'{a}n, Jos{\'e} I. and Arag\'{o}n-Mendiz\'{a}bal, Est\'{\i}baliz and Delgado, C\'{a}ndida and Aguilar-Villagr\'{a}n, Manuel},
 title = {APP Designed for Early Math Training. Magnitudes Comparison},
 booktitle = {Proceedings of the 5th International Conference on Technological Ecosystems for Enhancing Multiculturality},
 series = {TEEM 2017},
 year = {2017},
 isbn = {978-1-4503-5386-1},
 location = {C\&aacute;diz, Spain},
 pages = {65:1--65:8},
 articleno = {65},
 numpages = {8},
 url = {http://doi.acm.org/10.1145/3144826.3145415},
 doi = {10.1145/3144826.3145415},
 acmid = {3145415},
 publisher = {ACM},
 address = {New York, NY, USA},
 keywords = {APPs, Numerical sense, magnitudes comparison},
}

@proceedings{Montero:2017:3141880,
 title = {Koli Calling '17: Proceedings of the 17th Koli Calling International Conference on Computing Education Research},
 year = {2017},
 isbn = {978-1-4503-5301-4},
 location = {Koli, Finland},
 publisher = {ACM},
 address = {New York, NY, USA},
}

@inproceedings{Firssova:2016:DOL:2876034.2893426,
 author = {Firssova, Olga and Brouns, Francis and Kalz, Marco},
 title = {Designing for Open Learning: Design Principles and Scalability Affordances in Practice},
 booktitle = {Proceedings of the Third (2016) ACM Conference on Learning @ Scale},
 series = {L@S '16},
 year = {2016},
 isbn = {978-1-4503-3726-7},
 location = {Edinburgh, Scotland, UK},
 pages = {249--252},
 numpages = {4},
 url = {http://doi.acm.org/10.1145/2876034.2893426},
 doi = {10.1145/2876034.2893426},
 acmid = {2893426},
 publisher = {ACM},
 address = {New York, NY, USA},
 keywords = {active learning, design principles, moocs, open online learning, scalability},
}

@inproceedings{Okoye:2013:AEC:2467696.2467708,
 author = {Okoye, Ifeyinwa and Sumner, Tamara and Bethard, Steven},
 title = {Automatic Extraction of Core Learning Goals and Generation of Pedagogical Sequences Through a Collection of Digital Library Resources},
 booktitle = {Proceedings of the 13th ACM/IEEE-CS Joint Conference on Digital Libraries},
 series = {JCDL '13},
 year = {2013},
 isbn = {978-1-4503-2077-1},
 location = {Indianapolis, Indiana, USA},
 pages = {67--76},
 numpages = {10},
 url = {http://doi.acm.org/10.1145/2467696.2467708},
 doi = {10.1145/2467696.2467708},
 acmid = {2467708},
 publisher = {ACM},
 address = {New York, NY, USA},
 keywords = {computational models, core learning goals, pedagogical sequencing},
}

@inproceedings{Howland:2015:CCR:2771839.2771954,
 author = {Howland, Kate and Good, Judith and Robertson, Judy and Manches, Andrew},
 title = {Every Child a Coder?: Research Challenges for a 5--18 Programming Curriculum},
 booktitle = {Proceedings of the 14th International Conference on Interaction Design and Children},
 series = {IDC '15},
 year = {2015},
 isbn = {978-1-4503-3590-4},
 location = {Boston, Massachusetts},
 pages = {470--473},
 numpages = {4},
 url = {http://doi.acm.org/10.1145/2771839.2771954},
 doi = {10.1145/2771839.2771954},
 acmid = {2771954},
 publisher = {ACM},
 address = {New York, NY, USA},
 keywords = {children, coding, design, programming},
}

@inproceedings{Pitt:2017:DTG:3078072.3079716,
 author = {Pitt, Caroline and Davis, Katie},
 title = {Designing Together?: Group Dynamics in Participatory Digital Badge Design with Teens},
 booktitle = {Proceedings of the 2017 Conference on Interaction Design and Children},
 series = {IDC '17},
 year = {2017},
 isbn = {978-1-4503-4921-5},
 location = {Stanford, California, USA},
 pages = {322--327},
 numpages = {6},
 url = {http://doi.acm.org/10.1145/3078072.3079716},
 doi = {10.1145/3078072.3079716},
 acmid = {3079716},
 publisher = {ACM},
 address = {New York, NY, USA},
 keywords = {case study, co-design, digital badges, participatory design, power dynamics, reflection-on-action},
}

@proceedings{Wise:2017:3027385,
 title = {LAK '17: Proceedings of the Seventh International Learning Analytics \&\#38; Knowledge Conference},
 year = {2017},
 isbn = {978-1-4503-4870-6},
 location = {Vancouver, British Columbia, Canada},
 publisher = {ACM},
 address = {New York, NY, USA},
}

@inproceedings{Khalid:2005:CSO:1099396.1099404,
 author = {Khalid, Shehzad and Naftel, Andrew},
 title = {Classifying Spatiotemporal Object Trajectories Using Unsupervised Learning of Basis Function Coefficients},
 booktitle = {Proceedings of the Third ACM International Workshop on Video Surveillance \&Amp; Sensor Networks},
 series = {VSSN '05},
 year = {2005},
 isbn = {1-59593-242-9},
 location = {Hilton, Singapore},
 pages = {45--52},
 numpages = {8},
 url = {http://doi.acm.org/10.1145/1099396.1099404},
 doi = {10.1145/1099396.1099404},
 acmid = {1099404},
 publisher = {ACM},
 address = {New York, NY, USA},
 keywords = {anomaly detection, event mining, motion classification, object trajectory},
}

@inproceedings{Nelson:2018:UTC:3230977.3230992,
 author = {Nelson, Greg L. and Ko, Andrew J.},
 title = {On Use of Theory in Computing Education Research},
 booktitle = {Proceedings of the 2018 ACM Conference on International Computing Education Research},
 series = {ICER '18},
 year = {2018},
 isbn = {978-1-4503-5628-2},
 location = {Espoo, Finland},
 pages = {31--39},
 numpages = {9},
 url = {http://doi.acm.org/10.1145/3230977.3230992},
 doi = {10.1145/3230977.3230992},
 acmid = {3230992},
 publisher = {ACM},
 address = {New York, NY, USA},
 keywords = {cognitive load theory, design, design science, domain-specific theory, peer review, publication bias, theory},
}

@inproceedings{Yeung:2018:ATP:3231644.3231647,
 author = {Yeung, Chun-Kit and Yeung, Dit-Yan},
 title = {Addressing Two Problems in Deep Knowledge Tracing via Prediction-consistent Regularization},
 booktitle = {Proceedings of the Fifth Annual ACM Conference on Learning at Scale},
 series = {L@S '18},
 year = {2018},
 isbn = {978-1-4503-5886-6},
 location = {London, United Kingdom},
 pages = {5:1--5:10},
 articleno = {5},
 numpages = {10},
 url = {http://doi.acm.org/10.1145/3231644.3231647},
 doi = {10.1145/3231644.3231647},
 acmid = {3231647},
 publisher = {ACM},
 address = {New York, NY, USA},
 keywords = {deep learning, educational data mining, knowledge tracing, personalized learning, regularization, sequence modeling},
}

@inproceedings{Schroecker:2016:DPS:2937029.2937078,
 author = {Schroecker, Yannick and Ben Amor, Heni and Thomaz, Andrea},
 title = {Directing Policy Search with Interactively Taught Via-Points},
 booktitle = {Proceedings of the 2016 International Conference on Autonomous Agents \&\#38; Multiagent Systems},
 series = {AAMAS '16},
 year = {2016},
 isbn = {978-1-4503-4239-1},
 location = {Singapore, Singapore},
 pages = {1052--1059},
 numpages = {8},
 url = {http://dl.acm.org/citation.cfm?id=2937029.2937078},
 acmid = {2937078},
 publisher = {International Foundation for Autonomous Agents and Multiagent Systems},
 address = {Richland, SC},
 keywords = {dynamic movement primitives, keyframe demonstrations, learning from demonstration, reinforcement learning, reinforcement learning for motor skills},
}

@inproceedings{Schroecker:2016:DPS:2936924.2937078,
 author = {Schroecker, Yannick and Ben Amor, Heni and Thomaz, Andrea},
 title = {Directing Policy Search with Interactively Taught Via-Points},
 booktitle = {Proceedings of the 2016 International Conference on Autonomous Agents \&\#38; Multiagent Systems},
 series = {AAMAS '16},
 year = {2016},
 isbn = {978-1-4503-4239-1},
 location = {Singapore, Singapore},
 pages = {1052--1059},
 numpages = {8},
 url = {http://dl.acm.org/citation.cfm?id=2936924.2937078},
 acmid = {2937078},
 publisher = {International Foundation for Autonomous Agents and Multiagent Systems},
 address = {Richland, SC},
 keywords = {dynamic movement primitives, keyframe demonstrations, learning from demonstration, reinforcement learning, reinforcement learning for motor skills},
}

@article{Nelson:2019:JHA:3312531.3306153,
 author = {Nelson, Greg L. and Ko, Andrew J.},
 title = {John Henry AWARD: On Use of Theory in Computing Education Research},
 journal = {ACM Inroads},
 issue_date = {March 2019},
 volume = {10},
 number = {1},
 month = feb,
 year = {2019},
 issn = {2153-2184},
 pages = {74--83},
 numpages = {10},
 url = {http://doi.acm.org/10.1145/3306153},
 doi = {10.1145/3306153},
 acmid = {3306153},
 publisher = {ACM},
 address = {New York, NY, USA},
}

@inproceedings{Dziallas:2018:ITY:3230977.3230989,
 author = {Dziallas, Sebastian and Fincher, Sally},
 title = {"I Told You This Last Time, Right?": Re-visiting Narratives of STEM Education},
 booktitle = {Proceedings of the 2018 ACM Conference on International Computing Education Research},
 series = {ICER '18},
 year = {2018},
 isbn = {978-1-4503-5628-2},
 location = {Espoo, Finland},
 pages = {223--231},
 numpages = {9},
 url = {http://doi.acm.org/10.1145/3230977.3230989},
 doi = {10.1145/3230977.3230989},
 acmid = {3230989},
 publisher = {ACM},
 address = {New York, NY, USA},
 keywords = {longitudinal work, narrative methods, qualitative research},
}

@inproceedings{Thayer:2017:BFC:3105726.3106176,
 author = {Thayer, Kyle and Ko, Andrew J.},
 title = {Barriers Faced by Coding Bootcamp Students},
 booktitle = {Proceedings of the 2017 ACM Conference on International Computing Education Research},
 series = {ICER '17},
 year = {2017},
 isbn = {978-1-4503-4968-0},
 location = {Tacoma, Washington, USA},
 pages = {245--253},
 numpages = {9},
 url = {http://doi.acm.org/10.1145/3105726.3106176},
 doi = {10.1145/3105726.3106176},
 acmid = {3106176},
 publisher = {ACM},
 address = {New York, NY, USA},
 keywords = {career change, coding bootcamps, communities of practice, computer science education},
}

@article{Coates:2009:ALH:1538788.1538812,
 author = {Coates, Adam and Abbeel, Pieter and Ng, Andrew Y.},
 title = {Apprenticeship Learning for Helicopter Control},
 journal = {Commun. ACM},
 issue_date = {July 2009},
 volume = {52},
 number = {7},
 month = jul,
 year = {2009},
 issn = {0001-0782},
 pages = {97--105},
 numpages = {9},
 url = {http://doi.acm.org/10.1145/1538788.1538812},
 doi = {10.1145/1538788.1538812},
 acmid = {1538812},
 publisher = {ACM},
 address = {New York, NY, USA},
}

@inproceedings{Krange:2002:DCK:1658616.1658628,
 author = {Krange, Ingeborg and Fjuk, Annita and Larsen, Anniken and Ludvigsen, Sten},
 title = {Describing Construction of Knowledge Through Identification of Collaboration Patterns in 3D Learning Environments},
 booktitle = {Proceedings of the Conference on Computer Support for Collaborative Learning: Foundations for a CSCL Community},
 series = {CSCL '02},
 year = {2002},
 location = {Boulder, Colorado},
 pages = {82--91},
 numpages = {10},
 url = {http://dl.acm.org/citation.cfm?id=1658616.1658628},
 acmid = {1658628},
 publisher = {International Society of the Learning Sciences},
 keywords = {3D environments, collaboration patterns, dialog analyses, joint construction of knowledge},
}

@inproceedings{Abrahamson:2008:AAV:1599812.1599815,
 author = {Abrahamson, Dor and White, Tobin},
 title = {Artifacts and Aberrations: On the Volatility of Design Research and the Serendipity of Insight},
 booktitle = {Proceedings of the 8th International Conference on International Conference for the Learning Sciences - Volume 1},
 series = {ICLS'08},
 year = {2008},
 location = {Utrecht, The Netherlands},
 pages = {27--34},
 numpages = {8},
 url = {http://dl.acm.org/citation.cfm?id=1599812.1599815},
 acmid = {1599815},
 publisher = {International Society of the Learning Sciences},
}

@inproceedings{Newstetter:2008:LLI:1599936.1600030,
 author = {Newstetter, Wendy and Johri, Aditya and Wulf, Volker},
 title = {Laboratory Learning: Industry and University Research As Site for Situated and Distributed Cognition},
 booktitle = {Proceedings of the 8th International Conference on International Conference for the Learning Sciences - Volume 3},
 series = {ICLS'08},
 year = {2008},
 location = {Utrecht, The Netherlands},
 pages = {290--297},
 numpages = {8},
 url = {http://dl.acm.org/citation.cfm?id=1599936.1600030},
 acmid = {1600030},
 publisher = {International Society of the Learning Sciences},
}

@inproceedings{Fratamico:2017:VAT:3051457.3051468,
 author = {Fratamico, Lauren and Perez, Sarah and Roll, Ido},
 title = {A Visual Approach Towards Knowledge Engineering and Understanding How Students Learn in Complex Environments},
 booktitle = {Proceedings of the Fourth (2017) ACM Conference on Learning @ Scale},
 series = {L@S '17},
 year = {2017},
 isbn = {978-1-4503-4450-0},
 location = {Cambridge, Massachusetts, USA},
 pages = {13--22},
 numpages = {10},
 url = {http://doi.acm.org/10.1145/3051457.3051468},
 doi = {10.1145/3051457.3051468},
 acmid = {3051468},
 publisher = {ACM},
 address = {New York, NY, USA},
 keywords = {educational data mining, exploratory data analysis, exploratory learning environments, interactive virtual labs, learning analytics, learning strategies, temporal data, visual analytics},
}

@inproceedings{Johri:2018:FPS:3233391.3233541,
 author = {Johri, Aditya},
 title = {How FLOSS Participation Supports Lifelong Learning and Working: Apprenticeship Across Time and Spatialities},
 booktitle = {Proceedings of the 14th International Symposium on Open Collaboration},
 series = {OpenSym '18},
 year = {2018},
 isbn = {978-1-4503-5936-8},
 location = {Paris, France},
 pages = {17:1--17:8},
 articleno = {17},
 numpages = {8},
 url = {http://doi.acm.org/10.1145/3233391.3233541},
 doi = {10.1145/3233391.3233541},
 acmid = {3233541},
 publisher = {ACM},
 address = {New York, NY, USA},
 keywords = {FLOSS, learning across scales, situated cognition},
}

@inproceedings{Tykal:2016:IAK:2906831.2906867,
 author = {Tykal, Martin and Montebelli, Alberto and Kyrki, Ville},
 title = {Incrementally Assisted Kinesthetic Teaching for Programming by Demonstration},
 booktitle = {The Eleventh ACM/IEEE International Conference on Human Robot Interaction},
 series = {HRI '16},
 year = {2016},
 isbn = {978-1-4673-8370-7},
 location = {Christchurch, New Zealand},
 pages = {205--212},
 numpages = {8},
 url = {http://dl.acm.org/citation.cfm?id=2906831.2906867},
 acmid = {2906867},
 publisher = {IEEE Press},
 address = {Piscataway, NJ, USA},
 keywords = {dynamic time warping, incremental learning, kinesthetic teaching, virtual tool dynamics},
}

@inproceedings{vanRooij:2016:DBV:2851581.2892452,
 author = {van Rooij, Marieke and Lobel, Adam and Harris, Owen and Smit, Niki and Granic, Isabela},
 title = {DEEP: A Biofeedback Virtual Reality Game for Children At-risk for Anxiety},
 booktitle = {Proceedings of the 2016 CHI Conference Extended Abstracts on Human Factors in Computing Systems},
 series = {CHI EA '16},
 year = {2016},
 isbn = {978-1-4503-4082-3},
 location = {San Jose, California, USA},
 pages = {1989--1997},
 numpages = {9},
 url = {http://doi.acm.org/10.1145/2851581.2892452},
 doi = {10.1145/2851581.2892452},
 acmid = {2892452},
 publisher = {ACM},
 address = {New York, NY, USA},
 keywords = {biofeedback, childhood anxiety, games for mental health, interventions, virtual reality},
}

@inproceedings{Millner:2011:MBE:1999030.1999074,
 author = {Millner, Amon and Baafi, Edward},
 title = {Modkit: Blending and Extending Approachable Platforms for Creating Computer Programs and Interactive Objects},
 booktitle = {Proceedings of the 10th International Conference on Interaction Design and Children},
 series = {IDC '11},
 year = {2011},
 isbn = {978-1-4503-0751-2},
 location = {Ann Arbor, Michigan},
 pages = {250--253},
 numpages = {4},
 url = {http://doi.acm.org/10.1145/1999030.1999074},
 doi = {10.1145/1999030.1999074},
 acmid = {1999074},
 publisher = {ACM},
 address = {New York, NY, USA},
 keywords = {Arduino, Scratch, computational crafts, construction kit, graphical programming, informal learning, modkit},
}

@inproceedings{Muller:2012:LPT:2145204.2145245,
 author = {Muller, Michael},
 title = {Lurking As Personal Trait or Situational Disposition: Lurking and Contributing in Enterprise Social Media},
 booktitle = {Proceedings of the ACM 2012 Conference on Computer Supported Cooperative Work},
 series = {CSCW '12},
 year = {2012},
 isbn = {978-1-4503-1086-4},
 location = {Seattle, Washington, USA},
 pages = {253--256},
 numpages = {4},
 url = {http://doi.acm.org/10.1145/2145204.2145245},
 doi = {10.1145/2145204.2145245},
 acmid = {2145245},
 publisher = {ACM},
 address = {New York, NY, USA},
 keywords = {community-of-practice, enterprise, lurking},
}

@inproceedings{Sirikayon:2018:PMF:3239283.3239302,
 author = {Sirikayon, Chaloemphon and Thusaranon, Panita and Sukpongthai, Warattha},
 title = {A Preprocessing Matrix Factorization on Collaborative Filtering Based Library Book Recommendation System},
 booktitle = {Proceedings of the 2018 International Conference on Data Science and Information Technology},
 series = {DSIT '18},
 year = {2018},
 isbn = {978-1-4503-6521-5},
 location = {Singapore, Singapore},
 pages = {33--37},
 numpages = {5},
 url = {http://doi.acm.org/10.1145/3239283.3239302},
 doi = {10.1145/3239283.3239302},
 acmid = {3239302},
 publisher = {ACM},
 address = {New York, NY, USA},
 keywords = {collaborative filtering, educational data mining, matrix factorization, recommender system},
}

@inproceedings{Awasthi:2019:CLN:3297001.3297062,
 author = {Awasthi, Abhijeet and Sarawagi, Sunita},
 title = {Continual Learning with Neural Networks: A Review},
 booktitle = {Proceedings of the ACM India Joint International Conference on Data Science and Management of Data},
 series = {CoDS-COMAD '19},
 year = {2019},
 isbn = {978-1-4503-6207-8},
 location = {Kolkata, India},
 pages = {362--365},
 numpages = {4},
 url = {http://doi.acm.org/10.1145/3297001.3297062},
 doi = {10.1145/3297001.3297062},
 acmid = {3297062},
 publisher = {ACM},
 address = {New York, NY, USA},
 keywords = {Catastrophic Forgetting, Continual Learning, Dynamic Neural Networks, Lifelong Learning, Never Ending Learning, Online Multitask Learning},
}

@inproceedings{Reilly:2019:DST:3303772.3303832,
 author = {Reilly, Joseph M. and Dede, Chris},
 title = {Differences in Student Trajectories via Filtered Time Series Analysis in an Immersive Virtual World},
 booktitle = {Proceedings of the 9th International Conference on Learning Analytics \& Knowledge},
 series = {LAK19},
 year = {2019},
 isbn = {978-1-4503-6256-6},
 location = {Tempe, AZ, USA},
 pages = {130--134},
 numpages = {5},
 url = {http://doi.acm.org/10.1145/3303772.3303832},
 doi = {10.1145/3303772.3303832},
 acmid = {3303832},
 publisher = {ACM},
 address = {New York, NY, USA},
 keywords = {immersive virtual world, learning analytics, log file analysis, scientific inquiry, time-series analysis},
}

@article{O'Dwyer:1998:ESE:290320.282997,
 author = {O'Dwyer, Tom},
 title = {Educational Software\&Mdash;a European Perspective},
 journal = {SIGCSE Bull.},
 issue_date = {Sept. 1998},
 volume = {30},
 number = {3},
 month = aug,
 year = {1998},
 issn = {0097-8418},
 pages = {10--13},
 numpages = {4},
 url = {http://doi.acm.org/10.1145/290320.282997},
 doi = {10.1145/290320.282997},
 acmid = {282997},
 publisher = {ACM},
 address = {New York, NY, USA},
}

@inproceedings{O'Dwyer:1998:ESE:282991.282997,
 author = {O'Dwyer, Tom},
 title = {Educational Software\&Mdash;a European Perspective},
 booktitle = {Proceedings of the 6th Annual Conference on the Teaching of Computing and the 3rd Annual Conference on Integrating Technology into Computer Science Education: Changing the Delivery of Computer Science Education},
 series = {ITiCSE '98},
 year = {1998},
 isbn = {1-58113-000-7},
 location = {Dublin City Univ., Ireland},
 pages = {10--13},
 numpages = {4},
 url = {http://doi.acm.org/10.1145/282991.282997},
 doi = {10.1145/282991.282997},
 acmid = {282997},
 publisher = {ACM},
 address = {New York, NY, USA},
}

@inproceedings{Baker:2015:LWW:2788412.2788417,
 author = {Baker, Michael J.},
 title = {Learning in Work, Work in Learning: Relations Between Constructive Ergonomics and the Learning Sciences},
 booktitle = {Proceedings of the European Conference on Cognitive Ergonomics 2015},
 series = {ECCE '15},
 year = {2007},
 isbn = {978-1-4503-3612-3},
 location = {Warsaw, Poland},
 pages = {5:1--5:5},
 articleno = {5},
 numpages = {5},
 url = {http://doi.acm.org/10.1145/2788412.2788417},
 doi = {10.1145/2788412.2788417},
 acmid = {2788417},
 publisher = {ACM},
 address = {New York, NY, USA},
 keywords = {Constructive Ergonomics, Design-Based Research, Learning Sciences, developmental theory, situated learning},
}

@inproceedings{Hayes:2008:NPL:1599936.1600025,
 author = {Hayes, Elisabeth R. and Gee, James Paul and Games, Ivan and Torres, Robert J. and Peppler, Kylie and Kafai, Yasmin B. and Pinkard, Nichole and Klopfer, Eric and Scheintaub, Hal and Rogers, Maryanna and Forssell, Karin S. and Martin, Caitlin Kennedy and Barron, Brigid and Eugene, Wanda and Daily, Shaundra B. and Acholonu, Ugochi and Takeuchi, Lori and Walter, Sarah and Briggs, Kristen},
 title = {New Perspectives on Learning Through (Game) Design},
 booktitle = {Proceedings of the 8th International Conference on International Conference for the Learning Sciences - Volume 3},
 series = {ICLS'08},
 year = {2008},
 location = {Utrecht, The Netherlands},
 pages = {253--257},
 numpages = {5},
 url = {http://dl.acm.org/citation.cfm?id=1599936.1600025},
 acmid = {1600025},
 publisher = {International Society of the Learning Sciences},
}

@inproceedings{Wu:2009:LVM:1631272.1631342,
 author = {Wu, Xiao and Ngo, Chong-Wah and Li, Jintao and Zhang, Yongdong},
 title = {Localizing Volumetric Motion for Action Recognition in Realistic Videos},
 booktitle = {Proceedings of the 17th ACM International Conference on Multimedia},
 series = {MM '09},
 year = {2009},
 isbn = {978-1-60558-608-3},
 location = {Beijing, China},
 pages = {505--508},
 numpages = {4},
 url = {http://doi.acm.org/10.1145/1631272.1631342},
 doi = {10.1145/1631272.1631342},
 acmid = {1631342},
 publisher = {ACM},
 address = {New York, NY, USA},
 keywords = {human action recognition, keypoint trajectory, mean-shift clustering, motion subspace learning, realistic videos},
}

@inproceedings{Fan:2016:EDS:2839462.2854104,
 author = {Fan, Min and Antle, Alissa N. and Cramer, Emily S.},
 title = {Exploring the Design Space of Tangible Systems Supported for Early Reading Acquisition in Children with Dyslexia},
 booktitle = {Proceedings of the TEI '16: Tenth International Conference on Tangible, Embedded, and Embodied Interaction},
 series = {TEI '16},
 year = {2016},
 isbn = {978-1-4503-3582-9},
 location = {Eindhoven, Netherlands},
 pages = {689--692},
 numpages = {4},
 url = {http://doi.acm.org/10.1145/2839462.2854104},
 doi = {10.1145/2839462.2854104},
 acmid = {2854104},
 publisher = {ACM},
 address = {New York, NY, USA},
 keywords = {Children with Dyslexia, Reading, Tangible User Interface},
}

@inproceedings{Kalmpourtzis:2014:FJG:2611780.2581506,
 author = {Kalmpourtzis, George},
 title = {Find the Jackalop: A Game Enhancing Young Children's Spatial Thinking},
 booktitle = {Proceedings of the Extended Abstracts of the 32Nd Annual ACM Conference on Human Factors in Computing Systems},
 series = {CHI EA '14},
 year = {2014},
 isbn = {978-1-4503-2474-8},
 location = {Toronto, Ontario, Canada},
 pages = {1165--1170},
 numpages = {6},
 url = {http://doi.acm.org/10.1145/2559206.2581506},
 doi = {10.1145/2559206.2581506},
 acmid = {2581506},
 publisher = {ACM},
 address = {New York, NY, USA},
 keywords = {collaborative technology, early childhood mathematics, game-based learning, interactive tabletops, mobile learning, spatial thinking},
}

@inproceedings{Kalmpourtzis:2014:FJG:2559206.2581506,
 author = {Kalmpourtzis, George},
 title = {Find the Jackalop: A Game Enhancing Young Children's Spatial Thinking},
 booktitle = {CHI '14 Extended Abstracts on Human Factors in Computing Systems},
 series = {CHI EA '14},
 year = {2014},
 isbn = {978-1-4503-2474-8},
 location = {Toronto, Ontario, Canada},
 pages = {1165--1170},
 numpages = {6},
 url = {http://doi.acm.org/10.1145/2559206.2581506},
 doi = {10.1145/2559206.2581506},
 acmid = {2581506},
 publisher = {ACM},
 address = {New York, NY, USA},
 keywords = {collaborative technology, early childhood mathematics, game-based learning, interactive tabletops, mobile learning, spatial thinking},
}

@inproceedings{Rogier:2011:DEP:2074712.2074759,
 author = {Rogier, Els and van der Veer, Gerrit},
 title = {Designing Education for People's Understanding and Experience},
 booktitle = {Proceedings of the 29th Annual European Conference on Cognitive Ergonomics},
 series = {ECCE '11},
 year = {2011},
 isbn = {978-1-4503-1029-1},
 location = {Rostock, Germany},
 pages = {229--232},
 numpages = {4},
 url = {http://doi.acm.org/10.1145/2074712.2074759},
 doi = {10.1145/2074712.2074759},
 acmid = {2074759},
 publisher = {ACM},
 address = {New York, NY, USA},
 keywords = {e-learning, multimodality, user-centered design},
}

@inproceedings{Bagdy:2018:TSM:3217804.3217920,
 author = {Bagdy, Lauren M. and Dennen, Vanessa P. and Rutledge, Stacey A. and Rowlett, Jerrica T. and Burnick, Shannon},
 title = {Teens and Social Media: A Case Study of High School Students' Informal Learning Practices and Trajectories},
 booktitle = {Proceedings of the 9th International Conference on Social Media and Society},
 series = {SMSociety '18},
 year = {2018},
 isbn = {978-1-4503-6334-1},
 location = {Copenhagen, Denmark},
 pages = {241--245},
 numpages = {5},
 url = {http://doi.acm.org/10.1145/3217804.3217920},
 doi = {10.1145/3217804.3217920},
 acmid = {3217920},
 publisher = {ACM},
 address = {New York, NY, USA},
 keywords = {Community of Practice, Informal Learning, Schools, Social Media, Social Networks, Teenagers},
}

@inproceedings{Saquib:2018:CSE:3170427.3188559,
 author = {Saquib, Nazmus and Roy, Deb},
 title = {Children-Centered Sensing in Early Childhood Classrooms},
 booktitle = {Extended Abstracts of the 2018 CHI Conference on Human Factors in Computing Systems},
 series = {CHI EA '18},
 year = {2018},
 isbn = {978-1-4503-5621-3},
 location = {Montreal QC, Canada},
 pages = {LBW055:1--LBW055:6},
 articleno = {LBW055},
 numpages = {6},
 url = {http://doi.acm.org/10.1145/3170427.3188559},
 doi = {10.1145/3170427.3188559},
 acmid = {3188559},
 publisher = {ACM},
 address = {New York, NY, USA},
 keywords = {early childhood, education, interactive environments, sensor networks},
}

@inproceedings{Lmati:2017:TAG:3090354.3090356,
 author = {Lmati, Imane and Benlahmar, Habib and Achtaich, Naceur},
 title = {Towards an Automatic Generator of Mathematical Exercises Based on Semantic},
 booktitle = {Proceedings of the 2Nd International Conference on Big Data, Cloud and Applications},
 series = {BDCA'17},
 year = {2017},
 isbn = {978-1-4503-4852-2},
 location = {Tetouan, Morocco},
 pages = {2:1--2:6},
 articleno = {2},
 numpages = {6},
 url = {http://doi.acm.org/10.1145/3090354.3090356},
 doi = {10.1145/3090354.3090356},
 acmid = {3090356},
 publisher = {ACM},
 address = {New York, NY, USA},
 keywords = {Self-evaluation, ontology, semi-automatic generation of exercise},
}

@inproceedings{Clarke-Midura:2010:MIN:1854509.1854546,
 author = {Clarke-Midura, Jody and Mayrath, Michael and Dede, Chris},
 title = {Measuring Inquiry: New Methods, Promises \& Challenges},
 booktitle = {Proceedings of the 9th International Conference of the Learning Sciences - Volume 2},
 series = {ICLS '10},
 year = {2010},
 location = {Chicago, Illinois},
 pages = {89--92},
 numpages = {4},
 url = {http://dl.acm.org/citation.cfm?id=1854509.1854546},
 acmid = {1854546},
 publisher = {International Society of the Learning Sciences},
}

@inproceedings{Yeo:2006:LJP:1150034.1150159,
 author = {Yeo, Jennifer and Tan, Seng Chee and Lee, Yew-Jin},
 title = {A Learning Journey in Problem-based Learning},
 booktitle = {Proceedings of the 7th International Conference on Learning Sciences},
 series = {ICLS '06},
 year = {2006},
 isbn = {0-8058-6174-2},
 location = {Bloomington, Indiana},
 pages = {859--865},
 numpages = {7},
 url = {http://dl.acm.org/citation.cfm?id=1150034.1150159},
 acmid = {1150159},
 publisher = {International Society of the Learning Sciences},
}

@article{Becker:2006:MCT:1189136.1189176,
 author = {Becker, K.},
 title = {How Much Choice is Too Much?},
 journal = {SIGCSE Bull.},
 issue_date = {December 2006},
 volume = {38},
 number = {4},
 month = jun,
 year = {2006},
 issn = {0097-8418},
 pages = {78--82},
 numpages = {5},
 url = {http://doi.acm.org/10.1145/1189136.1189176},
 doi = {10.1145/1189136.1189176},
 acmid = {1189176},
 publisher = {ACM},
 address = {New York, NY, USA},
 keywords = {assessment, constructivist teaching, elementary curriculum, learner-centered},
}

@inproceedings{Becker:2006:MCT:1189215.1189176,
 author = {Becker, K.},
 title = {How Much Choice is Too Much?},
 booktitle = {Working Group Reports on ITiCSE on Innovation and Technology in Computer Science Education},
 series = {ITiCSE-WGR '06},
 year = {2006},
 isbn = {1-59593-603-3},
 location = {Bologna, Italy},
 pages = {78--82},
 numpages = {5},
 url = {http://doi.acm.org/10.1145/1189215.1189176},
 doi = {10.1145/1189215.1189176},
 acmid = {1189176},
 publisher = {ACM},
 address = {New York, NY, USA},
 keywords = {assessment, constructivist teaching, elementary curriculum, learner-centered},
}

@inproceedings{Barendregt:2012:DEF:2307096.2307126,
 author = {Barendregt, Wolmet and Lindstr\"{o}m, Berner and Rietz-Lepp\"{a}nen, Elisabeth and Holgersson, Ingemar and Ottosson, Torgny},
 title = {Development and Evaluation of Fingu: A Mathematics iPad Game Using Multi-touch Interaction},
 booktitle = {Proceedings of the 11th International Conference on Interaction Design and Children},
 series = {IDC '12},
 year = {2012},
 isbn = {978-1-4503-1007-9},
 location = {Bremen, Germany},
 pages = {204--207},
 numpages = {4},
 url = {http://doi.acm.org/10.1145/2307096.2307126},
 doi = {10.1145/2307096.2307126},
 acmid = {2307126},
 publisher = {ACM},
 address = {New York, NY, USA},
 keywords = {Fingu, arithmetic, embodiment, finger gnosis, number sense},
}

@inproceedings{Ismail:2015:NTS:2833165.2833173,
 author = {Ismail, Anas and Vigneron, Antoine},
 title = {A New Trajectory Similarity Measure for GPS Data},
 booktitle = {Proceedings of the 6th ACM SIGSPATIAL International Workshop on GeoStreaming},
 series = {IWGS '15},
 year = {2015},
 isbn = {978-1-4503-3971-1},
 location = {Bellevue, WA, USA},
 pages = {19--22},
 numpages = {4},
 url = {http://doi.acm.org/10.1145/2833165.2833173},
 doi = {10.1145/2833165.2833173},
 acmid = {2833173},
 publisher = {ACM},
 address = {New York, NY, USA},
 keywords = {DTW, GPS trajectories, Trajectory similarity measure},
}

@inproceedings{Duran:2018:TAP:3230977.3230986,
 author = {Duran, Rodrigo and Sorva, Juha and Leite, Sofia},
 title = {Towards an Analysis of Program Complexity From a Cognitive Perspective},
 booktitle = {Proceedings of the 2018 ACM Conference on International Computing Education Research},
 series = {ICER '18},
 year = {2018},
 isbn = {978-1-4503-5628-2},
 location = {Espoo, Finland},
 pages = {21--30},
 numpages = {10},
 url = {http://doi.acm.org/10.1145/3230977.3230986},
 doi = {10.1145/3230977.3230986},
 acmid = {3230986},
 publisher = {ACM},
 address = {New York, NY, USA},
 keywords = {cognitive load theory, complexity, model of hierarchical complexity, plan-composition strategies, program cognitive complexity},
}

@inproceedings{Pala:2012:IMI:2392866.2392868,
 author = {Pala, Kiran and Joshi, Sachin and Pothukuchi, Ramnaresh and Ganagashetty, Suryakanth V.},
 title = {Integration of Multimodal Interaction As Assistance in Virtual Environments},
 booktitle = {Proceedings of the 1st Workshop on Speech and Multimodal Interaction in Assistive Environments},
 series = {SMIAE '12},
 year = {2012},
 location = {Jeju, Republic of Korea},
 pages = {8--12},
 numpages = {5},
 url = {http://dl.acm.org/citation.cfm?id=2392866.2392868},
 acmid = {2392868},
 publisher = {Association for Computational Linguistics},
 address = {Stroudsburg, PA, USA},
}

@inproceedings{Benitez:2018:TTM:3284516.3284538,
 author = {Benitez, Victor H. and Pacheco, Jesus},
 title = {Trajectory Tracking Methodology Using sEMG Signals for Tracking Finger Motions},
 booktitle = {Proceedings of the 6th International Conference on Control, Mechatronics and Automation},
 series = {ICCMA 2018},
 year = {2018},
 isbn = {978-1-4503-6563-5},
 location = {Tokyo, Japan},
 pages = {40--45},
 numpages = {6},
 url = {http://doi.acm.org/10.1145/3284516.3284538},
 doi = {10.1145/3284516.3284538},
 acmid = {3284538},
 publisher = {ACM},
 address = {New York, NY, USA},
 keywords = {Bio-mechatronics, Biomedical Systems, Motion Control, Prosthesis, Robotics},
}

@inproceedings{Strawhacker:2013:TGH:2485760.2485825,
 author = {Strawhacker, Amanda and Sullivan, Amanda and Bers, Marina Umaschi},
 title = {TUI, GUI, HUI: Is a Bimodal Interface Truly Worth the Sum of Its Parts?},
 booktitle = {Proceedings of the 12th International Conference on Interaction Design and Children},
 series = {IDC '13},
 year = {2013},
 isbn = {978-1-4503-1918-8},
 location = {New York, New York, USA},
 pages = {309--312},
 numpages = {4},
 url = {http://doi.acm.org/10.1145/2485760.2485825},
 doi = {10.1145/2485760.2485825},
 acmid = {2485825},
 publisher = {ACM},
 address = {New York, NY, USA},
 keywords = {early childhood, kindergarten, programming interfaces, robotics, tangible programming},
}

@inproceedings{Tatsuno:2017:TAS:3041164.3041197,
 author = {Tatsuno, Sho and Hayakawa, Tomohiko and Ishikawa, Masatoshi},
 title = {Trajectory Adjustment System for Learning Based on Electrical Stimulation},
 booktitle = {Proceedings of the 8th Augmented Human International Conference},
 series = {AH '17},
 year = {2017},
 isbn = {978-1-4503-4835-5},
 location = {Silicon Valley, California, USA},
 pages = {28:1--28:4},
 articleno = {28},
 numpages = {4},
 url = {http://doi.acm.org/10.1145/3041164.3041197},
 doi = {10.1145/3041164.3041197},
 acmid = {3041197},
 publisher = {ACM},
 address = {New York, NY, USA},
}

@inproceedings{Blikstein:2013:MMF:2485760.2485884,
 author = {Blikstein, Paulo and Krannich, Dennis},
 title = {The Makers' Movement and FabLabs in Education: Experiences, Technologies, and Research},
 booktitle = {Proceedings of the 12th International Conference on Interaction Design and Children},
 series = {IDC '13},
 year = {2013},
 isbn = {978-1-4503-1918-8},
 location = {New York, New York, USA},
 pages = {613--616},
 numpages = {4},
 url = {http://doi.acm.org/10.1145/2485760.2485884},
 doi = {10.1145/2485760.2485884},
 acmid = {2485884},
 publisher = {ACM},
 address = {New York, NY, USA},
 keywords = {FabLabs, constructionism, digital fabrication, education, making},
}

@inproceedings{Hsi:2012:MSU:2307096.2307137,
 author = {Hsi, Sherry and Eisenberg, Michael},
 title = {Math on a Sphere: Using Public Displays to Support Children's Creativity and Computational Thinking on 3D Surfaces},
 booktitle = {Proceedings of the 11th International Conference on Interaction Design and Children},
 series = {IDC '12},
 year = {2012},
 isbn = {978-1-4503-1007-9},
 location = {Bremen, Germany},
 pages = {248--251},
 numpages = {4},
 url = {http://doi.acm.org/10.1145/2307096.2307137},
 doi = {10.1145/2307096.2307137},
 acmid = {2307137},
 publisher = {ACM},
 address = {New York, NY, USA},
 keywords = {computational thinking, logo, math on a sphere, public displays, spherical geometry},
}

@inproceedings{Durrant:2013:DSI:2485760.2485778,
 author = {Durrant, Abigail and Hook, Jonathan and McNaney, Roisin and Williams, Keir and Smith, Thomas and Kipling, Mathew and Stockman, Tony and Olivier, Patrick},
 title = {Design to Support Interpersonal Communication in the Special Educational Needs Classroom},
 booktitle = {Proceedings of the 12th International Conference on Interaction Design and Children},
 series = {IDC '13},
 year = {2013},
 isbn = {978-1-4503-1918-8},
 location = {New York, New York, USA},
 pages = {46--55},
 numpages = {10},
 url = {http://doi.acm.org/10.1145/2485760.2485778},
 doi = {10.1145/2485760.2485778},
 acmid = {2485778},
 publisher = {ACM},
 address = {New York, NY, USA},
 keywords = {digital photography, experience-centred design, interaction design for children, special education needs},
}

@inproceedings{Newstetter:2004:CPB:1149126.1149171,
 author = {Newstetter, Wendy C. and Kurz-Milcke, Elke and Nersessian, Nancy J.},
 title = {Cognitive Partnerships on the Bench Tops},
 booktitle = {Proceedings of the 6th International Conference on Learning Sciences},
 series = {ICLS '04},
 year = {2004},
 location = {Santa Monica, California},
 pages = {372--379},
 numpages = {8},
 url = {http://dl.acm.org/citation.cfm?id=1149126.1149171},
 acmid = {1149171},
 publisher = {International Society of the Learning Sciences},
}

@inproceedings{Joshi:2017:RCM:3132446.3134878,
 author = {Joshi, Ravi P. and Koganti, Nishanth and Shibata, Tomohiro},
 title = {Robotic Cloth Manipulation for Clothing Assistance Task Using Dynamic Movement Primitives},
 booktitle = {Proceedings of the Advances in Robotics},
 series = {AIR '17},
 year = {2017},
 isbn = {978-1-4503-5294-9},
 location = {New Delhi, India},
 pages = {14:1--14:6},
 articleno = {14},
 numpages = {6},
 url = {http://doi.acm.org/10.1145/3132446.3134878},
 doi = {10.1145/3132446.3134878},
 acmid = {3134878},
 publisher = {ACM},
 address = {New York, NY, USA},
 keywords = {Dynamic Movement Primitives (DMP), Human-Robot Interaction, Learning and Adaptive Systems, Learning from Demonstration, Robotic Clothing Assistance},
}

@inproceedings{Abrahamson:2011:TED:1999030.1999031,
 author = {Abrahamson, Dor and Trninic, Dragan},
 title = {Toward an Embodied-interaction Design Framework for Mathematical Concepts},
 booktitle = {Proceedings of the 10th International Conference on Interaction Design and Children},
 series = {IDC '11},
 year = {2011},
 isbn = {978-1-4503-0751-2},
 location = {Ann Arbor, Michigan},
 pages = {1--10},
 numpages = {10},
 url = {http://doi.acm.org/10.1145/1999030.1999031},
 doi = {10.1145/1999030.1999031},
 acmid = {1999031},
 publisher = {ACM},
 address = {New York, NY, USA},
 keywords = {design-based research, educational technology, embodied cognition, mathematics education},
}

@inproceedings{Mugar:2014:PHS:2531602.2531721,
 author = {Mugar, Gabriel and \Osterlund, Carsten and Hassman, Katie DeVries and Crowston, Kevin and Jackson, Corey Brian},
 title = {Planet Hunters and Seafloor Explorers: Legitimate Peripheral Participation Through Practice Proxies in Online Citizen Science},
 booktitle = {Proceedings of the 17th ACM Conference on Computer Supported Cooperative Work \&\#38; Social Computing},
 series = {CSCW '14},
 year = {2014},
 isbn = {978-1-4503-2540-0},
 location = {Baltimore, Maryland, USA},
 pages = {109--119},
 numpages = {11},
 url = {http://doi.acm.org/10.1145/2531602.2531721},
 doi = {10.1145/2531602.2531721},
 acmid = {2531721},
 publisher = {ACM},
 address = {New York, NY, USA},
 keywords = {citizen science, legitimate peripheral participation, situated learning, social translucence, socialization},
}

@article{Pargas:2009:UIE:1539024.1508927,
 author = {Pargas, Roy P. and Bryfczynski, Samuel},
 title = {Using Ink to Expose Students' Thought Processes in CS2/CS7},
 journal = {SIGCSE Bull.},
 issue_date = {March 2009},
 volume = {41},
 number = {1},
 month = mar,
 year = {2009},
 issn = {0097-8418},
 pages = {168--172},
 numpages = {5},
 url = {http://doi.acm.org/10.1145/1539024.1508927},
 doi = {10.1145/1539024.1508927},
 acmid = {1508927},
 publisher = {ACM},
 address = {New York, NY, USA},
 keywords = {cognitive science, collaborative learning, tablet pc},
}

@inproceedings{Pargas:2009:UIE:1508865.1508927,
 author = {Pargas, Roy P. and Bryfczynski, Samuel},
 title = {Using Ink to Expose Students' Thought Processes in CS2/CS7},
 booktitle = {Proceedings of the 40th ACM Technical Symposium on Computer Science Education},
 series = {SIGCSE '09},
 year = {2009},
 isbn = {978-1-60558-183-5},
 location = {Chattanooga, TN, USA},
 pages = {168--172},
 numpages = {5},
 url = {http://doi.acm.org/10.1145/1508865.1508927},
 doi = {10.1145/1508865.1508927},
 acmid = {1508927},
 publisher = {ACM},
 address = {New York, NY, USA},
 keywords = {cognitive science, collaborative learning, tablet pc},
}

@inproceedings{Chu:2017:BME:3078072.3079745,
 author = {Chu, Sharon Lynn and Deuermeyer, Elizabeth and Martin, Rachel and Quek, Francis and Berman, Alexander and Suarez, Mario and Zarei, Niloofar and Nam, Beth and Banigan, Colin},
 title = {Becoming Makers: Examining "Making" Literacy in the Elementary School Science Classroom},
 booktitle = {Proceedings of the 2017 Conference on Interaction Design and Children},
 series = {IDC '17},
 year = {2017},
 isbn = {978-1-4503-4921-5},
 location = {Stanford, California, USA},
 pages = {316--321},
 numpages = {6},
 url = {http://doi.acm.org/10.1145/3078072.3079745},
 doi = {10.1145/3078072.3079745},
 acmid = {3079745},
 publisher = {ACM},
 address = {New York, NY, USA},
 keywords = {children, electronics, elementary school, literacy, maker, making, science},
}

@inproceedings{Aivaloglou:2019:EPE:3287324.3287358,
 author = {Aivaloglou, Efthimia and Hermans, Felienne},
 title = {Early Programming Education and Career Orientation: The Effects of Gender, Self-Efficacy, Motivation and Stereotypes},
 booktitle = {Proceedings of the 50th ACM Technical Symposium on Computer Science Education},
 series = {SIGCSE '19},
 year = {2019},
 isbn = {978-1-4503-5890-3},
 location = {Minneapolis, MN, USA},
 pages = {679--685},
 numpages = {7},
 url = {http://doi.acm.org/10.1145/3287324.3287358},
 doi = {10.1145/3287324.3287358},
 acmid = {3287358},
 publisher = {ACM},
 address = {New York, NY, USA},
 keywords = {cs career orientation, k12, programming education, scratch, self-efficacy},
}

@inproceedings{Cortina:2004:SSR:1149126.1149142,
 author = {Cortina, Jose Luis and Zhao, Qing and Cobb, Paul and McClain, Kay},
 title = {Supporting Students' Reasoning with Inscriptions},
 booktitle = {Proceedings of the 6th International Conference on Learning Sciences},
 series = {ICLS '04},
 year = {2004},
 location = {Santa Monica, California},
 pages = {142--149},
 numpages = {8},
 url = {http://dl.acm.org/citation.cfm?id=1149126.1149142},
 acmid = {1149142},
 publisher = {International Society of the Learning Sciences},
}

@inproceedings{Suzuki:1997:IFP:1599773.1599808,
 author = {Suzuki, Hideyuki and Kato, Hiroshi},
 title = {Identity Formation/Transformation As the Process of Collaborative Learning Through AlgoArena},
 booktitle = {Proceedings of the 2Nd International Conference on Computer Support for Collaborative Learning},
 series = {CSCL '97},
 year = {1997},
 location = {Toronto, Ontario, Canada},
 pages = {283--291},
 numpages = {9},
 url = {http://dl.acm.org/citation.cfm?id=1599773.1599808},
 acmid = {1599808},
 publisher = {International Society of the Learning Sciences},
 keywords = {identity, interaction analysis, situated learning, software education},
}

@inproceedings{Hug:2011:LLC:1953163.1953225,
 author = {Hug, Sarah and Thiry, Heather and Tedford, Phyllis},
 title = {Learning to Love Computer Science: Peer Leaders Gain Teaching Skill, Communicative Ability and Content Knowledge in the CS Classroom},
 booktitle = {Proceedings of the 42Nd ACM Technical Symposium on Computer Science Education},
 series = {SIGCSE '11},
 year = {2011},
 isbn = {978-1-4503-0500-6},
 location = {Dallas, TX, USA},
 pages = {201--206},
 numpages = {6},
 url = {http://doi.acm.org/10.1145/1953163.1953225},
 doi = {10.1145/1953163.1953225},
 acmid = {1953225},
 publisher = {ACM},
 address = {New York, NY, USA},
 keywords = {active learning},
}

@article{Repenning:2008:BPT:1352322.1352242,
 author = {Repenning, Alexander and Ioannidou, Andri},
 title = {Broadening Participation Through Scalable Game Design},
 journal = {SIGCSE Bull.},
 issue_date = {March 2008},
 volume = {40},
 number = {1},
 month = mar,
 year = {2008},
 issn = {0097-8418},
 pages = {305--309},
 numpages = {5},
 url = {http://doi.acm.org/10.1145/1352322.1352242},
 doi = {10.1145/1352322.1352242},
 acmid = {1352242},
 publisher = {ACM},
 address = {New York, NY, USA},
 keywords = {flow, game design, rapid prototyping},
}

@inproceedings{Repenning:2008:BPT:1352135.1352242,
 author = {Repenning, Alexander and Ioannidou, Andri},
 title = {Broadening Participation Through Scalable Game Design},
 booktitle = {Proceedings of the 39th SIGCSE Technical Symposium on Computer Science Education},
 series = {SIGCSE '08},
 year = {2008},
 isbn = {978-1-59593-799-5},
 location = {Portland, OR, USA},
 pages = {305--309},
 numpages = {5},
 url = {http://doi.acm.org/10.1145/1352135.1352242},
 doi = {10.1145/1352135.1352242},
 acmid = {1352242},
 publisher = {ACM},
 address = {New York, NY, USA},
 keywords = {flow, game design, rapid prototyping},
}

@inproceedings{Lalle:2015:PUL:2678025.2701376,
 author = {Lall{\'e}, S{\'e}bastien and Toker, Dereck and Conati, Cristina and Carenini, Giuseppe},
 title = {Prediction of Users' Learning Curves for Adaptation While Using an Information Visualization},
 booktitle = {Proceedings of the 20th International Conference on Intelligent User Interfaces},
 series = {IUI '15},
 year = {2015},
 isbn = {978-1-4503-3306-1},
 location = {Atlanta, Georgia, USA},
 pages = {357--368},
 numpages = {12},
 url = {http://doi.acm.org/10.1145/2678025.2701376},
 doi = {10.1145/2678025.2701376},
 acmid = {2701376},
 publisher = {ACM},
 address = {New York, NY, USA},
 keywords = {eye tracking, information visualization, learning curve, machine learning, user-adaptation},
}

@inproceedings{Hansen:2018:TID:3292147.3292159,
 author = {Hansen, Nicolai Brodersen and Halskov, Kim},
 title = {Teaching Interaction Design by Research Through Design},
 booktitle = {Proceedings of the 30th Australian Conference on Computer-Human Interaction},
 series = {OzCHI '18},
 year = {2018},
 isbn = {978-1-4503-6188-0},
 location = {Melbourne, Australia},
 pages = {421--431},
 numpages = {11},
 url = {http://doi.acm.org/10.1145/3292147.3292159},
 doi = {10.1145/3292147.3292159},
 acmid = {3292159},
 publisher = {ACM},
 address = {New York, NY, USA},
 keywords = {interaction design, research through design, sch\"{o}n, teaching},
}

@inproceedings{Peddycord-Liu:2017:USG:3116595.3116620,
 author = {Peddycord-Liu, Zhongxiu and Cody, Christa and Kessler, Sarah and Barnes, Tiffany and Lynch, Collin F. and Rutherford, Teomara},
 title = {Using Serious Game Analytics to Inform Digital Curricular Sequencing: What Math Objective Should Students Play Next?},
 booktitle = {Proceedings of the Annual Symposium on Computer-Human Interaction in Play},
 series = {CHI PLAY '17},
 year = {2017},
 isbn = {978-1-4503-4898-0},
 location = {Amsterdam, The Netherlands},
 pages = {195--204},
 numpages = {10},
 url = {http://doi.acm.org/10.1145/3116595.3116620},
 doi = {10.1145/3116595.3116620},
 acmid = {3116620},
 publisher = {ACM},
 address = {New York, NY, USA},
 keywords = {digital curricular, serious game analytics, serious games},
}

@inproceedings{Howison:2011:MIT:1978942.1979230,
 author = {Howison, Mark and Trninic, Dragan and Reinholz, Daniel and Abrahamson, Dor},
 title = {The Mathematical Imagery Trainer: From Embodied Interaction to Conceptual Learning},
 booktitle = {Proceedings of the SIGCHI Conference on Human Factors in Computing Systems},
 series = {CHI '11},
 year = {2011},
 isbn = {978-1-4503-0228-9},
 location = {Vancouver, BC, Canada},
 pages = {1989--1998},
 numpages = {10},
 url = {http://doi.acm.org/10.1145/1978942.1979230},
 doi = {10.1145/1978942.1979230},
 acmid = {1979230},
 publisher = {ACM},
 address = {New York, NY, USA},
 keywords = {Wii remote, design-based research, educational technology, embodied cognition, mathematics education},
}

@inproceedings{Flannery:2013:DSS:2485760.2485785,
 author = {Flannery, Louise P. and Silverman, Brian and Kazakoff, Elizabeth R. and Bers, Marina Umaschi and Bont\'{a}, Paula and Resnick, Mitchel},
 title = {Designing ScratchJr: Support for Early Childhood Learning Through Computer Programming},
 booktitle = {Proceedings of the 12th International Conference on Interaction Design and Children},
 series = {IDC '13},
 year = {2013},
 isbn = {978-1-4503-1918-8},
 location = {New York, New York, USA},
 pages = {1--10},
 numpages = {10},
 url = {http://doi.acm.org/10.1145/2485760.2485785},
 doi = {10.1145/2485760.2485785},
 acmid = {2485785},
 publisher = {ACM},
 address = {New York, NY, USA},
 keywords = {STEM, early childhood, education, graphical programming},
}

@inproceedings{Upadhyay:2017:UDC:3018661.3018685,
 author = {Upadhyay, Utkarsh and Valera, Isabel and Gomez-Rodriguez, Manuel},
 title = {Uncovering the Dynamics of Crowdlearning and the Value of Knowledge},
 booktitle = {Proceedings of the Tenth ACM International Conference on Web Search and Data Mining},
 series = {WSDM '17},
 year = {2017},
 isbn = {978-1-4503-4675-7},
 location = {Cambridge, United Kingdom},
 pages = {61--70},
 numpages = {10},
 url = {http://doi.acm.org/10.1145/3018661.3018685},
 doi = {10.1145/3018661.3018685},
 acmid = {3018685},
 publisher = {ACM},
 address = {New York, NY, USA},
 keywords = {education, markets and crowds, social and information networks, user modelling},
}

@inproceedings{Kalles:2001:VGD:372202.372204,
 author = {Kalles, Dimitrios and Kanellopoulos, Panagiotis},
 title = {On Verifying Game Designs and Playing Strategies Using Reinforcement Learning},
 booktitle = {Proceedings of the 2001 ACM Symposium on Applied Computing},
 series = {SAC '01},
 year = {2001},
 isbn = {1-58113-287-5},
 location = {Las Vegas, Nevada, USA},
 pages = {6--11},
 numpages = {6},
 url = {http://doi.acm.org/10.1145/372202.372204},
 doi = {10.1145/372202.372204},
 acmid = {372204},
 publisher = {ACM},
 address = {New York, NY, USA},
 keywords = {design verification, games, machine learning, playability, reinforcement learning},
}

@inproceedings{Prinsloo:2013:EPF:2460296.2460344,
 author = {Prinsloo, Paul and Slade, Sharon},
 title = {An Evaluation of Policy Frameworks for Addressing Ethical Considerations in Learning Analytics},
 booktitle = {Proceedings of the Third International Conference on Learning Analytics and Knowledge},
 series = {LAK '13},
 year = {2013},
 isbn = {978-1-4503-1785-6},
 location = {Leuven, Belgium},
 pages = {240--244},
 numpages = {5},
 url = {http://doi.acm.org/10.1145/2460296.2460344},
 doi = {10.1145/2460296.2460344},
 acmid = {2460344},
 publisher = {ACM},
 address = {New York, NY, USA},
 keywords = {distance learning, ethics, learning analytics, policy},
}

@inproceedings{Azevedo:2017:UDV:3027385.3027440,
 author = {Azevedo, Roger and Millar, Garrett C. and Taub, Michelle and Mudrick, Nicholas V. and Bradbury, Amanda E. and Price, Megan J.},
 title = {Using Data Visualizations to Foster Emotion Regulation During Self-regulated Learning with Advanced Learning Technologies: A Conceptual Framework},
 booktitle = {Proceedings of the Seventh International Learning Analytics \&\#38; Knowledge Conference},
 series = {LAK '17},
 year = {2017},
 isbn = {978-1-4503-4870-6},
 location = {Vancouver, British Columbia, Canada},
 pages = {444--448},
 numpages = {5},
 url = {http://doi.acm.org/10.1145/3027385.3027440},
 doi = {10.1145/3027385.3027440},
 acmid = {3027440},
 publisher = {ACM},
 address = {New York, NY, USA},
 keywords = {advanced learning technologies, emotion regulation, emotions},
}

@inproceedings{Amo:2013:MEA:2536536.2536570,
 author = {Amo, Daniel},
 title = {MOOCs: Experimental Approaches for Quality in Pedagogical and Design Fundamentals},
 booktitle = {Proceedings of the First International Conference on Technological Ecosystem for Enhancing Multiculturality},
 series = {TEEM '13},
 year = {2013},
 isbn = {978-1-4503-2345-1},
 location = {Salamanca, Spain},
 pages = {219--223},
 numpages = {5},
 url = {http://doi.acm.org/10.1145/2536536.2536570},
 doi = {10.1145/2536536.2536570},
 acmid = {2536570},
 publisher = {ACM},
 address = {New York, NY, USA},
 keywords = {MOOC, learning design, online learning, open educational resources, pedagogy},
}

@inproceedings{Wise:2019:TCN:3303772.3303840,
 author = {Wise, Alyssa Friend and Cui, Yi},
 title = {Top Concept Networks of Professional Education Reflections},
 booktitle = {Proceedings of the 9th International Conference on Learning Analytics \& Knowledge},
 series = {LAK19},
 year = {2019},
 isbn = {978-1-4503-6256-6},
 location = {Tempe, AZ, USA},
 pages = {260--264},
 numpages = {5},
 url = {http://doi.acm.org/10.1145/3303772.3303840},
 doi = {10.1145/3303772.3303840},
 acmid = {3303840},
 publisher = {ACM},
 address = {New York, NY, USA},
 keywords = {Reflection, concept network, professional education},
}

@inproceedings{Zykov:2016:OEE:3022211.3022220,
 author = {Zykov, Sergey V.},
 title = {The Online Evolution: From Early Repositories to State-of-the-Art MOOCs},
 booktitle = {Proceedings of the 12th Central and Eastern European Software Engineering Conference in Russia},
 series = {CEE-SECR '16},
 year = {2016},
 isbn = {978-1-4503-4884-3},
 location = {Moscow, Russia},
 pages = {9:1--9:6},
 articleno = {9},
 numpages = {6},
 url = {http://doi.acm.org/10.1145/3022211.3022220},
 doi = {10.1145/3022211.3022220},
 acmid = {3022220},
 publisher = {ACM},
 address = {New York, NY, USA},
 keywords = {Massive open online course, online education, software development},
}

@inproceedings{Rughinis:2013:TON:2468356.2468729,
 author = {Rughinis, Razvan},
 title = {Talkative Objects in Need of Interpretation. Re-thinking Digital Badges in Education},
 booktitle = {CHI '13 Extended Abstracts on Human Factors in Computing Systems},
 series = {CHI EA '13},
 year = {2013},
 isbn = {978-1-4503-1952-2},
 location = {Paris, France},
 pages = {2099--2108},
 numpages = {10},
 url = {http://doi.acm.org/10.1145/2468356.2468729},
 doi = {10.1145/2468356.2468729},
 acmid = {2468729},
 publisher = {ACM},
 address = {New York, NY, USA},
 keywords = {digital badges, education, interpretation, motivation},
}

@inproceedings{Sipitakiat:2008:GHH:1599871.1599913,
 author = {Sipitakiat, Arnan and Cavallo, David P.},
 title = {Giving the Head a Hand: Constructing a Microworld to Build Relationships with Ideas in Balance Control},
 booktitle = {Proceedings of the 8th International Conference on International Conference for the Learning Sciences - Volume 2},
 series = {ICLS'08},
 year = {2008},
 location = {Utrecht, The Netherlands},
 pages = {335--342},
 numpages = {8},
 url = {http://dl.acm.org/citation.cfm?id=1599871.1599913},
 acmid = {1599913},
 publisher = {International Society of the Learning Sciences},
 keywords = {balance control, body motion, logo, robotics},
}

@inproceedings{Eckerdal:2011:RTA:1999747.1999760,
 author = {Eckerdal, Anna and Laakso, Mikko-Jussi and Lopez, Mike and Sarkar, Amitrajit},
 title = {Relationship Between Text and Action Conceptions of Programming: A Phenomenographic and Quantitative Perspective},
 booktitle = {Proceedings of the 16th Annual Joint Conference on Innovation and Technology in Computer Science Education},
 series = {ITiCSE '11},
 year = {2011},
 isbn = {978-1-4503-0697-3},
 location = {Darmstadt, Germany},
 pages = {33--37},
 numpages = {5},
 url = {http://doi.acm.org/10.1145/1999747.1999760},
 doi = {10.1145/1999747.1999760},
 acmid = {1999760},
 publisher = {ACM},
 address = {New York, NY, USA},
 keywords = {critical aspects, hierarchy, novice programming, phenomenographic outcome space, text and action},
}

@inproceedings{Tsankova:2017:SET:3167020.3167059,
 author = {Tsankova, Roumiana and Marinov, Orlin and Durcheva, Mariana and Varbanova, Elena},
 title = {Synergy Effect of the TeSLA Project in Management of Engineering Higher Education},
 booktitle = {Proceedings of the 9th International Conference on Management of Digital EcoSystems},
 series = {MEDES '17},
 year = {2017},
 isbn = {978-1-4503-4895-9},
 location = {Bangkok, Thailand},
 pages = {259--264},
 numpages = {6},
 url = {http://doi.acm.org/10.1145/3167020.3167059},
 doi = {10.1145/3167020.3167059},
 acmid = {3167059},
 publisher = {ACM},
 address = {New York, NY, USA},
 keywords = {e-assessment feature, students authentication tools},
}

@inproceedings{Wiegand:2016:DAI:2839509.2844629,
 author = {Wiegand, R. Paul and Bucci, Anthony and Kumar, Amruth N. and Albert, Jennifer L. and Gaspar, Alessio},
 title = {A Data-Driven Analysis of Informatively Hard Concepts in Introductory Programming},
 booktitle = {Proceedings of the 47th ACM Technical Symposium on Computing Science Education},
 series = {SIGCSE '16},
 year = {2016},
 isbn = {978-1-4503-3685-7},
 location = {Memphis, Tennessee, USA},
 pages = {370--375},
 numpages = {6},
 url = {http://doi.acm.org/10.1145/2839509.2844629},
 doi = {10.1145/2839509.2844629},
 acmid = {2844629},
 publisher = {ACM},
 address = {New York, NY, USA},
 keywords = {dimension extraction, introductory programming education, multiobjective optimization, performance analysis, problets},
}

@inproceedings{Weintrop:2013:KYE:2485760.2485789,
 author = {Weintrop, David and Wilensky, Uri},
 title = {Know Your Enemy: Learning from In-game Opponents},
 booktitle = {Proceedings of the 12th International Conference on Interaction Design and Children},
 series = {IDC '13},
 year = {2013},
 isbn = {978-1-4503-1918-8},
 location = {New York, New York, USA},
 pages = {408--411},
 numpages = {4},
 url = {http://doi.acm.org/10.1145/2485760.2485789},
 doi = {10.1145/2485760.2485789},
 acmid = {2485789},
 publisher = {ACM},
 address = {New York, NY, USA},
 keywords = {computer science education, design, game-based learning, visual programming},
}

@inproceedings{Bieke:2012:NAT:2330601.2330620,
 author = {Bieke, Schreurs and Maarten, De Laat},
 title = {Network Awareness Tool - Learning Analytics in the Workplace: Detecting and Analyzing Informal Workplace Learning},
 booktitle = {Proceedings of the 2Nd International Conference on Learning Analytics and Knowledge},
 series = {LAK '12},
 year = {2012},
 isbn = {978-1-4503-1111-3},
 location = {Vancouver, British Columbia, Canada},
 pages = {59--64},
 numpages = {6},
 url = {http://doi.acm.org/10.1145/2330601.2330620},
 doi = {10.1145/2330601.2330620},
 acmid = {2330620},
 publisher = {ACM},
 address = {New York, NY, USA},
 keywords = {informal learning networks, learning analytics, networked learning visualizations, social network analysis, workplace learning},
}

@inproceedings{Vatrapu:2011:TVA:2090116.2090129,
 author = {Vatrapu, Ravi and Teplovs, Chris and Fujita, Nobuko and Bull, Susan},
 title = {Towards Visual Analytics for Teachers' Dynamic Diagnostic Pedagogical Decision-making},
 booktitle = {Proceedings of the 1st International Conference on Learning Analytics and Knowledge},
 series = {LAK '11},
 year = {2011},
 isbn = {978-1-4503-0944-8},
 location = {Banff, Alberta, Canada},
 pages = {93--98},
 numpages = {6},
 url = {http://doi.acm.org/10.1145/2090116.2090129},
 doi = {10.1145/2090116.2090129},
 acmid = {2090129},
 publisher = {ACM},
 address = {New York, NY, USA},
 keywords = {computer supported collaborative learning (CSCL), learning analytics, learning sciences, multivocality, teaching analytics, visual analytics},
}

@inproceedings{Liang:2002:MHG:775047.775106,
 author = {Liang, Yulan and Kelemen, Arpad},
 title = {Mining Heterogeneous Gene Expression Data with Time Lagged Recurrent Neural Networks},
 booktitle = {Proceedings of the Eighth ACM SIGKDD International Conference on Knowledge Discovery and Data Mining},
 series = {KDD '02},
 year = {2002},
 isbn = {1-58113-567-X},
 location = {Edmonton, Alberta, Canada},
 pages = {415--421},
 numpages = {7},
 url = {http://doi.acm.org/10.1145/775047.775106},
 doi = {10.1145/775047.775106},
 acmid = {775106},
 publisher = {ACM},
 address = {New York, NY, USA},
 keywords = {backpropagation through time, gene expression, heterogeneous, time lagged neural network, trajectory learning},
}

@inproceedings{Weidler-Lewis:2019:WDM:3311890.3311916,
 author = {Weidler-Lewis, Joanna and Graville, Cynthia},
 title = {Whose Design Matters?: Co-designing Making Activities with and for Hyper-marginalized Families},
 booktitle = {Proceedings of FabLearn 2019},
 series = {FL2019},
 year = {2019},
 isbn = {978-1-4503-6244-3},
 location = {New York, NY, USA},
 pages = {160--163},
 numpages = {4},
 url = {http://doi.acm.org/10.1145/3311890.3311916},
 doi = {10.1145/3311890.3311916},
 acmid = {3311916},
 publisher = {ACM},
 address = {New York, NY, USA},
 keywords = {Critical Making, Incarcerated Women and Families, Informal Education, Research-Practice Partnerships, Tinkering},
}

@inproceedings{Blikstein:2013:MLA:2460296.2460316,
 author = {Blikstein, Paulo},
 title = {Multimodal Learning Analytics},
 booktitle = {Proceedings of the Third International Conference on Learning Analytics and Knowledge},
 series = {LAK '13},
 year = {2013},
 isbn = {978-1-4503-1785-6},
 location = {Leuven, Belgium},
 pages = {102--106},
 numpages = {5},
 url = {http://doi.acm.org/10.1145/2460296.2460316},
 doi = {10.1145/2460296.2460316},
 acmid = {2460316},
 publisher = {ACM},
 address = {New York, NY, USA},
 keywords = {assessment, constructionism, constructivism, learning analytics, multimodal interaction},
}

@inproceedings{Zhang:2017:DAS:3063955.3063956,
 author = {Zhang, Ming and Zhu, Jile},
 title = {A Data-driven Analysis of Student Efforts and Improvements on a SPOC Experiment},
 booktitle = {Proceedings of the ACM Turing 50th Celebration Conference - China},
 series = {ACM TUR-C '17},
 year = {2017},
 isbn = {978-1-4503-4873-7},
 location = {Shanghai, China},
 pages = {1:1--1:6},
 articleno = {1},
 numpages = {6},
 url = {http://doi.acm.org/10.1145/3063955.3063956},
 doi = {10.1145/3063955.3063956},
 acmid = {3063956},
 publisher = {ACM},
 address = {New York, NY, USA},
 keywords = {SPOC, computer education, data analysis, flipped classroom},
}

@inproceedings{Lin:2012:VMM:2425836.2425873,
 author = {Lin, Hanhe and Deng, Jeremiah D. and Woodford, Brendon J.},
 title = {Video Manifold Modelling: Finding the Right Parameter Settings for Anomaly Detection},
 booktitle = {Proceedings of the 27th Conference on Image and Vision Computing New Zealand},
 series = {IVCNZ '12},
 year = {2012},
 isbn = {978-1-4503-1473-2},
 location = {Dunedin, New Zealand},
 pages = {168--173},
 numpages = {6},
 url = {http://doi.acm.org/10.1145/2425836.2425873},
 doi = {10.1145/2425836.2425873},
 acmid = {2425873},
 publisher = {ACM},
 address = {New York, NY, USA},
 keywords = {anomaly detection, manifold learning, trajectory embedding},
}

@inproceedings{Kowald:2017:TFT:3099023.3099069,
 author = {Kowald, Dominik and Kopeinik, Simone and Lex, Elisabeth},
 title = {The TagRec Framework As a Toolkit for the Development of Tag-Based Recommender Systems},
 booktitle = {Adjunct Publication of the 25th Conference on User Modeling, Adaptation and Personalization},
 series = {UMAP '17},
 year = {2017},
 isbn = {978-1-4503-5067-9},
 location = {Bratislava, Slovakia},
 pages = {23--28},
 numpages = {6},
 url = {http://doi.acm.org/10.1145/3099023.3099069},
 doi = {10.1145/3099023.3099069},
 acmid = {3099069},
 publisher = {ACM},
 address = {New York, NY, USA},
 keywords = {hashtag recommendation, recommendation evaluation, recommender framework, recommender systems, tag recommendation},
}

@inproceedings{Franklin:2017:UUS:3017680.3017760,
 author = {Franklin, Diana and Skifstad, Gabriela and Rolock, Reiny and Mehrotra, Isha and Ding, Valerie and Hansen, Alexandria and Weintrop, David and Harlow, Danielle},
 title = {Using Upper-Elementary Student Performance to Understand Conceptual Sequencing in a Blocks-based Curriculum},
 booktitle = {Proceedings of the 2017 ACM SIGCSE Technical Symposium on Computer Science Education},
 series = {SIGCSE '17},
 year = {2017},
 isbn = {978-1-4503-4698-6},
 location = {Seattle, Washington, USA},
 pages = {231--236},
 numpages = {6},
 url = {http://doi.acm.org/10.1145/3017680.3017760},
 doi = {10.1145/3017680.3017760},
 acmid = {3017760},
 publisher = {ACM},
 address = {New York, NY, USA},
 keywords = {computer science education, elementary school, graphical programming, middle school, novice programming languages},
}

@inproceedings{Pargas:2009:TT:1562877.1562921,
 author = {Pargas, Roy P. and Bryfczynski, Samuel},
 title = {What Were They Thinking?},
 booktitle = {Proceedings of the 14th Annual ACM SIGCSE Conference on Innovation and Technology in Computer Science Education},
 series = {ITiCSE '09},
 year = {2009},
 isbn = {978-1-60558-381-5},
 location = {Paris, France},
 pages = {134--138},
 numpages = {5},
 url = {http://doi.acm.org/10.1145/1562877.1562921},
 doi = {10.1145/1562877.1562921},
 acmid = {1562921},
 publisher = {ACM},
 address = {New York, NY, USA},
 keywords = {cognitive science, collaborative learning, tablet pc},
}

@article{Pargas:2009:TT:1595496.1562921,
 author = {Pargas, Roy P. and Bryfczynski, Samuel},
 title = {What Were They Thinking?},
 journal = {SIGCSE Bull.},
 issue_date = {September 2009},
 volume = {41},
 number = {3},
 month = jul,
 year = {2009},
 issn = {0097-8418},
 pages = {134--138},
 numpages = {5},
 url = {http://doi.acm.org/10.1145/1595496.1562921},
 doi = {10.1145/1595496.1562921},
 acmid = {1562921},
 publisher = {ACM},
 address = {New York, NY, USA},
 keywords = {cognitive science, collaborative learning, tablet pc},
}

@inproceedings{Webster:1989:AAL:981623.981645,
 author = {Webster, Mort and Marcus, Mitch},
 title = {Automatic Acquisition of the Lexical Semantics of Verbs from Sentence Frames},
 booktitle = {Proceedings of the 27th Annual Meeting on Association for Computational Linguistics},
 series = {ACL '89},
 year = {1989},
 location = {Vancouver, British Columbia, Canada},
 pages = {177--184},
 numpages = {8},
 url = {https://doi.org/10.3115/981623.981645},
 doi = {10.3115/981623.981645},
 acmid = {981645},
 publisher = {Association for Computational Linguistics},
 address = {Stroudsburg, PA, USA},
}

@inproceedings{Bahuguna:2013:TLR:2506095.2506142,
 author = {Bahuguna, Jyoti and Chittawadigi, Rajeevlochana G. and Saha, Subir K.},
 title = {Teaching and Learning of Robot Kinematics Using RoboAnalyzer Software},
 booktitle = {Proceedings of Conference on Advances In Robotics},
 series = {AIR '13},
 year = {2013},
 isbn = {978-1-4503-2347-5},
 location = {Pune, India},
 pages = {52:1--52:6},
 articleno = {52},
 numpages = {6},
 url = {http://doi.acm.org/10.1145/2506095.2506142},
 doi = {10.1145/2506095.2506142},
 acmid = {2506142},
 publisher = {ACM},
 address = {New York, NY, USA},
 keywords = {3D Robot Models, DH Parameters, Inverse Kinematics, Robotics Learning Software},
}

@inproceedings{Sailer:2015:EML:2786567.2801607,
 author = {Sailer, Christian and Kiefer, Peter and Schito, Joram and Raubal, Martin},
 title = {An Evaluation Method for Location-based Mobile Learning Based on Spatio-temporal Analysis of Learner Trajectories},
 booktitle = {Proceedings of the 17th International Conference on Human-Computer Interaction with Mobile Devices and Services Adjunct},
 series = {MobileHCI '15},
 year = {2015},
 isbn = {978-1-4503-3653-6},
 location = {Copenhagen, Denmark},
 pages = {1212--1218},
 numpages = {7},
 url = {http://doi.acm.org/10.1145/2786567.2801607},
 doi = {10.1145/2786567.2801607},
 acmid = {2801607},
 publisher = {ACM},
 address = {New York, NY, USA},
 keywords = {Location-based mobile learning, learning evaluation, trajectory analysis},
}

@inproceedings{Heiner:2018:RES:3159450.3159567,
 author = {Heiner, Cecily},
 title = {A Robotics Experience for All the Students in an Elementary School},
 booktitle = {Proceedings of the 49th ACM Technical Symposium on Computer Science Education},
 series = {SIGCSE '18},
 year = {2018},
 isbn = {978-1-4503-5103-4},
 location = {Baltimore, Maryland, USA},
 pages = {729--734},
 numpages = {6},
 url = {http://doi.acm.org/10.1145/3159450.3159567},
 doi = {10.1145/3159450.3159567},
 acmid = {3159567},
 publisher = {ACM},
 address = {New York, NY, USA},
 keywords = {elementary, k5, robotics},
}

@inproceedings{Sarma:2016:TFW:2950290.2983984,
 author = {Sarma, Anita and Gerosa, Marco Aur{\'e}lio and Steinmacher, Igor and Leano, Rafael},
 title = {Training the Future Workforce Through Task Curation in an OSS Ecosystem},
 booktitle = {Proceedings of the 2016 24th ACM SIGSOFT International Symposium on Foundations of Software Engineering},
 series = {FSE 2016},
 year = {2016},
 isbn = {978-1-4503-4218-6},
 location = {Seattle, WA, USA},
 pages = {932--935},
 numpages = {4},
 url = {http://doi.acm.org/10.1145/2950290.2983984},
 doi = {10.1145/2950290.2983984},
 acmid = {2983984},
 publisher = {ACM},
 address = {New York, NY, USA},
 keywords = {Newcomers, onboarding, open source projects, task labeling},
}

@inproceedings{Oldenburg:2011:RS:2094131.2094141,
 author = {Oldenburg, Reinhard},
 title = {Reification and Symbolization},
 booktitle = {Proceedings of the 11th Koli Calling International Conference on Computing Education Research},
 series = {Koli Calling '11},
 year = {2011},
 isbn = {978-1-4503-1052-9},
 location = {Koli, Finland},
 pages = {49--53},
 numpages = {5},
 url = {http://doi.acm.org/10.1145/2094131.2094141},
 doi = {10.1145/2094131.2094141},
 acmid = {2094141},
 publisher = {ACM},
 address = {New York, NY, USA},
 keywords = {computer science education, construction of mental objects, genetic teaching method, literals},
}

@inproceedings{Zhou:2010:GNC:1882362.1882452,
 author = {Zhou, Minghui and Mockus, Audris},
 title = {Growth of Newcomer Competence: Challenges of Globalization},
 booktitle = {Proceedings of the FSE/SDP Workshop on Future of Software Engineering Research},
 series = {FoSER '10},
 year = {2010},
 isbn = {978-1-4503-0427-6},
 location = {Santa Fe, New Mexico, USA},
 pages = {443--448},
 numpages = {6},
 url = {http://doi.acm.org/10.1145/1882362.1882452},
 doi = {10.1145/1882362.1882452},
 acmid = {1882452},
 publisher = {ACM},
 address = {New York, NY, USA},
 keywords = {communication, culture difference, learning trajectory, project competence, recommending system, universal repository},
}

@inproceedings{Koh:2014:EVC:2591708.2591724,
 author = {Koh, Kyu Han and Nickerson, Hilarie and Basawapatna, Ashok and Repenning, Alexander},
 title = {Early Validation of Computational Thinking Pattern Analysis},
 booktitle = {Proceedings of the 2014 Conference on Innovation \&\#38; Technology in Computer Science Education},
 series = {ITiCSE '14},
 year = {2014},
 isbn = {978-1-4503-2833-3},
 location = {Uppsala, Sweden},
 pages = {213--218},
 numpages = {6},
 url = {http://doi.acm.org/10.1145/2591708.2591724},
 doi = {10.1145/2591708.2591724},
 acmid = {2591724},
 publisher = {ACM},
 address = {New York, NY, USA},
 keywords = {computational thinking, computational thinking assessment, computational thinking pattern analysis, cyberlearning infrastructure, end user programming},
}

@inproceedings{Tempelaar:2013:FAL:2460296.2460337,
 author = {Tempelaar, Dirk T. and Heck, Andr{\'e} and Cuypers, Hans and van der Kooij, Henk and van de Vrie, Evert},
 title = {Formative Assessment and Learning Analytics},
 booktitle = {Proceedings of the Third International Conference on Learning Analytics and Knowledge},
 series = {LAK '13},
 year = {2013},
 isbn = {978-1-4503-1785-6},
 location = {Leuven, Belgium},
 pages = {205--209},
 numpages = {5},
 url = {http://doi.acm.org/10.1145/2460296.2460337},
 doi = {10.1145/2460296.2460337},
 acmid = {2460337},
 publisher = {ACM},
 address = {New York, NY, USA},
 keywords = {blended learning, formative assessment, learning analytics, learning dispositions, student profiles, test directed learning},
}

@article{Apiola:2012:CLE:2275597.2275600,
 author = {Apiola, Mikko and Lattu, Matti and Pasanen, Tomi A.},
 title = {Creativity-Supporting Learning Environment---CSLE},
 journal = {Trans. Comput. Educ.},
 issue_date = {July 2012},
 volume = {12},
 number = {3},
 month = jul,
 year = {2012},
 issn = {1946-6226},
 pages = {11:1--11:25},
 articleno = {11},
 numpages = {25},
 url = {http://doi.acm.org/10.1145/2275597.2275600},
 doi = {10.1145/2275597.2275600},
 acmid = {2275600},
 publisher = {ACM},
 address = {New York, NY, USA},
 keywords = {Robotics, creativity, motivation, open learning environment},
}

@inproceedings{Hall:2004:GJC:1149126.1149154,
 author = {Hall, Rogers and Lehrer, Rich and Lucas, Deb and Schauble, Leona},
 title = {Of Grids and Jars: A Comparative Analysis of Representational Infrastructure and Learning Opportunities in Middle School and Professional Science},
 booktitle = {Proceedings of the 6th International Conference on Learning Sciences},
 series = {ICLS '04},
 year = {2004},
 location = {Santa Monica, California},
 pages = {238--245},
 numpages = {8},
 url = {http://dl.acm.org/citation.cfm?id=1149126.1149154},
 acmid = {1149154},
 publisher = {International Society of the Learning Sciences},
}

@inproceedings{Liu:2011:ITL:2001576.2001652,
 author = {Liu, Shu and Iba, Hitoshi},
 title = {Imitation Tendencies of Local Search Schemes in Baldwinian Evolution},
 booktitle = {Proceedings of the 13th Annual Conference on Genetic and Evolutionary Computation},
 series = {GECCO '11},
 year = {2011},
 isbn = {978-1-4503-0557-0},
 location = {Dublin, Ireland},
 pages = {553--560},
 numpages = {8},
 url = {http://doi.acm.org/10.1145/2001576.2001652},
 doi = {10.1145/2001576.2001652},
 acmid = {2001652},
 publisher = {ACM},
 address = {New York, NY, USA},
 keywords = {Baldwinian evolution, imitation tendency, learning potential, local search, memetic algorithms},
}

@inproceedings{Singley:2000:AJS:358916.358985,
 author = {Singley, Mark K. and Singh, Moninder and Fairweather, Peter and Farrell, Robert and Swerling, Steven},
 title = {Algebra Jam: Supporting Teamwork and Managing Roles in a Collaborative Learning Environment},
 booktitle = {Proceedings of the 2000 ACM Conference on Computer Supported Cooperative Work},
 series = {CSCW '00},
 year = {2000},
 isbn = {1-58113-222-0},
 location = {Philadelphia, Pennsylvania, USA},
 pages = {145--154},
 numpages = {10},
 url = {http://doi.acm.org/10.1145/358916.358985},
 doi = {10.1145/358916.358985},
 acmid = {358985},
 publisher = {ACM},
 address = {New York, NY, USA},
 keywords = {collabicons, object-oriented chat, role reification, team blackboard, team modeling, team tutoring systems},
}

@inproceedings{Fernandez-Reyes:2018:IOG:3270112.3270118,
 author = {Fernandez-Reyes, Kiko and Clarke, Dave and Hornbach, Janina},
 title = {The Impact of Opt-in Gamification on Students' Grades in a Software Design Course},
 booktitle = {Proceedings of the 21st ACM/IEEE International Conference on Model Driven Engineering Languages and Systems: Companion Proceedings},
 series = {MODELS '18},
 year = {2018},
 isbn = {978-1-4503-5965-8},
 location = {Copenhagen, Denmark},
 pages = {90--97},
 numpages = {8},
 url = {http://doi.acm.org/10.1145/3270112.3270118},
 doi = {10.1145/3270112.3270118},
 acmid = {3270118},
 publisher = {ACM},
 address = {New York, NY, USA},
 keywords = {UML, education, gamification, software design},
}

@inproceedings{Panait:2006:SIA:1160633.1160767,
 author = {Panait, Liviu and Luke, Sean},
 title = {Selecting Informative Actions Improves Cooperative Multiagent Learning},
 booktitle = {Proceedings of the Fifth International Joint Conference on Autonomous Agents and Multiagent Systems},
 series = {AAMAS '06},
 year = {2006},
 isbn = {1-59593-303-4},
 location = {Hakodate, Japan},
 pages = {760--766},
 numpages = {7},
 url = {http://doi.acm.org/10.1145/1160633.1160767},
 doi = {10.1145/1160633.1160767},
 acmid = {1160767},
 publisher = {ACM},
 address = {New York, NY, USA},
 keywords = {cooperation, cooperative co-evolution, coordination, multiagent learning},
}

@inproceedings{Abrahamson:2007:CMM:1599600.1599607,
 author = {Abrahamson, Dor and Blikstein, Paulo and Wilensky, Uri},
 title = {Classroom Model, Model Classroom: Computer-supported Methodology for Investigating Collaborative-learning Pedagogy},
 booktitle = {Proceedings of the 8th Iternational Conference on Computer Supported Collaborative Learning},
 series = {CSCL'07},
 year = {2007},
 isbn = {978-0-6151-5436-7},
 location = {New Brunswick, New Jersey, USA},
 pages = {49--58},
 numpages = {10},
 url = {http://dl.acm.org/citation.cfm?id=1599600.1599607},
 acmid = {1599607},
 publisher = {International Society of the Learning Sciences},
}

@inproceedings{Johnson:2009:SRC:1642038.1642041,
 author = {Johnson, Mark},
 title = {How the Statistical Revolution Changes (Computational) Linguistics},
 booktitle = {Proceedings of the EACL 2009 Workshop on the Interaction Between Linguistics and Computational Linguistics: Virtuous, Vicious or Vacuous?},
 series = {ILCL '09},
 year = {2009},
 location = {Athens, Greece},
 pages = {3--11},
 numpages = {9},
 url = {http://dl.acm.org/citation.cfm?id=1642038.1642041},
 acmid = {1642041},
 publisher = {Association for Computational Linguistics},
 address = {Stroudsburg, PA, USA},
}

@inproceedings{Corredor:2016:DTA:3019943.3019958,
 author = {Corredor, Olga Luc\'{\i}a Le\'{o}n and Calder\'{o}n, Dora In{\'e}s and Garc\'{\i}a-Mart\'{\i}nez, \'{A}lvaro and Reis, Marcia},
 title = {Didactics and Teaching with Accessibility and Affectivity in Higher Education},
 booktitle = {Proceedings of the 7th International Conference on Software Development and Technologies for Enhancing Accessibility and Fighting Info-exclusion},
 series = {DSAI 2016},
 year = {2016},
 isbn = {978-1-4503-4748-8},
 location = {Vila Real, Portugal},
 pages = {99--104},
 numpages = {6},
 url = {http://doi.acm.org/10.1145/3019943.3019958},
 doi = {10.1145/3019943.3019958},
 acmid = {3019958},
 publisher = {ACM},
 address = {New York, NY, USA},
 keywords = {Inclusive education, accessibility, affectivity, learning, technology and didactic, university teachers},
}

@inproceedings{Chu:2017:CFS:3141798.3141802,
 author = {Chu, Sharon Lynn and Quek, Francis and Deuermeyer, Elizabeth and Martin, Rachel},
 title = {From Classroom-Making to Functional-Making: A Study in the Development of Making Literacy},
 booktitle = {Proceedings of the 7th Annual Conference on Creativity and Fabrication in Education},
 series = {FabLearn '17},
 year = {2017},
 isbn = {978-1-4503-6349-5},
 location = {Stanford, CA, USA},
 pages = {3:1--3:8},
 articleno = {3},
 numpages = {8},
 url = {http://doi.acm.org/10.1145/3141798.3141802},
 doi = {10.1145/3141798.3141802},
 acmid = {3141802},
 publisher = {ACM},
 address = {New York, NY, USA},
 keywords = {Children, Electronics, Elementary school, Literacy, Maker, Making, Science},
}

@inproceedings{Einarsson:2019:SLL:3335055.3335062,
 author = {Einarsson, \'{A}rni M\'{a}r and Hertzum, Morten},
 title = {Scaffolding of Learning in Library Makerspaces},
 booktitle = {Proceedings of the FabLearn Europe 2019 Conference},
 series = {FabLearn Europe '19},
 year = {2019},
 isbn = {978-1-4503-6266-5},
 location = {Oulu, Finland},
 pages = {7:1--7:8},
 articleno = {7},
 numpages = {8},
 url = {http://doi.acm.org/10.1145/3335055.3335062},
 doi = {10.1145/3335055.3335062},
 acmid = {3335062},
 publisher = {ACM},
 address = {New York, NY, USA},
 keywords = {Library, Makerspace, Participation, Scaffolding of learning},
}

@inproceedings{Shaw:2018:TPM:3278721.3278728,
 author = {Shaw, Nolan P. and St\"{o}ckel, Andreas and Orr, Ryan W. and Lidbetter, Thomas F. and Cohen, Robin},
 title = {Towards Provably Moral AI Agents in Bottom-up Learning Frameworks},
 booktitle = {Proceedings of the 2018 AAAI/ACM Conference on AI, Ethics, and Society},
 series = {AIES '18},
 year = {2018},
 isbn = {978-1-4503-6012-8},
 location = {New Orleans, LA, USA},
 pages = {271--277},
 numpages = {7},
 url = {http://doi.acm.org/10.1145/3278721.3278728},
 doi = {10.1145/3278721.3278728},
 acmid = {3278728},
 publisher = {ACM},
 address = {New York, NY, USA},
 keywords = {multi-agent systems, provably moral ai, statistical machine learning},
}

@inproceedings{Zhou:2019:VSR:3308558.3313615,
 author = {Zhou, Fan and Wen, Zijing and Zhang, Kunpeng and Trajcevski, Goce and Zhong, Ting},
 title = {Variational Session-based Recommendation Using Normalizing Flows},
 booktitle = {The World Wide Web Conference},
 series = {WWW '19},
 year = {2019},
 isbn = {978-1-4503-6674-8},
 location = {San Francisco, CA, USA},
 pages = {3476--3475},
 numpages = {0},
 url = {http://doi.acm.org/10.1145/3308558.3313615},
 doi = {10.1145/3308558.3313615},
 acmid = {3313615},
 publisher = {ACM},
 address = {New York, NY, USA},
 keywords = {Session-based recommendation, normalizing flows, variational autoencoders},
}

@inproceedings{Lewis:2010:RML:1854360.1854455,
 author = {Lewis, Katherine E.},
 title = {Reconceptualizing Mathematical Learning Disabilities: A Diagnostic Case Study},
 booktitle = {Proceedings of the 9th International Conference of the Learning Sciences - Volume 1},
 series = {ICLS '10},
 year = {2010},
 location = {Chicago, Illinois},
 pages = {742--749},
 numpages = {8},
 url = {http://dl.acm.org/citation.cfm?id=1854360.1854455},
 acmid = {1854455},
 publisher = {International Society of the Learning Sciences},
}

@inproceedings{Danneels:2015:MTD:2757401.2757404,
 author = {Danneels, Lieselot and Viaene, Stijn},
 title = {How to Move Towards Digital Era Governance: The Case of VDAB},
 booktitle = {Proceedings of the 16th Annual International Conference on Digital Government Research},
 series = {dg.o '15},
 year = {2015},
 isbn = {978-1-4503-3600-0},
 location = {Phoenix, Arizona},
 pages = {29--36},
 numpages = {8},
 url = {http://doi.acm.org/10.1145/2757401.2757404},
 doi = {10.1145/2757401.2757404},
 acmid = {2757404},
 publisher = {ACM},
 address = {New York, NY, USA},
 keywords = {action design research, boundary breaking rules, digital era governance, simple rules},
}

@inproceedings{Grover:2014:RMC:2538862.2538934,
 author = {Grover, Shuchi and Pea, Roy and Cooper, Stephen},
 title = {Remedying Misperceptions of Computer Science Among Middle School Students},
 booktitle = {Proceedings of the 45th ACM Technical Symposium on Computer Science Education},
 series = {SIGCSE '14},
 year = {2014},
 isbn = {978-1-4503-2605-6},
 location = {Atlanta, Georgia, USA},
 pages = {343--348},
 numpages = {6},
 url = {http://doi.acm.org/10.1145/2538862.2538934},
 doi = {10.1145/2538862.2538934},
 acmid = {2538934},
 publisher = {ACM},
 address = {New York, NY, USA},
 keywords = {K-12 curriculum development, computer science education, definition of computer science, identity, middle school, perceptions of computing},
}

@inproceedings{Wang:2019:UDA:3303772.3303781,
 author = {Wang, Yanbang and Law, Nancy and Hemberg, Erik and O'Reilly, Una-May},
 title = {Using Detailed Access Trajectories for Learning Behavior Analysis},
 booktitle = {Proceedings of the 9th International Conference on Learning Analytics \& Knowledge},
 series = {LAK19},
 year = {2019},
 isbn = {978-1-4503-6256-6},
 location = {Tempe, AZ, USA},
 pages = {290--299},
 numpages = {10},
 url = {http://doi.acm.org/10.1145/3303772.3303781},
 doi = {10.1145/3303772.3303781},
 acmid = {3303781},
 publisher = {ACM},
 address = {New York, NY, USA},
 keywords = {Detailed Access Trajectory, Massive Open Online Course, learning pattern, marginalized learner, representation learning},
}

@inproceedings{Basawapatna:2013:ZPF:2493394.2493404,
 author = {Basawapatna, Ashok R. and Repenning, Alexander and Koh, Kyu Han and Nickerson, Hilarie},
 title = {The Zones of Proximal Flow: Guiding Students Through a Space of Computational Thinking Skills and Challenges},
 booktitle = {Proceedings of the Ninth Annual International ACM Conference on International Computing Education Research},
 series = {ICER '13},
 year = {2013},
 isbn = {978-1-4503-2243-0},
 location = {San Diego, San California, USA},
 pages = {67--74},
 numpages = {8},
 url = {http://doi.acm.org/10.1145/2493394.2493404},
 doi = {10.1145/2493394.2493404},
 acmid = {2493404},
 publisher = {ACM},
 address = {New York, NY, USA},
 keywords = {computational thinking, computational thinking patterns, computer science education, flow, scalable game design, simulations, zone of proximal development, zones of proximal flow},
}

@article{Hussein:2017:ILS:3071073.3054912,
 author = {Hussein, Ahmed and Gaber, Mohamed Medhat and Elyan, Eyad and Jayne, Chrisina},
 title = {Imitation Learning: A Survey of Learning Methods},
 journal = {ACM Comput. Surv.},
 issue_date = {June 2017},
 volume = {50},
 number = {2},
 month = apr,
 year = {2017},
 issn = {0360-0300},
 pages = {21:1--21:35},
 articleno = {21},
 numpages = {35},
 url = {http://doi.acm.org/10.1145/3054912},
 doi = {10.1145/3054912},
 acmid = {3054912},
 publisher = {ACM},
 address = {New York, NY, USA},
 keywords = {Imitation learning, deep learning, feature representations, intelligent agents, learning from demonstrations, learning from experience, reinforcement learning, robotics, self-improvement},
}

@inproceedings{Carr:2010:DDM:1854360.1854388,
 author = {Carr, Margaret and McChesney, Jane and Cowie, Bronwen and Miles-Kingston, Robert and Sands, Lorraine},
 title = {Dispositions, Disciplines, and Marble Runs: A Case Study of Resourcefulness},
 booktitle = {Proceedings of the 9th International Conference of the Learning Sciences - Volume 1},
 series = {ICLS '10},
 year = {2010},
 location = {Chicago, Illinois},
 pages = {215--221},
 numpages = {7},
 url = {http://dl.acm.org/citation.cfm?id=1854360.1854388},
 acmid = {1854388},
 publisher = {International Society of the Learning Sciences},
}

@inproceedings{Shea:2010:VLP:1854360.1854428,
 author = {Shea, Nicole and Duncan, Ravit Golan},
 title = {Validation of a Learning Progression: Relating Empirical Data to Theory},
 booktitle = {Proceedings of the 9th International Conference of the Learning Sciences - Volume 1},
 series = {ICLS '10},
 year = {2010},
 location = {Chicago, Illinois},
 pages = {532--539},
 numpages = {8},
 url = {http://dl.acm.org/citation.cfm?id=1854360.1854428},
 acmid = {1854428},
 publisher = {International Society of the Learning Sciences},
}

@inproceedings{Ainsworth:2010:ESA:1854509.1854545,
 author = {Ainsworth, Shaaron},
 title = {Engaging Students with Assessment: Inquiry Cartoons},
 booktitle = {Proceedings of the 9th International Conference of the Learning Sciences - Volume 2},
 series = {ICLS '10},
 year = {2010},
 location = {Chicago, Illinois},
 pages = {88--89},
 numpages = {2},
 url = {http://dl.acm.org/citation.cfm?id=1854509.1854545},
 acmid = {1854545},
 publisher = {International Society of the Learning Sciences},
}

@inproceedings{Seitlinger:2015:APH:2740908.2743057,
 author = {Seitlinger, Paul and Kowald, Dominik and Kopeinik, Simone and Hasani-Mavriqi, Ilire and Lex, Elisabeth and Ley, Tobias},
 title = {Attention Please! A Hybrid Resource Recommender Mimicking Attention-Interpretation Dynamics},
 booktitle = {Proceedings of the 24th International Conference on World Wide Web},
 series = {WWW '15 Companion},
 year = {2015},
 isbn = {978-1-4503-3473-0},
 location = {Florence, Italy},
 pages = {339--345},
 numpages = {7},
 url = {http://doi.acm.org/10.1145/2740908.2743057},
 doi = {10.1145/2740908.2743057},
 acmid = {2743057},
 publisher = {ACM},
 address = {New York, NY, USA},
 keywords = {LDA, accuracy, categorization, collaborative filtering, connectionism, decision making, hybrid recommenders, recommender, resource recommendations, social tagging systems, sustain, attentional focus},
}

@inproceedings{Webb:2012:TET:2157136.2157191,
 author = {Webb, David C. and Repenning, Alexander and Koh, Kyu Han},
 title = {Toward an Emergent Theory of Broadening Participation in Computer Science Education},
 booktitle = {Proceedings of the 43rd ACM Technical Symposium on Computer Science Education},
 series = {SIGCSE '12},
 year = {2012},
 isbn = {978-1-4503-1098-7},
 location = {Raleigh, North Carolina, USA},
 pages = {173--178},
 numpages = {6},
 url = {http://doi.acm.org/10.1145/2157136.2157191},
 doi = {10.1145/2157136.2157191},
 acmid = {2157191},
 publisher = {ACM},
 address = {New York, NY, USA},
 keywords = {guided discovery, student interest, teacher-directed instruction},
}

@inproceedings{Coates:2008:LCM:1390156.1390175,
 author = {Coates, Adam and Abbeel, Pieter and Ng, Andrew Y.},
 title = {Learning for Control from Multiple Demonstrations},
 booktitle = {Proceedings of the 25th International Conference on Machine Learning},
 series = {ICML '08},
 year = {2008},
 isbn = {978-1-60558-205-4},
 location = {Helsinki, Finland},
 pages = {144--151},
 numpages = {8},
 url = {http://doi.acm.org/10.1145/1390156.1390175},
 doi = {10.1145/1390156.1390175},
 acmid = {1390175},
 publisher = {ACM},
 address = {New York, NY, USA},
}

@inproceedings{Singley:1999:TTS:1150240.1150306,
 author = {Singley, Mark K. and Fairweather, Peter G. and Swerling, Steven},
 title = {Team Tutoring Systems: Reifying Roles in Problem Solving},
 booktitle = {Proceedings of the 1999 Conference on Computer Support for Collaborative Learning},
 series = {CSCL '99},
 year = {1999},
 location = {Palo Alto, California},
 articleno = {66},
 url = {http://dl.acm.org/citation.cfm?id=1150240.1150306},
 acmid = {1150306},
 publisher = {International Society of the Learning Sciences},
 keywords = {goal reification, synchronous collaboration, team tutoring systems},
}

@inproceedings{Parisien:2008:IBM:1596324.1596340,
 author = {Parisien, Christopher and Fazly, Afsaneh and Stevenson, Suzanne},
 title = {An Incremental Bayesian Model for Learning Syntactic Categories},
 booktitle = {Proceedings of the Twelfth Conference on Computational Natural Language Learning},
 series = {CoNLL '08},
 year = {2008},
 isbn = {978-1-905593-48-4},
 location = {Manchester, United Kingdom},
 pages = {89--96},
 numpages = {8},
 url = {http://dl.acm.org/citation.cfm?id=1596324.1596340},
 acmid = {1596340},
 publisher = {Association for Computational Linguistics},
 address = {Stroudsburg, PA, USA},
}

@inproceedings{Buffum:2014:CPG:2538862.2538949,
 author = {Buffum, Philip Sheridan and Martinez-Arocho, Allison G. and Frankosky, Megan Hardy and Rodriguez, Fernando J. and Wiebe, Eric N. and Boyer, Kristy Elizabeth},
 title = {CS Principles Goes to Middle School: Learning How to Teach "Big Data"},
 booktitle = {Proceedings of the 45th ACM Technical Symposium on Computer Science Education},
 series = {SIGCSE '14},
 year = {2014},
 isbn = {978-1-4503-2605-6},
 location = {Atlanta, Georgia, USA},
 pages = {151--156},
 numpages = {6},
 url = {http://doi.acm.org/10.1145/2538862.2538949},
 doi = {10.1145/2538862.2538949},
 acmid = {2538949},
 publisher = {ACM},
 address = {New York, NY, USA},
 keywords = {big data, computer science education, middle school},
}

@inproceedings{Kelley:2008:UHI:1349822.1349870,
 author = {Kelley, Richard and Tavakkoli, Alireza and King, Christopher and Nicolescu, Monica and Nicolescu, Mircea and Bebis, George},
 title = {Understanding Human Intentions via Hidden Markov Models in Autonomous Mobile Robots},
 booktitle = {Proceedings of the 3rd ACM/IEEE International Conference on Human Robot Interaction},
 series = {HRI '08},
 year = {2008},
 isbn = {978-1-60558-017-3},
 location = {Amsterdam, The Netherlands},
 pages = {367--374},
 numpages = {8},
 url = {http://doi.acm.org/10.1145/1349822.1349870},
 doi = {10.1145/1349822.1349870},
 acmid = {1349870},
 publisher = {ACM},
 address = {New York, NY, USA},
 keywords = {hidden markov models, human-robot interaction, intention modeling, theory of mind, vision-based methods},
}

@inproceedings{Hornung:2011:PCT:2094131.2094163,
 author = {Hornung, Malte and Schulte, Carsten},
 title = {ProspectiveTeachers@Research: CS Teacher Education Revised},
 booktitle = {Proceedings of the 11th Koli Calling International Conference on Computing Education Research},
 series = {Koli Calling '11},
 year = {2011},
 isbn = {978-1-4503-1052-9},
 location = {Koli, Finland},
 pages = {138--143},
 numpages = {6},
 url = {http://doi.acm.org/10.1145/2094131.2094163},
 doi = {10.1145/2094131.2094163},
 acmid = {2094163},
 publisher = {ACM},
 address = {New York, NY, USA},
 keywords = {CS, CS Ed research, educational research, pedagogy, school lab, teacher education},
}

@inproceedings{Leeman-Munk:2014:AES:2567574.2567620,
 author = {Leeman-Munk, Samuel P. and Wiebe, Eric N. and Lester, James C.},
 title = {Assessing Elementary Students' Science Competency with Text Analytics},
 booktitle = {Proceedings of the Fourth International Conference on Learning Analytics And Knowledge},
 series = {LAK '14},
 year = {2014},
 isbn = {978-1-4503-2664-3},
 location = {Indianapolis, Indiana, USA},
 pages = {143--147},
 numpages = {5},
 url = {http://doi.acm.org/10.1145/2567574.2567620},
 doi = {10.1145/2567574.2567620},
 acmid = {2567620},
 publisher = {ACM},
 address = {New York, NY, USA},
 keywords = {automated assessment, constructed response analysis, formative assessment, text-based learning analytics, writing assessment},
}

@inproceedings{Kolikant:2005:SAS:1089786.1089790,
 author = {Kolikant, Yifat Ben-David},
 title = {Students' Alternative Standards for Correctness},
 booktitle = {Proceedings of the First International Workshop on Computing Education Research},
 series = {ICER '05},
 year = {2005},
 isbn = {1-59593-043-4},
 location = {Seattle, WA, USA},
 pages = {37--43},
 numpages = {7},
 url = {http://doi.acm.org/10.1145/1089786.1089790},
 doi = {10.1145/1089786.1089790},
 acmid = {1089790},
 publisher = {ACM},
 address = {New York, NY, USA},
 keywords = {conceptions, correctness, norms, practices},
}

@inproceedings{Gutierrez:2010:IDK:1854360.1854476,
 author = {Gutierrez, Jose Francisco},
 title = {"I Don'T know---I'M Just Genius!": Distinguishing Between the Process and the Product of Student Algebraic Reasoning},
 booktitle = {Proceedings of the 9th International Conference of the Learning Sciences - Volume 1},
 series = {ICLS '10},
 year = {2010},
 location = {Chicago, Illinois},
 pages = {905--912},
 numpages = {8},
 url = {http://dl.acm.org/citation.cfm?id=1854360.1854476},
 acmid = {1854476},
 publisher = {International Society of the Learning Sciences},
}

@inproceedings{Marin:2011:LCC:2001576.2001743,
 author = {Marin, Didier and Decock, J{\'e}r{\'e}mie and Rigoux, Lionel and Sigaud, Olivier},
 title = {Learning Cost-efficient Control Policies with XCSF: Generalization Capabilities and Further Improvement},
 booktitle = {Proceedings of the 13th Annual Conference on Genetic and Evolutionary Computation},
 series = {GECCO '11},
 year = {2011},
 isbn = {978-1-4503-0557-0},
 location = {Dublin, Ireland},
 pages = {1235--1242},
 numpages = {8},
 url = {http://doi.acm.org/10.1145/2001576.2001743},
 doi = {10.1145/2001576.2001743},
 acmid = {2001743},
 publisher = {ACM},
 address = {New York, NY, USA},
 keywords = {XCSF, control, cross-entropy, reinforcement learning},
}

@inproceedings{Hui:2017:LAI:3085585.3085586,
 author = {Hui, Bowen and Farvolden, Shannon},
 title = {How Can Learning Analytics Improve a Course?},
 booktitle = {Proceedings of the 22Nd Western Canadian Conference on Computing Education},
 series = {WCCCE '17},
 year = {2017},
 isbn = {978-1-4503-5066-2},
 location = {Abbotsford, BC, Canada},
 pages = {1:1--1:6},
 articleno = {1},
 numpages = {6},
 url = {http://doi.acm.org/10.1145/3085585.3085586},
 doi = {10.1145/3085585.3085586},
 acmid = {3085586},
 publisher = {ACM},
 address = {New York, NY, USA},
 keywords = {CS1, evidence-based course design, learning analytics, needs analysis},
}

@inproceedings{Kachele:2014:IDA:2661806.2661813,
 author = {K\"{a}chele, Markus and Schels, Martin and Schwenker, Friedhelm},
 title = {Inferring Depression and Affect from Application Dependent Meta Knowledge},
 booktitle = {Proceedings of the 4th International Workshop on Audio/Visual Emotion Challenge},
 series = {AVEC '14},
 year = {2014},
 isbn = {978-1-4503-3119-7},
 location = {Orlando, Florida, USA},
 pages = {41--48},
 numpages = {8},
 url = {http://doi.acm.org/10.1145/2661806.2661813},
 doi = {10.1145/2661806.2661813},
 acmid = {2661813},
 publisher = {ACM},
 address = {New York, NY, USA},
 keywords = {AVEC 2014, affect recognition, depression recognition, meta knowledge},
}

@inproceedings{Gresalfi:2008:DD:1599812.1599847,
 author = {Gresalfi, Melissa and Ingram-Goble, Adam},
 title = {Designing for Dispositions},
 booktitle = {Proceedings of the 8th International Conference on International Conference for the Learning Sciences - Volume 1},
 series = {ICLS'08},
 year = {2008},
 location = {Utrecht, The Netherlands},
 pages = {297--304},
 numpages = {8},
 url = {http://dl.acm.org/citation.cfm?id=1599812.1599847},
 acmid = {1599847},
 publisher = {International Society of the Learning Sciences},
}

@inproceedings{Enyedy:1997:ASC:1599773.1599777,
 author = {Enyedy, Noel and Vahey, Phil and Gifford, Bernard R.},
 title = {Active and Supportive Computer-mediated Resources for Student-to-student Conversations},
 booktitle = {Proceedings of the 2Nd International Conference on Computer Support for Collaborative Learning},
 series = {CSCL '97},
 year = {1997},
 location = {Toronto, Ontario, Canada},
 pages = {28--38},
 numpages = {11},
 url = {http://dl.acm.org/citation.cfm?id=1599773.1599777},
 acmid = {1599777},
 publisher = {International Society of the Learning Sciences},
}

@inproceedings{Ziebart:2012:PPT:2166966.2166968,
 author = {Ziebart, Brian and Dey, Anind and Bagnell, J. Andrew},
 title = {Probabilistic Pointing Target Prediction via Inverse Optimal Control},
 booktitle = {Proceedings of the 2012 ACM International Conference on Intelligent User Interfaces},
 series = {IUI '12},
 year = {2012},
 isbn = {978-1-4503-1048-2},
 location = {Lisbon, Portugal},
 pages = {1--10},
 numpages = {10},
 url = {http://doi.acm.org/10.1145/2166966.2166968},
 doi = {10.1145/2166966.2166968},
 acmid = {2166968},
 publisher = {ACM},
 address = {New York, NY, USA},
 keywords = {continuous control, cursor prediction, probabilistic inference},
}

@inproceedings{Smith:2006:ASB:1220175.1220247,
 author = {Smith, Noah A. and Eisner, Jason},
 title = {Annealing Structural Bias in Multilingual Weighted Grammar Induction},
 booktitle = {Proceedings of the 21st International Conference on Computational Linguistics and the 44th Annual Meeting of the Association for Computational Linguistics},
 series = {ACL-44},
 year = {2006},
 location = {Sydney, Australia},
 pages = {569--576},
 numpages = {8},
 url = {https://doi.org/10.3115/1220175.1220247},
 doi = {10.3115/1220175.1220247},
 acmid = {1220247},
 publisher = {Association for Computational Linguistics},
 address = {Stroudsburg, PA, USA},
}

@inproceedings{Barab:2008:CPS:1599936.1600017,
 author = {Barab, Sasha and Ingram-Goble, Adam and Gresalfi, Melissa and Arici, Anna and Siyahhan, Sinem and Dodge, Tyler and Hay, Ken},
 title = {Conceptual Play Spaces and the Quest Atlantis Project},
 booktitle = {Proceedings of the 8th International Conference on International Conference for the Learning Sciences - Volume 3},
 series = {ICLS'08},
 year = {2008},
 location = {Utrecht, The Netherlands},
 pages = {190--197},
 numpages = {8},
 url = {http://dl.acm.org/citation.cfm?id=1599936.1600017},
 acmid = {1600017},
 publisher = {International Society of the Learning Sciences},
}

@inproceedings{Ogan:2008:PPP:1357054.1357081,
 author = {Ogan, Amy and Aleven, Vincent and Jones, Christopher},
 title = {Pause, Predict, and Ponder: Use of Narrative Videos to Improve Cultural Discussion and Learning},
 booktitle = {Proceedings of the SIGCHI Conference on Human Factors in Computing Systems},
 series = {CHI '08},
 year = {2008},
 isbn = {978-1-60558-011-1},
 location = {Florence, Italy},
 pages = {155--162},
 numpages = {8},
 url = {http://doi.acm.org/10.1145/1357054.1357081},
 doi = {10.1145/1357054.1357081},
 acmid = {1357081},
 publisher = {ACM},
 address = {New York, NY, USA},
 keywords = {computer-mediated communication, educational technology, ill-defined domains, intelligent tutoring, multimedia},
}

@inproceedings{Buddubariki:2016:ERE:3009977.3010011,
 author = {Buddubariki, Vinodh and Tulluri, Sunitha Gowd and Mukherjee, Snehasis},
 title = {Event Recognition in Egocentric Videos Using a Novel Trajectory Based Feature},
 booktitle = {Proceedings of the Tenth Indian Conference on Computer Vision, Graphics and Image Processing},
 series = {ICVGIP '16},
 year = {2016},
 isbn = {978-1-4503-4753-2},
 location = {Guwahati, Assam, India},
 pages = {76:1--76:8},
 articleno = {76},
 numpages = {8},
 url = {http://doi.acm.org/10.1145/3009977.3010011},
 doi = {10.1145/3009977.3010011},
 acmid = {3010011},
 publisher = {ACM},
 address = {New York, NY, USA},
 keywords = {GWOF, dense trajectories, egocentric, event recognition, first person},
}

@inproceedings{Mou:2019:RLP:3318396.3318441,
 author = {Mou, Jun and Song, Huazhu and Li, Jun and Mi, Kaituo},
 title = {Refinement of the Learning Process for College Students},
 booktitle = {Proceedings of the 2019 8th International Conference on Educational and Information Technology},
 series = {ICEIT 2019},
 year = {2019},
 isbn = {978-1-4503-6267-2},
 location = {Cambridge, United Kingdom},
 pages = {113--119},
 numpages = {7},
 url = {http://doi.acm.org/10.1145/3318396.3318441},
 doi = {10.1145/3318396.3318441},
 acmid = {3318441},
 publisher = {ACM},
 address = {New York, NY, USA},
 keywords = {college student learning process, learning cycle, multi-factor, refinement management},
}

@inproceedings{Narvekar:2016:STC:2936924.2937007,
 author = {Narvekar, Sanmit and Sinapov, Jivko and Leonetti, Matteo and Stone, Peter},
 title = {Source Task Creation for Curriculum Learning},
 booktitle = {Proceedings of the 2016 International Conference on Autonomous Agents \&\#38; Multiagent Systems},
 series = {AAMAS '16},
 year = {2016},
 isbn = {978-1-4503-4239-1},
 location = {Singapore, Singapore},
 pages = {566--574},
 numpages = {9},
 url = {http://dl.acm.org/citation.cfm?id=2936924.2937007},
 acmid = {2937007},
 publisher = {International Foundation for Autonomous Agents and Multiagent Systems},
 address = {Richland, SC},
 keywords = {curriculum learning, reinforcement learning, transfer learning},
}

@article{Fields:2017:YCP:3135995.3123815,
 author = {Fields, Deborah A. and Kafai, Yasmin B. and Giang, Michael T.},
 title = {Youth Computational Participation in the Wild: Understanding Experience and Equity in Participating and Programming in the Online Scratch Community},
 journal = {ACM Trans. Comput. Educ.},
 issue_date = {August 2017},
 volume = {17},
 number = {3},
 month = aug,
 year = {2017},
 issn = {1946-6226},
 pages = {15:1--15:22},
 articleno = {15},
 numpages = {22},
 url = {http://doi.acm.org/10.1145/3123815},
 doi = {10.1145/3123815},
 acmid = {3123815},
 publisher = {ACM},
 address = {New York, NY, USA},
 keywords = {Computer science education, collaborative learning, computer supported collaborative learning, educational data mining, equity, learning analytics, social networking forums, social networking sites},
}

@article{Fuller:2007:DCS:1345375.1345438,
 author = {Fuller, Ursula and Johnson, Colin G. and Ahoniemi, Tuukka and Cukierman, Diana and Hern\'{a}n-Losada, Isidoro and Jackova, Jana and Lahtinen, Essi and Lewis, Tracy L. and Thompson, Donna McGee and Riedesel, Charles and Thompson, Errol},
 title = {Developing a Computer Science-specific Learning Taxonomy},
 journal = {SIGCSE Bull.},
 issue_date = {December 2007},
 volume = {39},
 number = {4},
 month = dec,
 year = {2007},
 issn = {0097-8418},
 pages = {152--170},
 numpages = {19},
 url = {http://doi.acm.org/10.1145/1345375.1345438},
 doi = {10.1145/1345375.1345438},
 acmid = {1345438},
 publisher = {ACM},
 address = {New York, NY, USA},
 keywords = {assessment, benchmarking, computer science education, credit transfer, curricula, taxonomies of learning},
}

@inproceedings{Fuller:2007:DCS:1345443.1345438,
 author = {Fuller, Ursula and Johnson, Colin G. and Ahoniemi, Tuukka and Cukierman, Diana and Hern\'{a}n-Losada, Isidoro and Jackova, Jana and Lahtinen, Essi and Lewis, Tracy L. and Thompson, Donna McGee and Riedesel, Charles and Thompson, Errol},
 title = {Developing a Computer Science-specific Learning Taxonomy},
 booktitle = {Working Group Reports on ITiCSE on Innovation and Technology in Computer Science Education},
 series = {ITiCSE-WGR '07},
 year = {2007},
 location = {Dundee, Scotland},
 pages = {152--170},
 numpages = {19},
 url = {http://doi.acm.org/10.1145/1345443.1345438},
 doi = {10.1145/1345443.1345438},
 acmid = {1345438},
 publisher = {ACM},
 address = {New York, NY, USA},
 keywords = {assessment, benchmarking, computer science education, credit transfer, curricula, taxonomies of learning},
}

@inproceedings{Liu:2013:TMC:2541176.2505552,
 author = {Liu, Siyuan and Wang, Shuhui and Jayarajah, Kasthuri and Misra, Archan and Krishnan, Ramayya},
 title = {TODMIS: mining communities from trajectories},
 booktitle = {Proceedings of the 22nd ACM international conference on Conference on information \&\#38; knowledge management},
 series = {CIKM '13},
 year = {2013},
 isbn = {978-1-4503-2263-8},
 location = {San Francisco, California, USA},
 pages = {2109--2118},
 numpages = {10},
 url = {http://doi.acm.org/10.1145/2505515.2505552},
 doi = {10.1145/2505515.2505552},
 acmid = {2505552},
 publisher = {ACM},
 address = {New York, NY, USA},
 keywords = {multiple information, semantic information, trajectory community discovery},
}

@inproceedings{Liu:2013:TMC:2505515.2505552,
 author = {Liu, Siyuan and Wang, Shuhui and Jayarajah, Kasthuri and Misra, Archan and Krishnan, Ramayya},
 title = {TODMIS: Mining Communities from Trajectories},
 booktitle = {Proceedings of the 22Nd ACM International Conference on Information \& Knowledge Management},
 series = {CIKM '13},
 year = {2013},
 isbn = {978-1-4503-2263-8},
 location = {San Francisco, California, USA},
 pages = {2109--2118},
 numpages = {10},
 url = {http://doi.acm.org/10.1145/2505515.2505552},
 doi = {10.1145/2505515.2505552},
 acmid = {2505552},
 publisher = {ACM},
 address = {New York, NY, USA},
 keywords = {multiple information, semantic information, trajectory community discovery},
}

@inproceedings{Kam:2007:LID:1240624.1240791,
 author = {Kam, Matthew and Ramachandran, Divya and Devanathan, Varun and Tewari, Anuj and Canny, John},
 title = {Localized Iterative Design for Language Learning in Underdeveloped Regions: The PACE Framework},
 booktitle = {Proceedings of the SIGCHI Conference on Human Factors in Computing Systems},
 series = {CHI '07},
 year = {2007},
 isbn = {978-1-59593-593-9},
 location = {San Jose, California, USA},
 pages = {1097--1106},
 numpages = {10},
 url = {http://doi.acm.org/10.1145/1240624.1240791},
 doi = {10.1145/1240624.1240791},
 acmid = {1240791},
 publisher = {ACM},
 address = {New York, NY, USA},
 keywords = {content development, developing world, digital divide, language learning, literacy, localization, third world},
}

@article{Dittus:2017:PPF:3171581.3134675,
 author = {Dittus, Martin and Capra, Licia},
 title = {Private Peer Feedback As Engagement Driver in Humanitarian Mapping},
 journal = {Proc. ACM Hum.-Comput. Interact.},
 issue_date = {November 2017},
 volume = {1},
 number = {CSCW},
 month = dec,
 year = {2017},
 issn = {2573-0142},
 pages = {40:1--40:18},
 articleno = {40},
 numpages = {18},
 url = {http://doi.acm.org/10.1145/3134675},
 doi = {10.1145/3134675},
 acmid = {3134675},
 publisher = {ACM},
 address = {New York, NY, USA},
 keywords = {crowdmapping, crowdsourcing, engagement, motivations, peer feedback, retention, rewards},
}

@inproceedings{Johanes:2017:ECP:3051457.3051462,
 author = {Johanes, Petr},
 title = {Epistemic Cognition: A Promising and Necessary Construct for Enriching Large-scale Online Learning Analysis},
 booktitle = {Proceedings of the Fourth (2017) ACM Conference on Learning @ Scale},
 series = {L@S '17},
 year = {2017},
 isbn = {978-1-4503-4450-0},
 location = {Cambridge, Massachusetts, USA},
 pages = {61--69},
 numpages = {9},
 url = {http://doi.acm.org/10.1145/3051457.3051462},
 doi = {10.1145/3051457.3051462},
 acmid = {3051462},
 publisher = {ACM},
 address = {New York, NY, USA},
 keywords = {epistemic cognition, epistemology, knowledge modeling, mooc, online learning},
}

@inproceedings{Weintrop:2018:SSO:3230977.3230988,
 author = {Weintrop, David and Hansen, Alexandria K. and Harlow, Danielle B. and Franklin, Diana},
 title = {Starting from Scratch: Outcomes of Early Computer Science Learning Experiences and Implications for What Comes Next},
 booktitle = {Proceedings of the 2018 ACM Conference on International Computing Education Research},
 series = {ICER '18},
 year = {2018},
 isbn = {978-1-4503-5628-2},
 location = {Espoo, Finland},
 pages = {142--150},
 numpages = {9},
 url = {http://doi.acm.org/10.1145/3230977.3230988},
 doi = {10.1145/3230977.3230988},
 acmid = {3230988},
 publisher = {ACM},
 address = {New York, NY, USA},
 keywords = {block-based programming, elementary computer science education, introductory computing curricula, learning},
}

@inproceedings{Wei:2012:CPR:2339530.2339562,
 author = {Wei, Ling-Yin and Zheng, Yu and Peng, Wen-Chih},
 title = {Constructing Popular Routes from Uncertain Trajectories},
 booktitle = {Proceedings of the 18th ACM SIGKDD International Conference on Knowledge Discovery and Data Mining},
 series = {KDD '12},
 year = {2012},
 isbn = {978-1-4503-1462-6},
 location = {Beijing, China},
 pages = {195--203},
 numpages = {9},
 url = {http://doi.acm.org/10.1145/2339530.2339562},
 doi = {10.1145/2339530.2339562},
 acmid = {2339562},
 publisher = {ACM},
 address = {New York, NY, USA},
 keywords = {collaborative learning, route inference, social media, trajectory data mining},
}

@inproceedings{Kross:2018:SSI:3231644.3231662,
 author = {Kross, Sean and Guo, Philip J.},
 title = {Students, Systems, and Interactions: Synthesizing the First Four Years of Learning@Scale and Charting the Future},
 booktitle = {Proceedings of the Fifth Annual ACM Conference on Learning at Scale},
 series = {L@S '18},
 year = {2018},
 isbn = {978-1-4503-5886-6},
 location = {London, United Kingdom},
 pages = {2:1--2:10},
 articleno = {2},
 numpages = {10},
 url = {http://doi.acm.org/10.1145/3231644.3231662},
 doi = {10.1145/3231644.3231662},
 acmid = {3231662},
 publisher = {ACM},
 address = {New York, NY, USA},
 keywords = {context/synthesis paper, meta-analysis, survey paper},
}

@inproceedings{Sinapov:2015:LIT:2772879.2773247,
 author = {Sinapov, Jivko and Narvekar, Sanmit and Leonetti, Matteo and Stone, Peter},
 title = {Learning Inter-Task Transferability in the Absence of Target Task Samples},
 booktitle = {Proceedings of the 2015 International Conference on Autonomous Agents and Multiagent Systems},
 series = {AAMAS '15},
 year = {2015},
 isbn = {978-1-4503-3413-6},
 location = {Istanbul, Turkey},
 pages = {725--733},
 numpages = {9},
 url = {http://dl.acm.org/citation.cfm?id=2772879.2773247},
 acmid = {2773247},
 publisher = {International Foundation for Autonomous Agents and Multiagent Systems},
 address = {Richland, SC},
 keywords = {reinforcement learning, single and multi-agent learning techniques, transfer learning},
}

@inproceedings{Merkel:2004:PDC:1011870.1011872,
 author = {Merkel, Cecelia B. and Xiao, Lu and Farooq, Umer and Ganoe, Craig H. and Lee, Roderick and Carroll, John M. and Rosson, Mary Beth},
 title = {Participatory Design in Community Computing Contexts: Tales from the Field},
 booktitle = {Proceedings of the Eighth Conference on Participatory Design: Artful Integration: Interweaving Media, Materials and Practices - Volume 1},
 series = {PDC 04},
 year = {2004},
 isbn = {1-58113-851-2},
 location = {Toronto, Ontario, Canada},
 pages = {1--10},
 numpages = {10},
 url = {http://doi.acm.org/10.1145/1011870.1011872},
 doi = {10.1145/1011870.1011872},
 acmid = {1011872},
 publisher = {ACM},
 address = {New York, NY, USA},
 keywords = {community computing, community information systems, participatory design, social impact},
}

@inproceedings{Li:2018:FPA:3237383.3237851,
 author = {Li, Zhuoshu and Chen, Zhitang and Poupart, Pascal and Das, Sanmay and Geng, Yanhui},
 title = {Faster Policy Adaptation in Environments with Exogeneity: A State Augmentation Approach},
 booktitle = {Proceedings of the 17th International Conference on Autonomous Agents and MultiAgent Systems},
 series = {AAMAS '18},
 year = {2018},
 location = {Stockholm, Sweden},
 pages = {1035--1043},
 numpages = {9},
 url = {http://dl.acm.org/citation.cfm?id=3237383.3237851},
 acmid = {3237851},
 publisher = {International Foundation for Autonomous Agents and Multiagent Systems},
 address = {Richland, SC},
 keywords = {environments with exogeneity, q-learning, reinforcement learning},
}

@inproceedings{Harms:2013:AGT:2485760.2485764,
 author = {Harms, Kyle J. and Cosgrove, Dennis and Gray, Shannon and Kelleher, Caitlin},
 title = {Automatically Generating Tutorials to Enable Middle School Children to Learn Programming Independently},
 booktitle = {Proceedings of the 12th International Conference on Interaction Design and Children},
 series = {IDC '13},
 year = {2013},
 isbn = {978-1-4503-1918-8},
 location = {New York, New York, USA},
 pages = {11--19},
 numpages = {9},
 url = {http://doi.acm.org/10.1145/2485760.2485764},
 doi = {10.1145/2485760.2485764},
 acmid = {2485764},
 publisher = {ACM},
 address = {New York, NY, USA},
 keywords = {automatically generated tutorials, code reuse, programming systems for children},
}

@inproceedings{Waite:2018:CKT:3265757.3265761,
 author = {Waite, Jane and Curzon, Paul and Marsh, William and Sentance, Sue},
 title = {Comparing K-5 Teachers' Reported Use of Design in Teaching Programming and Planning in Teaching Writing},
 booktitle = {Proceedings of the 13th Workshop in Primary and Secondary Computing Education},
 series = {WiPSCE '18},
 year = {2018},
 isbn = {978-1-4503-6588-8},
 location = {Potsdam, Germany},
 pages = {4:1--4:10},
 articleno = {4},
 numpages = {10},
 url = {http://doi.acm.org/10.1145/3265757.3265761},
 doi = {10.1145/3265757.3265761},
 acmid = {3265761},
 publisher = {ACM},
 address = {New York, NY, USA},
 keywords = {K-5 computing education, design, programming, teachers},
}

@inproceedings{Lee:2015:OUT:2771839.2771861,
 author = {Lee, Victor R. and Drake, Joel R. and Cain, Ryan and Thayne, Jeffrey},
 title = {Opportunistic Uses of the Traditional School Day Through Student Examination of Fitbit Activity Tracker Data},
 booktitle = {Proceedings of the 14th International Conference on Interaction Design and Children},
 series = {IDC '15},
 year = {2015},
 isbn = {978-1-4503-3590-4},
 location = {Boston, Massachusetts},
 pages = {209--218},
 numpages = {10},
 url = {http://doi.acm.org/10.1145/2771839.2771861},
 doi = {10.1145/2771839.2771861},
 acmid = {2771861},
 publisher = {ACM},
 address = {New York, NY, USA},
 keywords = {Fitbit, activity trackers, design research, elementary school, self-data, wearable technology},
}

@inproceedings{Durrant:2014:HVC:2556288.2557196,
 author = {Durrant, Abigail C. and Kirk, David S. and Reeves, Stuart},
 title = {Human Values in Curating a Human Rights Media Archive},
 booktitle = {Proceedings of the SIGCHI Conference on Human Factors in Computing Systems},
 series = {CHI '14},
 year = {2014},
 isbn = {978-1-4503-2473-1},
 location = {Toronto, Ontario, Canada},
 pages = {2685--2694},
 numpages = {10},
 url = {http://doi.acm.org/10.1145/2556288.2557196},
 doi = {10.1145/2556288.2557196},
 acmid = {2557196},
 publisher = {ACM},
 address = {New York, NY, USA},
 keywords = {curation, genocide, human rights media, memorial, rwanda, value sensitive design},
}

@inproceedings{Durrant:2014:HVC:2611205.2557196,
 author = {Durrant, Abigail C. and Kirk, David S. and Reeves, Stuart},
 title = {Human Values in Curating a Human Rights Media Archive},
 booktitle = {Proceedings of the 32Nd Annual ACM Conference on Human Factors in Computing Systems},
 series = {CHI '14},
 year = {2014},
 isbn = {978-1-4503-2473-1},
 location = {Toronto, Ontario, Canada},
 pages = {2685--2694},
 numpages = {10},
 url = {http://doi.acm.org/10.1145/2556288.2557196},
 doi = {10.1145/2556288.2557196},
 acmid = {2557196},
 publisher = {ACM},
 address = {New York, NY, USA},
 keywords = {curation, genocide, human rights media, memorial, rwanda, value sensitive design},
}

@article{Weilenmann:2014:MVL:2584567.2584583,
 author = {Weilenmann, Alexandra and S\"{a}lj\"{o}, Roger and Engstr\"{o}m, Arvid},
 title = {Mobile Video Literacy: Negotiating the Use of a New Visual Technology},
 journal = {Personal Ubiquitous Comput.},
 issue_date = {March     2014},
 volume = {18},
 number = {3},
 month = mar,
 year = {2014},
 issn = {1617-4909},
 pages = {737--752},
 numpages = {16},
 url = {http://dx.doi.org/10.1007/s00779-013-0703-x},
 doi = {10.1007/s00779-013-0703-x},
 acmid = {2584583},
 publisher = {Springer-Verlag},
 address = {London, UK, UK},
 keywords = {Camera phones, Media literacy, Mobile video, Science centres, Video analysis, Video literacy},
}

@inproceedings{Wouters:2016:UHE:2901790.2901796,
 author = {Wouters, Niels and Downs, John and Harrop, Mitchell and Cox, Travis and Oliveira, Eduardo and Webber, Sarah and Vetere, Frank and Vande Moere, Andrew},
 title = {Uncovering the Honeypot Effect: How Audiences Engage with Public Interactive Systems},
 booktitle = {Proceedings of the 2016 ACM Conference on Designing Interactive Systems},
 series = {DIS '16},
 year = {2016},
 isbn = {978-1-4503-4031-1},
 location = {Brisbane, QLD, Australia},
 pages = {5--16},
 numpages = {12},
 url = {http://doi.acm.org/10.1145/2901790.2901796},
 doi = {10.1145/2901790.2901796},
 acmid = {2901796},
 publisher = {ACM},
 address = {New York, NY, USA},
 keywords = {audience, dance, evaluation, honeypot effect, media architecture, methodology, movement, natural user interfaces, public display, public space, social interaction},
}

@inproceedings{Zhu:2017:CCE:2998181.2998306,
 author = {Zhu, Yeshuang and Yue, Shichao and Yu, Chun and Shi, Yuanchun},
 title = {CEPT: Collaborative Editing Tool for Non-Native Authors},
 booktitle = {Proceedings of the 2017 ACM Conference on Computer Supported Cooperative Work and Social Computing},
 series = {CSCW '17},
 year = {2017},
 isbn = {978-1-4503-4335-0},
 location = {Portland, Oregon, USA},
 pages = {273--285},
 numpages = {13},
 url = {http://doi.acm.org/10.1145/2998181.2998306},
 doi = {10.1145/2998181.2998306},
 acmid = {2998306},
 publisher = {ACM},
 address = {New York, NY, USA},
 keywords = {collaborative editing, knowledge sharing, non-native writing},
}

@inproceedings{Fiesler:2017:GOL:2998181.2998210,
 author = {Fiesler, Casey and Morrison, Shannon and Shapiro, R. Benjamin and Bruckman, Amy S.},
 title = {Growing Their Own: Legitimate Peripheral Participation for Computational Learning in an Online Fandom Community},
 booktitle = {Proceedings of the 2017 ACM Conference on Computer Supported Cooperative Work and Social Computing},
 series = {CSCW '17},
 year = {2017},
 isbn = {978-1-4503-4335-0},
 location = {Portland, Oregon, USA},
 pages = {1375--1386},
 numpages = {12},
 url = {http://doi.acm.org/10.1145/2998181.2998210},
 doi = {10.1145/2998181.2998210},
 acmid = {2998210},
 publisher = {ACM},
 address = {New York, NY, USA},
 keywords = {broadening participation in computing, communities of practice, computing education, fandom, fanfiction, learning, legitimate peripheral participation, online communities, open source},
}

@inproceedings{Prasolova-Forland:2003:CVE:958160.958170,
 author = {Prasolova-F{\o}rland, Ekaterina and Divitini, Monica},
 title = {Collaborative Virtual Environments for Supporting Learning Communities: An Experience of Use},
 booktitle = {Proceedings of the 2003 International ACM SIGGROUP Conference on Supporting Group Work},
 series = {GROUP '03},
 year = {2003},
 isbn = {1-58113-693-5},
 location = {Sanibel Island, Florida, USA},
 pages = {58--67},
 numpages = {10},
 url = {http://doi.acm.org/10.1145/958160.958170},
 doi = {10.1145/958160.958170},
 acmid = {958170},
 publisher = {ACM},
 address = {New York, NY, USA},
 keywords = {collaborative virtual environments, communities, learning, social awareness},
}

@inproceedings{Piliouras:2014:PPM:2615731.2615763,
 author = {Piliouras, Georgios and Nieto-Granda, Carlos and Christensen, Henrik I. and Shamma, Jeff S.},
 title = {Persistent Patterns: Multi-agent Learning Beyond Equilibrium and Utility},
 booktitle = {Proceedings of the 2014 International Conference on Autonomous Agents and Multi-agent Systems},
 series = {AAMAS '14},
 year = {2014},
 isbn = {978-1-4503-2738-1},
 location = {Paris, France},
 pages = {181--188},
 numpages = {8},
 url = {http://dl.acm.org/citation.cfm?id=2615731.2615763},
 acmid = {2615763},
 publisher = {International Foundation for Autonomous Agents and Multiagent Systems},
 address = {Richland, SC},
 keywords = {dynamical systems, game theory, information theory, multi-agent systems, replicator dynamics, topology},
}

@inproceedings{Andrade:2017:USL:3027385.3027429,
 author = {Andrade, Alejandro},
 title = {Understanding Student Learning Trajectories Using Multimodal Learning Analytics Within an Embodied-interaction Learning Environment},
 booktitle = {Proceedings of the Seventh International Learning Analytics \&\#38; Knowledge Conference},
 series = {LAK '17},
 year = {2017},
 isbn = {978-1-4503-4870-6},
 location = {Vancouver, British Columbia, Canada},
 pages = {70--79},
 numpages = {10},
 url = {http://doi.acm.org/10.1145/3027385.3027429},
 doi = {10.1145/3027385.3027429},
 acmid = {3027429},
 publisher = {ACM},
 address = {New York, NY, USA},
 keywords = {embodied cognition, embodiment, learning environments, multimodal learning analytics, science education, sensing technologies},
}

@inproceedings{Zhou:2010:DFA:1882291.1882313,
 author = {Zhou, Minghui and Mockus, Audris},
 title = {Developer Fluency: Achieving True Mastery in Software Projects},
 booktitle = {Proceedings of the Eighteenth ACM SIGSOFT International Symposium on Foundations of Software Engineering},
 series = {FSE '10},
 year = {2010},
 isbn = {978-1-60558-791-2},
 location = {Santa Fe, New Mexico, USA},
 pages = {137--146},
 numpages = {10},
 url = {http://doi.acm.org/10.1145/1882291.1882313},
 doi = {10.1145/1882291.1882313},
 acmid = {1882313},
 publisher = {ACM},
 address = {New York, NY, USA},
 keywords = {developer fluency, developer learning, productivity, task centrality, task difficulty},
}

@inproceedings{Larmuseau:2018:ISC:3170358.3170363,
 author = {Larmuseau, Charlotte and Elen, Jan and Depaepe, Fien},
 title = {The Influence of Students' Cognitive and Motivational Characteristics on Students' Use of a 4C/ID-based Online Learning Environment and Their Learning Gain},
 booktitle = {Proceedings of the 8th International Conference on Learning Analytics and Knowledge},
 series = {LAK '18},
 year = {2018},
 isbn = {978-1-4503-6400-3},
 location = {Sydney, New South Wales, Australia},
 pages = {171--180},
 numpages = {10},
 url = {http://doi.acm.org/10.1145/3170358.3170363},
 doi = {10.1145/3170358.3170363},
 acmid = {3170363},
 publisher = {ACM},
 address = {New York, NY, USA},
 keywords = {adaptive learning, instructional design, online learning},
}

@inproceedings{DiMitri:2019:RLA:3303772.3303776,
 author = {Di Mitri, Daniele and Schneider, Jan and Klemke, Roland and Specht, Marcus and Drachsler, Hendrik},
 title = {Read Between the Lines: An Annotation Tool for Multimodal Data for Learning},
 booktitle = {Proceedings of the 9th International Conference on Learning Analytics \& Knowledge},
 series = {LAK19},
 year = {2019},
 isbn = {978-1-4503-6256-6},
 location = {Tempe, AZ, USA},
 pages = {51--60},
 numpages = {10},
 url = {http://doi.acm.org/10.1145/3303772.3303776},
 doi = {10.1145/3303772.3303776},
 acmid = {3303776},
 publisher = {ACM},
 address = {New York, NY, USA},
 keywords = {Internet of Things, Learning Analytics, Multimodal data, sensors},
}

@inproceedings{Slovak:2017:RPF:3025453.3025516,
 author = {Slov\'{a}k, Petr and Frauenberger, Christopher and Fitzpatrick, Geraldine},
 title = {Reflective Practicum: A Framework of Sensitising Concepts to Design for Transformative Reflection},
 booktitle = {Proceedings of the 2017 CHI Conference on Human Factors in Computing Systems},
 series = {CHI '17},
 year = {2017},
 isbn = {978-1-4503-4655-9},
 location = {Denver, Colorado, USA},
 pages = {2696--2707},
 numpages = {12},
 url = {http://doi.acm.org/10.1145/3025453.3025516},
 doi = {10.1145/3025453.3025516},
 acmid = {3025516},
 publisher = {ACM},
 address = {New York, NY, USA},
 keywords = {personal informatics, reflection, reflective informatics, sel, social-emotional skills},
}

@inproceedings{Xiao:2017:LTS:3097983.3098100,
 author = {Xiao, Houping and Gao, Jing and Vu, Long and Turaga, Deepak S.},
 title = {Learning Temporal State of Diabetes Patients via Combining Behavioral and Demographic Data},
 booktitle = {Proceedings of the 23rd ACM SIGKDD International Conference on Knowledge Discovery and Data Mining},
 series = {KDD '17},
 year = {2017},
 isbn = {978-1-4503-4887-4},
 location = {Halifax, NS, Canada},
 pages = {2081--2089},
 numpages = {9},
 url = {http://doi.acm.org/10.1145/3097983.3098100},
 doi = {10.1145/3097983.3098100},
 acmid = {3098100},
 publisher = {ACM},
 address = {New York, NY, USA},
 keywords = {diabetes management, hidden markov model, hypothesis testing},
}

@inproceedings{Svihla:2009:CFD:1640233.1640276,
 author = {Svihla, Vanessa},
 title = {Collaboration and Framing As Dimensions of Design Innovation},
 booktitle = {Proceedings of the Seventh ACM Conference on Creativity and Cognition},
 series = {C\&\#38;C '09},
 year = {2009},
 isbn = {978-1-60558-865-0},
 location = {Berkeley, California, USA},
 pages = {285--294},
 numpages = {10},
 url = {http://doi.acm.org/10.1145/1640233.1640276},
 doi = {10.1145/1640233.1640276},
 acmid = {1640276},
 publisher = {ACM},
 address = {New York, NY, USA},
 keywords = {collaboration, innovation, learning},
}

@inproceedings{Nagarajan:2008:TUN:1379249.1379259,
 author = {Nagarajan, Srivalli and Edwards, Jenny},
 title = {Towards Understanding the Non-technical Work Experiences of Recent Australian Information Technology Graduates},
 booktitle = {Proceedings of the Tenth Conference on Australasian Computing Education - Volume 78},
 series = {ACE '08},
 year = {2008},
 isbn = {978-1-920682-59-0},
 location = {Wollongong, NSW, Australia},
 pages = {103--112},
 numpages = {10},
 url = {http://dl.acm.org/citation.cfm?id=1379249.1379259},
 acmid = {1379259},
 publisher = {Australian Computer Society, Inc.},
 address = {Darlinghurst, Australia, Australia},
 keywords = {ICT education, IT graduates, computing education, graduate work experiences, non-technical skills, study-work transition, workplace experience},
}

@inproceedings{Wagh:2017:RCT:3141798.3141808,
 author = {Wagh, Aditi and Gravel, Brian and Tucker-Raymond, Eli},
 title = {The Role of Computational Thinking Practices in Making: How Beginning Youth Makers Encounter \& Appropriate CT Practices in Making},
 booktitle = {Proceedings of the 7th Annual Conference on Creativity and Fabrication in Education},
 series = {FabLearn '17},
 year = {2017},
 isbn = {978-1-4503-6349-5},
 location = {Stanford, CA, USA},
 pages = {9:1--9:8},
 articleno = {9},
 numpages = {8},
 url = {http://doi.acm.org/10.1145/3141798.3141808},
 doi = {10.1145/3141798.3141808},
 acmid = {3141808},
 publisher = {ACM},
 address = {New York, NY, USA},
 keywords = {Computational thinking, digital fabrication, learning, making},
}

@inproceedings{Vahedian:2017:FGE:3139958.3140008,
 author = {Vahedian, Amin and Zhou, Xun and Tong, Ling and Li, Yanhua and Luo, Jun},
 title = {Forecasting Gathering Events Through Continuous Destination Prediction on Big Trajectory Data},
 booktitle = {Proceedings of the 25th ACM SIGSPATIAL International Conference on Advances in Geographic Information Systems},
 series = {SIGSPATIAL '17},
 year = {2017},
 isbn = {978-1-4503-5490-5},
 location = {Redondo Beach, CA, USA},
 pages = {34:1--34:10},
 articleno = {34},
 numpages = {10},
 url = {http://doi.acm.org/10.1145/3139958.3140008},
 doi = {10.1145/3139958.3140008},
 acmid = {3140008},
 publisher = {ACM},
 address = {New York, NY, USA},
 keywords = {Destination Prediction, Gathering Events, Trajectory Mining},
}

@inproceedings{Bajcsy:2018:LPH:3171221.3171267,
 author = {Bajcsy, Andrea and Losey, Dylan P. and O'Malley, Marcia K. and Dragan, Anca D.},
 title = {Learning from Physical Human Corrections, One Feature at a Time},
 booktitle = {Proceedings of the 2018 ACM/IEEE International Conference on Human-Robot Interaction},
 series = {HRI '18},
 year = {2018},
 isbn = {978-1-4503-4953-6},
 location = {Chicago, IL, USA},
 pages = {141--149},
 numpages = {9},
 url = {http://doi.acm.org/10.1145/3171221.3171267},
 doi = {10.1145/3171221.3171267},
 acmid = {3171267},
 publisher = {ACM},
 address = {New York, NY, USA},
 keywords = {human teachers, learning from demonstration, physical human-robot interaction},
}

@inproceedings{Long:2018:ESL:3170358.3170411,
 author = {Long, Yanjin and Holstein, Kenneth and Aleven, Vincent},
 title = {What Exactly Do Students Learn when They Practice Equation Solving?: Refining Knowledge Components with the Additive Factors Model},
 booktitle = {Proceedings of the 8th International Conference on Learning Analytics and Knowledge},
 series = {LAK '18},
 year = {2018},
 isbn = {978-1-4503-6400-3},
 location = {Sydney, New South Wales, Australia},
 pages = {399--408},
 numpages = {10},
 url = {http://doi.acm.org/10.1145/3170358.3170411},
 doi = {10.1145/3170358.3170411},
 acmid = {3170411},
 publisher = {ACM},
 address = {New York, NY, USA},
 keywords = {K-12, educational data mining, equation solving, intelligent tutoring systems, knowledge components, student modeling},
}

@article{Brown:2017:NJP:3090098.2994154,
 author = {Brown, Neil C. C. and Altadmri, Amjad},
 title = {Novice Java Programming Mistakes: Large-Scale Data vs. Educator Beliefs},
 journal = {ACM Trans. Comput. Educ.},
 issue_date = {June 2017},
 volume = {17},
 number = {2},
 month = may,
 year = {2017},
 issn = {1946-6226},
 pages = {7:1--7:21},
 articleno = {7},
 numpages = {21},
 url = {http://doi.acm.org/10.1145/2994154},
 doi = {10.1145/2994154},
 acmid = {2994154},
 publisher = {ACM},
 address = {New York, NY, USA},
 keywords = {Programming mistakes, blackbox, educators, java},
}

@inproceedings{Ferreira:2019:AAT:3297280.3297324,
 author = {Ferreira, M\'{a}rcia Val{\'e}ria Rodrigues and Garc\'{\i}a, Laura S\'{a}nchez and Guedes, Andr{\'e} Luiz Pires and Veronez, Djanira Aparecida da Luz and de Ara\'{u}jo Sandrini, Celia Regina Alves and de Araujo, Carlos Eduardo},
 title = {Anatome: Anatomy Teaching and Learning Designed for All},
 booktitle = {Proceedings of the 34th ACM/SIGAPP Symposium on Applied Computing},
 series = {SAC '19},
 year = {2019},
 isbn = {978-1-4503-5933-7},
 location = {Limassol, Cyprus},
 pages = {474--483},
 numpages = {10},
 url = {http://doi.acm.org/10.1145/3297280.3297324},
 doi = {10.1145/3297280.3297324},
 acmid = {3297324},
 publisher = {ACM},
 address = {New York, NY, USA},
 keywords = {acessibility, anatomical identification, assistive technology, educational technologies, training},
}

@inproceedings{Chua:2019:TAA:3303772.3303811,
 author = {Chua, Yi Han Victoria and Dauwels, Justin and Tan, Seng Chee},
 title = {Technologies for Automated Analysis of Co-located, Real-life, Physical Learning Spaces: Where Are We Now?},
 booktitle = {Proceedings of the 9th International Conference on Learning Analytics \& Knowledge},
 series = {LAK19},
 year = {2019},
 isbn = {978-1-4503-6256-6},
 location = {Tempe, AZ, USA},
 pages = {11--20},
 numpages = {10},
 url = {http://doi.acm.org/10.1145/3303772.3303811},
 doi = {10.1145/3303772.3303811},
 acmid = {3303811},
 publisher = {ACM},
 address = {New York, NY, USA},
 keywords = {Face-to-face classroom analysis, co-located learning, educational data mining, educational technologies, physical learning analytics},
}

@inproceedings{Whalley:2013:RMH:2667199.2667207,
 author = {Whalley, Jacqueline and Kasto, Nadia},
 title = {Revisiting Models of Human Conceptualisation in the Context of a Programming Examination},
 booktitle = {Proceedings of the Fifteenth Australasian Computing Education Conference - Volume 136},
 series = {ACE '13},
 year = {2013},
 isbn = {978-1-921770-21-0},
 location = {Adelaide, Australia},
 pages = {67--76},
 numpages = {10},
 url = {http://dl.acm.org/citation.cfm?id=2667199.2667207},
 acmid = {2667207},
 publisher = {Australian Computer Society, Inc.},
 address = {Darlinghurst, Australia, Australia},
 keywords = {Bloom's taxonomy, SOLO, block model, code comprehension, novice programmers},
}

@inproceedings{Xiao:2018:CAE:3172944.3172954,
 author = {Xiao, Ziang and Wauck, Helen and Peng, Zeya and Ren, Hanfei and Zhang, Lei and Zuo, Shiliang and Yao, Yuqi and Fu, Wai-Tat},
 title = {Cubicle: An Adaptive Educational Gaming Platform for Training Spatial Visualization Skills},
 booktitle = {23rd International Conference on Intelligent User Interfaces},
 series = {IUI '18},
 year = {2018},
 isbn = {978-1-4503-4945-1},
 location = {Tokyo, Japan},
 pages = {91--101},
 numpages = {11},
 url = {http://doi.acm.org/10.1145/3172944.3172954},
 doi = {10.1145/3172944.3172954},
 acmid = {3172954},
 publisher = {ACM},
 address = {New York, NY, USA},
 keywords = {education, game features, learning analytics, player behavior, spatial visualization skills, stem, video games},
}

@inproceedings{Frid:2019:SFE:3290605.3300907,
 author = {Frid, Emma and Lindetorp, Hans and Hansen, Kjetil Falkenberg and Elblaus, Ludvig and Bresin, Roberto},
 title = {Sound Forest: Evaluation of an Accessible Multisensory Music Installation},
 booktitle = {Proceedings of the 2019 CHI Conference on Human Factors in Computing Systems},
 series = {CHI '19},
 year = {2019},
 isbn = {978-1-4503-5970-2},
 location = {Glasgow, Scotland Uk},
 pages = {677:1--677:12},
 articleno = {677},
 numpages = {12},
 url = {http://doi.acm.org/10.1145/3290605.3300907},
 doi = {10.1145/3290605.3300907},
 acmid = {3300907},
 publisher = {ACM},
 address = {New York, NY, USA},
 keywords = {accessible digital musical instruments, evaluation of music systems, haptic feedback, music installations, music production},
}

@inproceedings{Nawaz:2014:MUS:2668332.2668348,
 author = {Nawaz, Sarfraz and Mascolo, Cecilia},
 title = {Mining Users' Significant Driving Routes with Low-power Sensors},
 booktitle = {Proceedings of the 12th ACM Conference on Embedded Network Sensor Systems},
 series = {SenSys '14},
 year = {2014},
 isbn = {978-1-4503-3143-2},
 location = {Memphis, Tennessee},
 pages = {236--250},
 numpages = {15},
 url = {http://doi.acm.org/10.1145/2668332.2668348},
 doi = {10.1145/2668332.2668348},
 acmid = {2668348},
 publisher = {ACM},
 address = {New York, NY, USA},
 keywords = {dynamic time warping, mobile sensing, route sensing, significant journeys},
}

@inproceedings{Boustedt:2008:MES:1404520.1404524,
 author = {Boustedt, Jonas},
 title = {A Methodology for Exploring Students' Experiences and Interaction with Large-scale Software Through Role-play and Phenomenography},
 booktitle = {Proceedings of the Fourth International Workshop on Computing Education Research},
 series = {ICER '08},
 year = {2008},
 isbn = {978-1-60558-216-0},
 location = {Sydney, Australia},
 pages = {27--38},
 numpages = {12},
 url = {http://doi.acm.org/10.1145/1404520.1404524},
 doi = {10.1145/1404520.1404524},
 acmid = {1404524},
 publisher = {ACM},
 address = {New York, NY, USA},
 keywords = {phenomenography, programming, qualitative method, role-play, software},
}

@inproceedings{Velt:2017:STC:3025453.3026022,
 author = {Velt, Raphael and Benford, Steve and Reeves, Stuart},
 title = {A Survey of the Trajectories Conceptual Framework: Investigating Theory Use in HCI},
 booktitle = {Proceedings of the 2017 CHI Conference on Human Factors in Computing Systems},
 series = {CHI '17},
 year = {2017},
 isbn = {978-1-4503-4655-9},
 location = {Denver, Colorado, USA},
 pages = {2091--2105},
 numpages = {15},
 url = {http://doi.acm.org/10.1145/3025453.3026022},
 doi = {10.1145/3025453.3026022},
 acmid = {3026022},
 publisher = {ACM},
 address = {New York, NY, USA},
 keywords = {hci, strong concepts, theory, trajectories},
}

@article{Wang:2017:MDP:3058790.3051128,
 author = {Wang, Liang and Yu, Zhiwen and Guo, Bin and Ku, Tao and Yi, Fei},
 title = {Moving Destination Prediction Using Sparse Dataset: A Mobility Gradient Descent Approach},
 journal = {ACM Trans. Knowl. Discov. Data},
 issue_date = {April 2017},
 volume = {11},
 number = {3},
 month = apr,
 year = {2017},
 issn = {1556-4681},
 pages = {37:1--37:33},
 articleno = {37},
 numpages = {33},
 url = {http://doi.acm.org/10.1145/3051128},
 doi = {10.1145/3051128},
 acmid = {3051128},
 publisher = {ACM},
 address = {New York, NY, USA},
 keywords = {Markov transition model, Moving destination prediction, gradient descent, space division, sparse dataset},
}

@article{Erhan:2010:WUP:1756006.1756025,
 author = {Erhan, Dumitru and Bengio, Yoshua and Courville, Aaron and Manzagol, Pierre-Antoine and Vincent, Pascal and Bengio, Samy},
 title = {Why Does Unsupervised Pre-training Help Deep Learning?},
 journal = {J. Mach. Learn. Res.},
 issue_date = {3/1/2010},
 volume = {11},
 month = mar,
 year = {2010},
 issn = {1532-4435},
 pages = {625--660},
 numpages = {36},
 url = {http://dl.acm.org/citation.cfm?id=1756006.1756025},
 acmid = {1756025},
 publisher = {JMLR.org},
}

@article{Schiratti:2017:BMM:3122009.3208014,
 author = {Schiratti, Jean-Baptiste and Allassonni\`{e}re, St{\'e}phanie and Colliot, Olivier and Durrleman, Stanley},
 title = {A Bayesian Mixed-effects Model to Learn Trajectories of Changes from Repeated Manifold-valued Observations},
 journal = {J. Mach. Learn. Res.},
 issue_date = {January 2017},
 volume = {18},
 number = {1},
 month = jan,
 year = {2017},
 issn = {1532-4435},
 pages = {4840--4872},
 numpages = {33},
 url = {http://dl.acm.org/citation.cfm?id=3122009.3208014},
 acmid = {3208014},
 publisher = {JMLR.org},
 keywords = {Riemannian geometry, longitudinal model, spatiotemporal analysis, stochastic expectation-maximization algorithm},
}

@article{Grover:2017:FUH:3135995.3105910,
 author = {Grover, Shuchi and Basu, Satabdi and Bienkowski, Marie and Eagle, Michael and Diana, Nicholas and Stamper, John},
 title = {A Framework for Using Hypothesis-Driven Approaches to Support Data-Driven Learning Analytics in Measuring Computational Thinking in Block-Based Programming Environments},
 journal = {ACM Trans. Comput. Educ.},
 issue_date = {August 2017},
 volume = {17},
 number = {3},
 month = aug,
 year = {2017},
 issn = {1946-6226},
 pages = {14:1--14:25},
 articleno = {14},
 numpages = {25},
 url = {http://doi.acm.org/10.1145/3105910},
 doi = {10.1145/3105910},
 acmid = {3105910},
 publisher = {ACM},
 address = {New York, NY, USA},
 keywords = {Blended learning analytics, K-12 computer science education, block-based programming environments, computational psychometrics, data-driven, evidence-centered design, hypothesis-driven},
}

@article{Akhter:2012:BSB:2159516.2159523,
 author = {Akhter, Ijaz and Simon, Tomas and Khan, Sohaib and Matthews, Iain and Sheikh, Yaser},
 title = {Bilinear Spatiotemporal Basis Models},
 journal = {ACM Trans. Graph.},
 issue_date = {April 2012},
 volume = {31},
 number = {2},
 month = apr,
 year = {2012},
 issn = {0730-0301},
 pages = {17:1--17:12},
 articleno = {17},
 numpages = {12},
 url = {http://doi.acm.org/10.1145/2159516.2159523},
 doi = {10.1145/2159516.2159523},
 acmid = {2159523},
 publisher = {ACM},
 address = {New York, NY, USA},
 keywords = {Bilinear models, motion capture, motion data, spatiotemporal},
}

@inproceedings{Sun:2018:COL:3173574.3173866,
 author = {Sun, Na and Rosson, Mary Beth and Carroll, John M.},
 title = {Where is Community Among Online Learners?: Identity, Efficacy and Personal Ties},
 booktitle = {Proceedings of the 2018 CHI Conference on Human Factors in Computing Systems},
 series = {CHI '18},
 year = {2018},
 isbn = {978-1-4503-5620-6},
 location = {Montreal QC, Canada},
 pages = {292:1--292:13},
 articleno = {292},
 numpages = {13},
 url = {http://doi.acm.org/10.1145/3173574.3173866},
 doi = {10.1145/3173574.3173866},
 acmid = {3173866},
 publisher = {ACM},
 address = {New York, NY, USA},
 keywords = {collective efficacy, distance education, online community, sense of community},
}

@article{Crossan:2008:MTP:1408760.1408766,
 author = {Crossan, Andrew and Brewster, Stephen},
 title = {Multimodal Trajectory Playback for Teaching Shape Information and Trajectories to Visually Impaired Computer Users},
 journal = {ACM Trans. Access. Comput.},
 issue_date = {October 2008},
 volume = {1},
 number = {2},
 month = oct,
 year = {2008},
 issn = {1936-7228},
 pages = {12:1--12:34},
 articleno = {12},
 numpages = {34},
 url = {http://doi.acm.org/10.1145/1408760.1408766},
 doi = {10.1145/1408760.1408766},
 acmid = {1408766},
 publisher = {ACM},
 address = {New York, NY, USA},
 keywords = {Accessibility, evaluation, multimodal, trajectory playback},
}

@article{Ryoo:2019:PSC:3345033.3322210,
 author = {Ryoo, Jean J.},
 title = {Pedagogy That Supports Computer Science for All},
 journal = {ACM Trans. Comput. Educ.},
 issue_date = {July 2019},
 volume = {19},
 number = {4},
 month = jul,
 year = {2019},
 issn = {1946-6226},
 pages = {36:1--36:23},
 articleno = {36},
 numpages = {23},
 url = {http://doi.acm.org/10.1145/3322210},
 doi = {10.1145/3322210},
 acmid = {3322210},
 publisher = {ACM},
 address = {New York, NY, USA},
 keywords = {CS for All, Pedagogy, engagement, equity},
}

@article{Elibol:2016:CUL:2946645.3007086,
 author = {Elibol, Huseyin Melih and Nguyen, Vincent and Linderman, Scott and Johnson, Matthew and Hashmi, Amna and Doshi-Velez, Finale},
 title = {Cross-corpora Unsupervised Learning of Trajectories in Autism Spectrum Disorders},
 journal = {J. Mach. Learn. Res.},
 issue_date = {January 2016},
 volume = {17},
 number = {1},
 month = jan,
 year = {2016},
 issn = {1532-4435},
 pages = {4597--4634},
 numpages = {38},
 url = {http://dl.acm.org/citation.cfm?id=2946645.3007086},
 acmid = {3007086},
 publisher = {JMLR.org},
 keywords = {disease progression model, dynamic topic model},
}

@inproceedings{Lee:2006:HIC:1180875.1180950,
 author = {Lee, Charlotte P. and Dourish, Paul and Mark, Gloria},
 title = {The Human Infrastructure of Cyberinfrastructure},
 booktitle = {Proceedings of the 2006 20th Anniversary Conference on Computer Supported Cooperative Work},
 series = {CSCW '06},
 year = {2006},
 isbn = {1-59593-249-6},
 location = {Banff, Alberta, Canada},
 pages = {483--492},
 numpages = {10},
 url = {http://doi.acm.org/10.1145/1180875.1180950},
 doi = {10.1145/1180875.1180950},
 acmid = {1180950},
 publisher = {ACM},
 address = {New York, NY, USA},
 keywords = {collaboratories, cyberinfrastructure, infrastructure, teams},
}

@article{Molinaro:2014:PPA:2659232.2633685,
 author = {Molinaro, Cristian and Moscato, Vincenzo and Picariello, Antonio and Pugliese, Andrea and Rullo, Antonino and Subrahmanian, V. S.},
 title = {PADUA: Parallel Architecture to Detect Unexplained Activities},
 journal = {ACM Trans. Internet Technol.},
 issue_date = {July 2014},
 volume = {14},
 number = {1},
 month = aug,
 year = {2014},
 issn = {1533-5399},
 pages = {3:1--3:28},
 articleno = {3},
 numpages = {28},
 url = {http://doi.acm.org/10.1145/2633685},
 doi = {10.1145/2633685},
 acmid = {2633685},
 publisher = {ACM},
 address = {New York, NY, USA},
 keywords = {Activity detection, parallel computation, temporal stochastic automata, unexplained activities},
}

@inproceedings{Mugar:2015:POC:2768545.2768555,
 author = {Mugar, Gabriel and \Osterlund, Carsten and Jackson, Corey Brian and Crowston, Kevin},
 title = {Being Present in Online Communities: Learning in Citizen Science},
 booktitle = {Proceedings of the 7th International Conference on Communities and Technologies},
 series = {C\&\#38;T '15},
 year = {2015},
 isbn = {978-1-4503-3460-0},
 location = {Limerick, Ireland},
 pages = {129--138},
 numpages = {10},
 url = {http://doi.acm.org/10.1145/2768545.2768555},
 doi = {10.1145/2768545.2768555},
 acmid = {2768555},
 publisher = {ACM},
 address = {New York, NY, USA},
 keywords = {citizen science, situated learning, sociomateriality},
}

@article{Wirth:2017:SPR:3122009.3208017,
 author = {Wirth, Christian and Akrour, Riad and Neumann, Gerhard and F\"{u}rnkranz, Johannes},
 title = {A Survey of Preference-based Reinforcement Learning Methods},
 journal = {J. Mach. Learn. Res.},
 issue_date = {January 2017},
 volume = {18},
 number = {1},
 month = jan,
 year = {2017},
 issn = {1532-4435},
 pages = {4945--4990},
 numpages = {46},
 url = {http://dl.acm.org/citation.cfm?id=3122009.3208017},
 acmid = {3208017},
 publisher = {JMLR.org},
 keywords = {Markov decision process, policy search, preference learning, preference-based reinforcement learning, qualitative feedback, reinforcement learning, temporal difference learning},
}

@article{Theodorou:2010:GPI:1756006.1953033,
 author = {Theodorou, Evangelos and Buchli, Jonas and Schaal, Stefan},
 title = {A Generalized Path Integral Control Approach to Reinforcement Learning},
 journal = {J. Mach. Learn. Res.},
 issue_date = {3/1/2010},
 volume = {11},
 month = dec,
 year = {2010},
 issn = {1532-4435},
 pages = {3137--3181},
 numpages = {45},
 url = {http://dl.acm.org/citation.cfm?id=1756006.1953033},
 acmid = {1953033},
 publisher = {JMLR.org},
}

@techreport{K-12ComputerScienceFrameworkSteeringCommittee:2016:KCS:3079760,
 author = {K-12 Computer Science Framework Steering Committee},
 title = {K-12 Computer Science Framework},
 year = {2016},
 isbn = {978-1-4503-5278-9},
 publisher = {ACM},
 address = {New York, NY, USA},
}

@article{Atluri:2018:SDM:3236632.3161602,
 author = {Atluri, Gowtham and Karpatne, Anuj and Kumar, Vipin},
 title = {Spatio-Temporal Data Mining: A Survey of Problems and Methods},
 journal = {ACM Comput. Surv.},
 issue_date = {September 2018},
 volume = {51},
 number = {4},
 month = aug,
 year = {2018},
 issn = {0360-0300},
 pages = {83:1--83:41},
 articleno = {83},
 numpages = {41},
 url = {http://doi.acm.org/10.1145/3161602},
 doi = {10.1145/3161602},
 acmid = {3161602},
 publisher = {ACM},
 address = {New York, NY, USA},
 keywords = {Data mining, geographic data, rasters, spatial data, spatiotemporal data, time-series},
}

@proceedings{Barnes:2018:3159450,
 title = {SIGCSE '18: Proceedings of the 49th ACM Technical Symposium on Computer Science Education},
 year = {2018},
 isbn = {978-1-4503-5103-4},
 location = {Baltimore, Maryland, USA},
 publisher = {ACM},
 address = {New York, NY, USA},
}

@book{Misa:2016:CCC:2973856,
 author = {Misa, Thomas J.},
 title = {Communities of Computing: Computer Science and Society in the ACM},
 year = {2017},
 isbn = {978-1-97000-187-7},
 publisher = {Association for Computing Machinery and Morgan \&\#38; Claypool},
 address = {New York, NY, USA},
}

