@inproceedings{Dobai:2005:PMC:1178477.1178575,
 author = {Dobai, Iulia and Rothkrantz, Leon and van der Mast, Charles},
 title = {Personality Model for a Companion AIBO},
 booktitle = {Proceedings of the 2005 ACM SIGCHI International Conference on Advances in Computer Entertainment Technology},
 series = {ACE '05},
 year = {2005},
 isbn = {1-59593-110-4},
 location = {Valencia, Spain},
 pages = {438--441},
 numpages = {4},
 url = {http://doi.acm.org/10.1145/1178477.1178575},
 doi = {10.1145/1178477.1178575},
 acmid = {1178575},
 publisher = {ACM},
 address = {New York, NY, USA},
 keywords = {AIBO-robot, companion robot, human-computer interaction, personality modeling},
}

@inproceedings{McLean:1993:SJA:158011.158117,
 author = {McLean, Ephraim R. and Bryan, Norman B. and Tanner, John R. and Smits, Stanley J.},
 title = {The Structure of Job Attitudes Among Entry-level I/S Professionals: A Path-analytic Analysis},
 booktitle = {Proceedings of the 1993 Conference on Computer Personnel Research},
 series = {SIGCPR '93},
 year = {1993},
 isbn = {0-89791-572-0},
 location = {St Louis, Missouri, USA},
 pages = {27--36},
 numpages = {10},
 url = {http://doi.acm.org/10.1145/158011.158117},
 doi = {10.1145/158011.158117},
 acmid = {158117},
 publisher = {ACM},
 address = {New York, NY, USA},
}

@inproceedings{Smits:1993:JCP:158011.158130,
 author = {Smits, Stanley J. and Tanner, John R. and McLean, Ephraim R.},
 title = {Job Characteristic Preference-reality Discrepancies and the Job and Career Attitudes of I/S Professionals},
 booktitle = {Proceedings of the 1993 Conference on Computer Personnel Research},
 series = {SIGCPR '93},
 year = {1993},
 isbn = {0-89791-572-0},
 location = {St Louis, Missouri, USA},
 pages = {120--130},
 numpages = {11},
 url = {http://doi.acm.org/10.1145/158011.158130},
 doi = {10.1145/158011.158130},
 acmid = {158130},
 publisher = {ACM},
 address = {New York, NY, USA},
}

@inproceedings{Kim:2017:IML:3160908.3160910,
 author = {Kim, Sang Tran},
 title = {Investigate the Motive and Learning Needs of Those Studying at the Charitable Classrooms in Binh Duong Province, Viet Nam},
 booktitle = {Proceedings of the 2017 International Conference on Education and E-Learning},
 series = {ICEEL 2017},
 year = {2017},
 isbn = {978-1-4503-5377-9},
 location = {Bangkok, Thailand},
 pages = {54--58},
 numpages = {5},
 url = {http://doi.acm.org/10.1145/3160908.3160910},
 doi = {10.1145/3160908.3160910},
 acmid = {3160910},
 publisher = {ACM},
 address = {New York, NY, USA},
 keywords = {Motive, disadvantaged group, education management, learning needs},
}

@article{Toledo:1983:LMD:1098796.1098797,
 author = {Toledo, Ramon A. Mata and Unger, Elizabeth A.},
 title = {Another Look at Motivating Data Processing Professionals},
 journal = {SIGUCCS Newsl.},
 issue_date = {Fall 1983},
 volume = {13},
 number = {3},
 month = sep,
 year = {1983},
 issn = {0736-6892},
 pages = {7--11},
 numpages = {5},
 url = {http://doi.acm.org/10.1145/1098796.1098797},
 doi = {10.1145/1098796.1098797},
 acmid = {1098797},
 publisher = {ACM},
 address = {New York, NY, USA},
}

@inproceedings{Razak:2006:MPT:1274892.1274908,
 author = {Razak, Fariza H. A. and Dix, Alan},
 title = {Mobile Phone: A Tool for Expressing Co-actualisation},
 booktitle = {Proceedings of the 13th Eurpoean Conference on Cognitive Ergonomics: Trust and Control in Complex Socio-technical Systems},
 series = {ECCE '06},
 year = {2006},
 isbn = {978-3-906509-23-5},
 location = {Zurich, Switzerland},
 pages = {100--104},
 numpages = {5},
 url = {http://doi.acm.org/10.1145/1274892.1274908},
 doi = {10.1145/1274892.1274908},
 acmid = {1274908},
 publisher = {ACM},
 address = {New York, NY, USA},
 keywords = {co-actualisation, human needs, identity, maslow's hierarchy, mobile phone, mundane phone-mediated activities, women},
}

@inproceedings{Wyman:1973:TSM:800293.811559,
 author = {Wyman, F. Paul and Slocum,Jr., John W. and Reed, Richard R.},
 title = {Towards a Simulation Model of Motivation and Adjustment},
 booktitle = {Proceedings of the 6th Conference on Winter Simulation},
 series = {WSC '73},
 year = {1973},
 location = {San Francisco, CA},
 pages = {3--12},
 numpages = {10},
 url = {http://doi.acm.org/10.1145/800293.811559},
 doi = {10.1145/800293.811559},
 acmid = {811559},
 publisher = {ACM},
 address = {New York, NY, USA},
}

@article{Harr:2005:FSU:1071713.1071715,
 author = {Harr, Randy},
 title = {On Feeling Secure in an Unsafe World},
 journal = {Queue},
 issue_date = {June 2005},
 volume = {3},
 number = {5},
 month = jun,
 year = {2005},
 issn = {1542-7730},
 pages = {8--8},
 numpages = {1},
 url = {http://doi.acm.org/10.1145/1071713.1071715},
 doi = {10.1145/1071713.1071715},
 acmid = {1071715},
 publisher = {ACM},
 address = {New York, NY, USA},
}

@article{MataToledo:1985:LMD:1036354.1036355,
 author = {Mata Toledo, Ramon A. and Unger, Elizabeth A.},
 title = {Another Look at Motivating Data Processing Professionals},
 journal = {SIGCPR Comput. Pers.},
 issue_date = {January 1985},
 volume = {10},
 number = {1},
 month = jan,
 year = {1985},
 issn = {0160-2497},
 pages = {1--7},
 numpages = {7},
 url = {http://doi.acm.org/10.1145/1036354.1036355},
 doi = {10.1145/1036354.1036355},
 acmid = {1036355},
 publisher = {ACM},
 address = {New York, NY, USA},
}

@inproceedings{Chen:2017:EST:3027063.3048434,
 author = {Chen, Runyuan and Joya, Aaron and Choi, Lee Na and Choi, Shin Young},
 title = {An Exploration of Self-Transcendence Through Solo-Travel},
 booktitle = {Proceedings of the 2017 CHI Conference Extended Abstracts on Human Factors in Computing Systems},
 series = {CHI EA '17},
 year = {2017},
 isbn = {978-1-4503-4656-6},
 location = {Denver, Colorado, USA},
 pages = {100--105},
 numpages = {6},
 url = {http://doi.acm.org/10.1145/3027063.3048434},
 doi = {10.1145/3027063.3048434},
 acmid = {3048434},
 publisher = {ACM},
 address = {New York, NY, USA},
 keywords = {design framework, methodology, self-transcendence, spirituality},
}

@inproceedings{Gallula:2014:UED:2637248.2742999,
 author = {Gallula, David and Frank, Ariel J.},
 title = {User Empowering Design},
 booktitle = {Proceedings of the 2014 European Conference on Cognitive Ergonomics},
 series = {ECCE '14},
 year = {2014},
 isbn = {978-1-4503-2874-6},
 location = {Vienna, Austria},
 pages = {38:1--38:3},
 articleno = {38},
 numpages = {3},
 url = {http://doi.acm.org/10.1145/2637248.2742999},
 doi = {10.1145/2637248.2742999},
 acmid = {2742999},
 publisher = {ACM},
 address = {New York, NY, USA},
 keywords = {Hierarchy of Human Needs, User-centered Design},
}

@inproceedings{vanBiljon:2008:MPU:1517744.1517761,
 author = {van Biljon, Judy and Kotz{\'e}, Paula and Renaud, Karen},
 title = {Mobile Phone Usage of Young Adults: The Impact of Motivational Factors},
 booktitle = {Proceedings of the 20th Australasian Conference on Computer-Human Interaction: Designing for Habitus and Habitat},
 series = {OZCHI '08},
 year = {2008},
 isbn = {0-9803063-4-5},
 location = {Cairns, Australia},
 pages = {57--64},
 numpages = {8},
 url = {http://doi.acm.org/10.1145/1517744.1517761},
 doi = {10.1145/1517744.1517761},
 acmid = {1517761},
 publisher = {ACM},
 address = {New York, NY, USA},
 keywords = {mobile phone features, mobile phone usage, motivational factors},
}

@inproceedings{Frey:2018:RBS:3267305.3267701,
 author = {Frey, J{\'e}r{\'e}my and Cauchard, Jessica R.},
 title = {Remote Biofeedback Sharing, Opportunities and Challenges},
 booktitle = {Proceedings of the 2018 ACM International Joint Conference and 2018 International Symposium on Pervasive and Ubiquitous Computing and Wearable Computers},
 series = {UbiComp '18},
 year = {2018},
 isbn = {978-1-4503-5966-5},
 location = {Singapore, Singapore},
 pages = {730--733},
 numpages = {4},
 url = {http://doi.acm.org/10.1145/3267305.3267701},
 doi = {10.1145/3267305.3267701},
 acmid = {3267701},
 publisher = {ACM},
 address = {New York, NY, USA},
 keywords = {Biofeedback, Remote Communication, Tangible interface},
}

@inproceedings{Thomas:1990:LDC:99186.99270,
 author = {Thomas, Frank B.},
 title = {Leadership, the Development Cycle, Maturity \&Amp; Power},
 booktitle = {Proceedings of the 18th Annual ACM SIGUCCS Conference on User Services},
 series = {SIGUCCS '90},
 year = {1990},
 isbn = {0-89791-406-6},
 location = {Cincinnati, Ohio, USA},
 pages = {399--402},
 numpages = {4},
 url = {http://doi.acm.org/10.1145/99186.99270},
 doi = {10.1145/99186.99270},
 acmid = {99270},
 publisher = {ACM},
 address = {New York, NY, USA},
}

@inproceedings{Sahib:2009:WSP:1599503.1599533,
 author = {Sahib, Zina and Vassileva, Julita},
 title = {WISETales: Sharing Personal Stories As Informal Learning Experience for Women in Science and Engineering},
 booktitle = {Proceedings of the 9th International Conference on Computer Supported Collaborative Learning - Volume 2},
 series = {CSCL'09},
 year = {2009},
 isbn = {978-1-4092-8598-4},
 location = {Rhodes, Greece},
 pages = {88--90},
 numpages = {3},
 url = {http://dl.acm.org/citation.cfm?id=1599503.1599533},
 acmid = {1599533},
 publisher = {International Society of the Learning Sciences},
}

@article{Baecker:2012:TAG:2168931.2168940,
 author = {Baecker, Ronald M. and Moffatt, Karyn and Massimi, Michael},
 title = {Technologies for Aging Gracefully},
 journal = {interactions},
 issue_date = {May + June 2012},
 volume = {19},
 number = {3},
 month = may,
 year = {2012},
 issn = {1072-5520},
 pages = {32--36},
 numpages = {5},
 url = {http://doi.acm.org/10.1145/2168931.2168940},
 doi = {10.1145/2168931.2168940},
 acmid = {2168940},
 publisher = {ACM},
 address = {New York, NY, USA},
}

@article{Molzberger:1987:ISP:25281.1044304,
 author = {Molzberger, Peter},
 title = {THE INTUITIVE SIDE OF PROGRAMMING},
 journal = {SIGCHI Bull.},
 issue_date = {Jan. 1987},
 volume = {18},
 number = {3},
 month = jan,
 year = {1987},
 issn = {0736-6906},
 pages = {71--72},
 numpages = {2},
 url = {http://doi.acm.org/10.1145/25281.1044304},
 doi = {10.1145/25281.1044304},
 acmid = {1044304},
 publisher = {ACM},
 address = {New York, NY, USA},
}

@inproceedings{Bellotti:2015:MMM:2702123.2702272,
 author = {Bellotti, Victoria and Ambard, Alexander and Turner, Daniel and Gossmann, Christina and Demkova, Kamila and Carroll, John M.},
 title = {A Muddle of Models of Motivation for Using Peer-to-Peer Economy Systems},
 booktitle = {Proceedings of the 33rd Annual ACM Conference on Human Factors in Computing Systems},
 series = {CHI '15},
 year = {2015},
 isbn = {978-1-4503-3145-6},
 location = {Seoul, Republic of Korea},
 pages = {1085--1094},
 numpages = {10},
 url = {http://doi.acm.org/10.1145/2702123.2702272},
 doi = {10.1145/2702123.2702272},
 acmid = {2702272},
 publisher = {ACM},
 address = {New York, NY, USA},
 keywords = {field study, peer-to-peer economy, user experience design},
}

@inproceedings{Wulfing:2011:MCE:2140499.2140514,
 author = {W\"{u}lfing, Jan-Oliver and Hoffmann, Lisa},
 title = {What Does It Mean to Communicate (Not) Emotionally?},
 booktitle = {Proceedings of the Second Workshop on Speech and Language Processing for Assistive Technologies},
 series = {SLPAT '11},
 year = {2011},
 isbn = {978-1-937284-14-5},
 location = {Edinburgh, Scotland},
 pages = {94--100},
 numpages = {7},
 url = {http://dl.acm.org/citation.cfm?id=2140499.2140514},
 acmid = {2140514},
 publisher = {Association for Computational Linguistics},
 address = {Stroudsburg, PA, USA},
}

@article{Haws:1982:CFC:1098757.1098759,
 author = {Haws, Donald R.},
 title = {The Care and Feeding of the Creative Worker},
 journal = {SIGUCCS Newsl.},
 issue_date = {Spring 1982},
 volume = {12},
 number = {1},
 month = apr,
 year = {1982},
 issn = {0736-6892},
 pages = {7--8},
 numpages = {2},
 url = {http://doi.acm.org/10.1145/1098757.1098759},
 doi = {10.1145/1098757.1098759},
 acmid = {1098759},
 publisher = {ACM},
 address = {New York, NY, USA},
}

@inproceedings{Murray-Rust:2015:LSC:2757226.2757381,
 author = {Murray-Rust, Dave and von Jungenfeld, Rocio},
 title = {Lichtsuchende: A Society of Cybernetic, Phototropic Sunflowers},
 booktitle = {Proceedings of the 2015 ACM SIGCHI Conference on Creativity and Cognition},
 series = {C\&\#38;C '15},
 year = {2015},
 isbn = {978-1-4503-3598-0},
 location = {Glasgow, United Kingdom},
 pages = {375--376},
 numpages = {2},
 url = {http://doi.acm.org/10.1145/2757226.2757381},
 doi = {10.1145/2757226.2757381},
 acmid = {2757381},
 publisher = {ACM},
 address = {New York, NY, USA},
 keywords = {a-life, actor network theory, cybernetics, interaction design},
}

@inproceedings{Goles:2001:VEL:371209.371216,
 author = {Goles, Tim},
 title = {A View from the Entry Level: Student Perceptions of Critical Information Systems Job Attributes},
 booktitle = {Proceedings of the 2001 ACM SIGCPR Conference on Computer Personnel Research},
 series = {SIGCPR '01},
 year = {2001},
 isbn = {1-58113-363-4},
 location = {San Diego, California, USA},
 pages = {57--64},
 numpages = {8},
 url = {http://doi.acm.org/10.1145/371209.371216},
 doi = {10.1145/371209.371216},
 acmid = {371216},
 publisher = {ACM},
 address = {New York, NY, USA},
 keywords = {IT labor shortages, IT workforce, job attributes, recruiting strategies, recruitment},
}

@inproceedings{Palliam:2009:IVD:1836029.1836046,
 author = {Palliam, Ralph},
 title = {Identity, Variety and Destiny in Productive e-Learning with Specific Reference to Desired Learning Outcomes},
 booktitle = {Proceedings of the First Kuwait Conference on e-Services and e-Systems},
 series = {eConf '09},
 year = {2009},
 isbn = {978-1-60558-797-4},
 location = {Kuwait},
 pages = {17:1--17:7},
 articleno = {17},
 numpages = {7},
 url = {http://doi.acm.org/10.1145/1836029.1836046},
 doi = {10.1145/1836029.1836046},
 acmid = {1836046},
 publisher = {ACM},
 address = {New York, NY, USA},
 keywords = {axiology, cultural capital, desired learning outcomes, epistemology, flexible learning, hierarchy of needs, human capital, linear curriculum, pedagogy, social capital},
}

@inproceedings{Sauermann:2018:ABE:3282308.3282328,
 author = {Sauermann, Victor and Frey, Frank and Kopf, Michael},
 title = {Architecture Board: Extension to Architecture Management Overview Paper on EuroPLoP'17},
 booktitle = {Proceedings of the 23rd European Conference on Pattern Languages of Programs},
 series = {EuroPLoP '18},
 year = {2018},
 isbn = {978-1-4503-6387-7},
 location = {Irsee, Germany},
 pages = {19:1--19:5},
 articleno = {19},
 numpages = {5},
 url = {http://doi.acm.org/10.1145/3282308.3282328},
 doi = {10.1145/3282308.3282328},
 acmid = {3282328},
 publisher = {ACM},
 address = {New York, NY, USA},
 keywords = {Architecture management, Standardization},
}

@inproceedings{Chow:2017:SGM:3034950.3034955,
 author = {Chow, Isaac and Huang, LiGuo},
 title = {A Software Gamification Model for Cross-Cultural Software Development Teams},
 booktitle = {Proceedings of the 2017 International Conference on Management Engineering, Software Engineering and Service Sciences},
 series = {ICMSS '17},
 year = {2017},
 isbn = {978-1-4503-4834-8},
 location = {Wuhan, China},
 pages = {1--8},
 numpages = {8},
 url = {http://doi.acm.org/10.1145/3034950.3034955},
 doi = {10.1145/3034950.3034955},
 acmid = {3034955},
 publisher = {ACM},
 address = {New York, NY, USA},
 keywords = {CMM levels, Game mechanics, applied psychology, social software engineering},
}

@inproceedings{ElRhalibi:2005:EAM:1178477.1178498,
 author = {El Rhalibi, Abdennour and Baker, Nick and Merabti, Madjid},
 title = {Emotional Agent Model and Architecture for NPCs Group Control and Interaction to Facilitate Leadership Roles in Computer Entertainment},
 booktitle = {Proceedings of the 2005 ACM SIGCHI International Conference on Advances in Computer Entertainment Technology},
 series = {ACE '05},
 year = {2005},
 isbn = {1-59593-110-4},
 location = {Valencia, Spain},
 pages = {156--163},
 numpages = {8},
 url = {http://doi.acm.org/10.1145/1178477.1178498},
 doi = {10.1145/1178477.1178498},
 acmid = {1178498},
 publisher = {ACM},
 address = {New York, NY, USA},
 keywords = {FSM, IPD, NPC, RBS, computer entertainment, emotional model, game application, norms, team behaviour},
}

@inproceedings{Wrigley:1970:DHR:800162.805177,
 author = {Wrigley, Bruce H.},
 title = {The Dynamics of the Human Resource},
 booktitle = {Proceedings of the Eighth Annual SIGCPR Conference},
 series = {SIGCPR '70},
 year = {1970},
 location = {College Park, Maryland, USA},
 pages = {144--168},
 numpages = {25},
 url = {http://doi.acm.org/10.1145/800162.805177},
 doi = {10.1145/800162.805177},
 acmid = {805177},
 publisher = {ACM},
 address = {New York, NY, USA},
}

@article{Jiang:1995:DCO:219716.219719,
 author = {Jiang, James J. and Klein, Gary and Balloun, Joseph},
 title = {The Diverse Career Orientations of MIS Personnel},
 journal = {SIGCPR Comput. Pers.},
 issue_date = {Oct. 1995},
 volume = {16},
 number = {4},
 month = oct,
 year = {1995},
 issn = {0160-2497},
 pages = {3--14},
 numpages = {12},
 url = {http://doi.acm.org/10.1145/219716.219719},
 doi = {10.1145/219716.219719},
 acmid = {219719},
 publisher = {ACM},
 address = {New York, NY, USA},
}

@inproceedings{Swan:2018:BES:3211933.3211942,
 author = {Swan, Melanie},
 title = {Blockchain Enlightenment and Smart City Cryptopolis},
 booktitle = {Proceedings of the 1st Workshop on Cryptocurrencies and Blockchains for Distributed Systems},
 series = {CryBlock'18},
 year = {2018},
 isbn = {978-1-4503-5838-5},
 location = {Munich, Germany},
 pages = {48--53},
 numpages = {6},
 url = {http://doi.acm.org/10.1145/3211933.3211942},
 doi = {10.1145/3211933.3211942},
 acmid = {3211942},
 publisher = {ACM},
 address = {New York, NY, USA},
 keywords = {Blockchain technology, crypto-enlightenment, cryptopolis},
}

@inproceedings{Hamouda:2011:FIA:1979742.1979503,
 author = {Hamouda, Hoda A. and Hussein, Mariam M. and Sharaf-El-Deen, Mohamed H. and Abdel-Aziz, Nermeen M. and Hanna, Shady M.},
 title = {Face-back: Who is the Illiterate Again?},
 booktitle = {CHI '11 Extended Abstracts on Human Factors in Computing Systems},
 series = {CHI EA '11},
 year = {2011},
 isbn = {978-1-4503-0268-5},
 location = {Vancouver, BC, Canada},
 pages = {953--958},
 numpages = {6},
 url = {http://doi.acm.org/10.1145/1979742.1979503},
 doi = {10.1145/1979742.1979503},
 acmid = {1979503},
 publisher = {ACM},
 address = {New York, NY, USA},
 keywords = {NGOs, culture, handcrafts, illiteracy, localized service, microfinance, user-centered design, web-based service},
}

@inproceedings{Naufal:2019:DTA:3332324.3332337,
 author = {Naufal, Ahmad A. and Suzianti, Amalia},
 title = {Design Thinking Approach for Product Innovation Design of Educational Toys},
 booktitle = {Proceedings of the 2019 5th International Conference on E-business and Mobile Commerce},
 series = {ICEMC 2019},
 year = {2019},
 isbn = {978-1-4503-7182-7},
 location = {Taichung, Taiwan},
 pages = {69--74},
 numpages = {6},
 url = {http://doi.acm.org/10.1145/3332324.3332337},
 doi = {10.1145/3332324.3332337},
 acmid = {3332337},
 publisher = {ACM},
 address = {New York, NY, USA},
 keywords = {Child Development, Customer Journey Map, Design Thinking, Educational Toys, Empathy Mapping, Play Pyramid, SCAMPER, Usability Testing},
}

@article{Hall:2009:SRT:1525880.1525883,
 author = {Hall, Tracy and Baddoo, Nathan and Beecham, Sarah and Robinson, Hugh and Sharp, Helen},
 title = {A Systematic Review of Theory Use in Studies Investigating the Motivations of Software Engineers},
 journal = {ACM Trans. Softw. Eng. Methodol.},
 issue_date = {May 2009},
 volume = {18},
 number = {3},
 month = jun,
 year = {2009},
 issn = {1049-331X},
 pages = {10:1--10:29},
 articleno = {10},
 numpages = {29},
 url = {http://doi.acm.org/10.1145/1525880.1525883},
 doi = {10.1145/1525880.1525883},
 acmid = {1525883},
 publisher = {ACM},
 address = {New York, NY, USA},
 keywords = {Motivation, software engineering},
}

@inproceedings{Wigand:2008:WBI:1409540.1409550,
 author = {Wigand, Rolf T. and Benjamin, Robert I. and Birkland, Johanna L. H.},
 title = {Web 2.0 and Beyond: Implications for Electronic Commerce},
 booktitle = {Proceedings of the 10th International Conference on Electronic Commerce},
 series = {ICEC '08},
 year = {2008},
 isbn = {978-1-60558-075-3},
 location = {Innsbruck, Austria},
 pages = {7:1--7:5},
 articleno = {7},
 numpages = {5},
 url = {http://doi.acm.org/10.1145/1409540.1409550},
 doi = {10.1145/1409540.1409550},
 acmid = {1409550},
 publisher = {ACM},
 address = {New York, NY, USA},
 keywords = {electronic commerce, human needs, web 2.0},
}

@article{Shneiderman:2002:UHR:566981.566982,
 author = {Shneiderman, Ben},
 title = {Understanding Human Reactivites and Relationships: An Excerpt from Leonardo's Laptop},
 journal = {interactions},
 issue_date = {September 2002},
 volume = {9},
 number = {5},
 month = sep,
 year = {2002},
 issn = {1072-5520},
 pages = {40--53},
 numpages = {14},
 url = {http://doi.acm.org/10.1145/566981.566982},
 doi = {10.1145/566981.566982},
 acmid = {566982},
 publisher = {ACM},
 address = {New York, NY, USA},
}

@inproceedings{Chaplin:2004:IEN:1067343.1067349,
 author = {Chaplin, David Joseph and Rhalibi, Abdennour El},
 title = {IPD for Emotional NPC Societies in Games},
 booktitle = {Proceedings of the 2004 ACM SIGCHI International Conference on Advances in Computer Entertainment Technology},
 series = {ACE '04},
 year = {2004},
 isbn = {1-58113-882-2},
 location = {Singapore},
 pages = {51--60},
 numpages = {10},
 url = {http://doi.acm.org/10.1145/1067343.1067349},
 doi = {10.1145/1067343.1067349},
 acmid = {1067349},
 publisher = {ACM},
 address = {New York, NY, USA},
 keywords = {RBS, emotional models, multi-agents system, prisoners dilemma, social interaction and simulation},
}

@inproceedings{Fuchsberger:2008:AAL:1461912.1461917,
 author = {Fuchsberger, Verena},
 title = {Ambient Assisted Living: Elderly People's Needs and How to Face Them},
 booktitle = {Proceedings of the 1st ACM International Workshop on Semantic Ambient Media Experiences},
 series = {SAME '08},
 year = {2008},
 isbn = {978-1-60558-314-3},
 location = {Vancouver, British Columbia, Canada},
 pages = {21--24},
 numpages = {4},
 url = {http://doi.acm.org/10.1145/1461912.1461917},
 doi = {10.1145/1461912.1461917},
 acmid = {1461917},
 publisher = {ACM},
 address = {New York, NY, USA},
 keywords = {ambient assisted living, iptv, lifelong learning, media, pedagogics, technologies},
}

@inproceedings{Liu:2019:CAI:3318396.3318402,
 author = {Liu, Jing and Hou, Min and Zhao, Yue},
 title = {The Construction and Application of Incentive Mechanism Model in IT Teaching in Primary School},
 booktitle = {Proceedings of the 2019 8th International Conference on Educational and Information Technology},
 series = {ICEIT 2019},
 year = {2019},
 isbn = {978-1-4503-6267-2},
 location = {Cambridge, United Kingdom},
 pages = {73--78},
 numpages = {6},
 url = {http://doi.acm.org/10.1145/3318396.3318402},
 doi = {10.1145/3318396.3318402},
 acmid = {3318402},
 publisher = {ACM},
 address = {New York, NY, USA},
 keywords = {Incentive mechanism, information technology curriculum, learning motivation},
}

@article{Willoughby:1977:RR:382084.1037125,
 editor = {Willoughby, T. C.},
 title = {Research Roundup},
 journal = {SIGCPR Comput. Pers.},
 issue_date = {Autumn 1977},
 volume = {7},
 number = {1-2},
 month = sep,
 year = {1977},
 issn = {0160-2497},
 pages = {14--16},
 numpages = {3},
 url = {http://doi.acm.org/10.1145/382084.1037125},
 doi = {10.1145/382084.1037125},
 acmid = {1037125},
 publisher = {ACM},
 address = {New York, NY, USA},
}

@inproceedings{Williams:2009:ERT:1542084.1542088,
 author = {Williams, Doug and Ursu, Marian F. and Cesar, Pablo and Bergstr\"{o}m, Karl and Kegel, Ian and Meenowa, Joshan},
 title = {An Emergent Role for TV in Social Communication},
 booktitle = {Proceedings of the 7th European Conference on Interactive TV and Video},
 series = {EuroITV '09},
 year = {2009},
 isbn = {978-1-60558-340-2},
 location = {Leuven, Belgium},
 pages = {19--28},
 numpages = {10},
 url = {http://doi.acm.org/10.1145/1542084.1542088},
 doi = {10.1145/1542084.1542088},
 acmid = {1542088},
 publisher = {ACM},
 address = {New York, NY, USA},
 keywords = {orchestration, social communications},
}

@inproceedings{Chen:2018:EEM:3173574.3173671,
 author = {Chen, Runyuan (Jason) and Orand, Mania and Choi, Shin Young (Lucia) and Choi, Leena},
 title = {An Empirical Exploration of Mindfulness Design Using Solo Travel Domain},
 booktitle = {Proceedings of the 2018 CHI Conference on Human Factors in Computing Systems},
 series = {CHI '18},
 year = {2018},
 isbn = {978-1-4503-5620-6},
 location = {Montreal QC, Canada},
 pages = {97:1--97:12},
 articleno = {97},
 numpages = {12},
 url = {http://doi.acm.org/10.1145/3173574.3173671},
 doi = {10.1145/3173574.3173671},
 acmid = {3173671},
 publisher = {ACM},
 address = {New York, NY, USA},
 keywords = {design, hcd, hci, mindfulness, reflection, solo travel},
}

@article{Marcus:2003:EC:947226.947239,
 author = {Marcus, Aaron},
 title = {The Emotion Commotion},
 journal = {interactions},
 issue_date = {November + December 2003},
 volume = {10},
 number = {6},
 month = nov,
 year = {2003},
 issn = {1072-5520},
 pages = {28--34},
 numpages = {7},
 url = {http://doi.acm.org/10.1145/947226.947239},
 doi = {10.1145/947226.947239},
 acmid = {947239},
 publisher = {ACM},
 address = {New York, NY, USA},
}

@article{Barnes:2007:VWM:1314234.1314244,
 author = {Barnes, Stuart},
 title = {Virtual Worlds As a Medium for Advertising},
 journal = {SIGMIS Database},
 issue_date = {November 2007},
 volume = {38},
 number = {4},
 month = oct,
 year = {2007},
 issn = {0095-0033},
 pages = {45--55},
 numpages = {11},
 url = {http://doi.acm.org/10.1145/1314234.1314244},
 doi = {10.1145/1314234.1314244},
 acmid = {1314244},
 publisher = {ACM},
 address = {New York, NY, USA},
 keywords = {MMOG, advertising, marketing, online game, second life, virtual world},
}

@inproceedings{Kakas:2003:ABD:860575.860717,
 author = {Kakas, Antonis and Moraitis, Pavlos},
 title = {Argumentation Based Decision Making for Autonomous Agents},
 booktitle = {Proceedings of the Second International Joint Conference on Autonomous Agents and Multiagent Systems},
 series = {AAMAS '03},
 year = {2003},
 isbn = {1-58113-683-8},
 location = {Melbourne, Australia},
 pages = {883--890},
 numpages = {8},
 url = {http://doi.acm.org/10.1145/860575.860717},
 doi = {10.1145/860575.860717},
 acmid = {860717},
 publisher = {ACM},
 address = {New York, NY, USA},
 keywords = {agents, argumentation, decision making},
}

@inproceedings{Afridi:2019:ESD:3297280.3297658,
 author = {Afridi, Hina Gul},
 title = {Empirical Study on Developer's Perception Regarding Reward Practices: Student Research Abstract},
 booktitle = {Proceedings of the 34th ACM/SIGAPP Symposium on Applied Computing},
 series = {SAC '19},
 year = {2019},
 isbn = {978-1-4503-5933-7},
 location = {Limassol, Cyprus},
 pages = {1885--1887},
 numpages = {3},
 url = {http://doi.acm.org/10.1145/3297280.3297658},
 doi = {10.1145/3297280.3297658},
 acmid = {3297658},
 publisher = {ACM},
 address = {New York, NY, USA},
 keywords = {developers, motivation, perception, reward practices},
}

@inproceedings{Wang:2012:UEI:2430475.2430487,
 author = {Wang, Jun and Liu, Lin and Wang, Jianmin},
 title = {Understanding Evolution in Internetware Using a Double Pyramids Model},
 booktitle = {Proceedings of the Fourth Asia-Pacific Symposium on Internetware},
 series = {Internetware '12},
 year = {2012},
 isbn = {978-1-4503-1888-4},
 location = {Qingdao, China},
 pages = {12:1--12:9},
 articleno = {12},
 numpages = {9},
 url = {http://doi.acm.org/10.1145/2430475.2430487},
 doi = {10.1145/2430475.2430487},
 acmid = {2430487},
 publisher = {ACM},
 address = {New York, NY, USA},
 keywords = {Internetware, Maslow's hierarchy of needs, double pyramid, evolution, interaction, requirements evolution, user requirement},
}

@inproceedings{Buie:2019:LUS:3290607.3310426,
 author = {Buie, Elizabeth},
 title = {Let Us Say What We Mean: Towards Operational Definitions for Techno-Spirituality Research},
 booktitle = {Extended Abstracts of the 2019 CHI Conference on Human Factors in Computing Systems},
 series = {CHI EA '19},
 year = {2019},
 isbn = {978-1-4503-5971-9},
 location = {Glasgow, Scotland Uk},
 pages = {alt16:1--alt16:10},
 articleno = {alt16},
 numpages = {10},
 url = {http://doi.acm.org/10.1145/3290607.3310426},
 doi = {10.1145/3290607.3310426},
 acmid = {3310426},
 publisher = {ACM},
 address = {New York, NY, USA},
 keywords = {hci research, operational definitions, spiritual experience, techno-spirituality, transcendent experience, transcendent user experience},
}

@inproceedings{McDermott:2016:MOE:2899415.2899474,
 author = {McDermott, Roger and Zarb, Mark and Daniels, Mats and Cajander, \AAsa and Clear, Tony},
 title = {Motivation, Optimal Experience and Flow in First Year Computing Science},
 booktitle = {Proceedings of the 2016 ACM Conference on Innovation and Technology in Computer Science Education},
 series = {ITiCSE '16},
 year = {2016},
 isbn = {978-1-4503-4231-5},
 location = {Arequipa, Peru},
 pages = {206--211},
 numpages = {6},
 url = {http://doi.acm.org/10.1145/2899415.2899474},
 doi = {10.1145/2899415.2899474},
 acmid = {2899474},
 publisher = {ACM},
 address = {New York, NY, USA},
 keywords = {flow, motivation, optimal experience, self determination theory},
}

@article{Brown:1972:IRT:1036396.1036397,
 author = {Brown, Cecil Page},
 title = {An Investigation into the Recruitment and Training of the Disadvantaged for Staffing the MIS Function},
 journal = {SIGCPR Comput. Pers.},
 issue_date = {Summer 1972},
 volume = {3},
 number = {2},
 month = jul,
 year = {1972},
 issn = {0160-2497},
 pages = {3--8},
 numpages = {6},
 url = {http://doi.acm.org/10.1145/1036396.1036397},
 doi = {10.1145/1036396.1036397},
 acmid = {1036397},
 publisher = {ACM},
 address = {New York, NY, USA},
}

@inproceedings{Mehrotra:2016:ECI:3014362.3014372,
 author = {Mehrotra, Siddharth and Motti, Vivian Genaro and Frijns, Helena and Akkoc, Tugce and Yenge\c{c}, Sena B\"{u}\c{s}ra and Calik, Oguz and Peeters, Marieke M. M. and Neerincx, Mark A.},
 title = {Embodied Conversational Interfaces for the Elderly User},
 booktitle = {Proceedings of the 8th Indian Conference on Human Computer Interaction},
 series = {IHCI '16},
 year = {2016},
 isbn = {978-1-4503-4863-8},
 location = {Mumbai, India},
 pages = {90--95},
 numpages = {6},
 url = {http://doi.acm.org/10.1145/3014362.3014372},
 doi = {10.1145/3014362.3014372},
 acmid = {3014372},
 publisher = {ACM},
 address = {New York, NY, USA},
}

@inproceedings{Cherubini:2011:BBA:2037373.2037400,
 author = {Cherubini, Mauro and de Oliveira, Rodrigo and Hiltunen, Anna and Oliver, Nuria},
 title = {Barriers and Bridges in the Adoption of Today's Mobile Phone Contextual Services},
 booktitle = {Proceedings of the 13th International Conference on Human Computer Interaction with Mobile Devices and Services},
 series = {MobileHCI '11},
 year = {2011},
 isbn = {978-1-4503-0541-9},
 location = {Stockholm, Sweden},
 pages = {167--176},
 numpages = {10},
 url = {http://doi.acm.org/10.1145/2037373.2037400},
 doi = {10.1145/2037373.2037400},
 acmid = {2037400},
 publisher = {ACM},
 address = {New York, NY, USA},
 keywords = {context, diary study, ethnographic study, human needs, mobile},
}

@article{Chu:2014:DDM:2630790.2611527,
 author = {Chu, Xiaowen and Chen, Xiaowei and Jia, Adele Lu and Pouwelse, Johan A. and Epema, Dick H. J.},
 title = {Dissecting Darknets: Measurement and Performance Analysis},
 journal = {ACM Trans. Internet Technol.},
 issue_date = {May 2014},
 volume = {13},
 number = {3},
 month = may,
 year = {2014},
 issn = {1533-5399},
 pages = {7:1--7:25},
 articleno = {7},
 numpages = {25},
 url = {http://doi.acm.org/10.1145/2611527},
 doi = {10.1145/2611527},
 acmid = {2611527},
 publisher = {ACM},
 address = {New York, NY, USA},
 keywords = {BitTorrent, Darknets, Private tracker, analysis, peer-to-peer networks},
}

@inproceedings{Ip:2017:DPF:3026480.3026483,
 author = {Ip, Rachael K.F. and Pang, Peggy P.Q. and Wu, Michelle X.Y.},
 title = {What Drives People to Flaunt in Social Networking Sites?},
 booktitle = {Proceedings of the 8th International Conference on E-Education, E-Business, E-Management and E-Learning},
 series = {IC4E '17},
 year = {2017},
 isbn = {978-1-4503-4821-8},
 location = {Kuala Lumpur, Malaysia},
 pages = {76--80},
 numpages = {5},
 url = {http://doi.acm.org/10.1145/3026480.3026483},
 doi = {10.1145/3026480.3026483},
 acmid = {3026483},
 publisher = {ACM},
 address = {New York, NY, USA},
 keywords = {Celebrity effect, Flaunt, Peer influence, SNS technologies, Self-conceited, Social networking sites},
}

@article{Jain:2005:DTV:1082983.1083101,
 author = {Jain, Apurva and Boehm, Barry},
 title = {Developing a Theory of Value-based Software Engineering},
 journal = {SIGSOFT Softw. Eng. Notes},
 issue_date = {July 2005},
 volume = {30},
 number = {4},
 month = may,
 year = {2005},
 issn = {0163-5948},
 pages = {1--5},
 numpages = {5},
 url = {http://doi.acm.org/10.1145/1082983.1083101},
 doi = {10.1145/1082983.1083101},
 acmid = {1083101},
 publisher = {ACM},
 address = {New York, NY, USA},
 keywords = {Theory W, adaptive control, benefits realization, control theory, decision theory, dependency theory, domain theories, game theory, risk/opportunity management, stakeholder win-win, theory of justice, utility theory, value-based software engineering},
}

@inproceedings{Jain:2005:DTV:1083091.1083101,
 author = {Jain, Apurva and Boehm, Barry},
 title = {Developing a Theory of Value-based Software Engineering},
 booktitle = {Proceedings of the Seventh International Workshop on Economics-driven Software Engineering Research},
 series = {EDSER '05},
 year = {2005},
 isbn = {1-59593-118-X},
 location = {St. Louis, Missouri},
 pages = {1--5},
 numpages = {5},
 url = {http://doi.acm.org/10.1145/1082983.1083101},
 doi = {10.1145/1082983.1083101},
 acmid = {1083101},
 publisher = {ACM},
 address = {New York, NY, USA},
 keywords = {Theory W, adaptive control, benefits realization, control theory, decision theory, dependency theory, domain theories, game theory, risk/opportunity management, stakeholder win-win, theory of justice, utility theory, value-based software engineering},
}

@inproceedings{Haselberger:2015:GRI:2739011.2739024,
 author = {Haselberger, David},
 title = {Give Recognition to the Impervious},
 booktitle = {Proceedings of the 18th European Conference on Pattern Languages of Program},
 series = {EuroPLoP '13},
 year = {2015},
 isbn = {978-1-4503-3465-5},
 location = {Irsee, Germany},
 pages = {13:1--13:17},
 articleno = {13},
 numpages = {17},
 url = {http://doi.acm.org/10.1145/2739011.2739024},
 doi = {10.1145/2739011.2739024},
 acmid = {2739024},
 publisher = {ACM},
 address = {New York, NY, USA},
 keywords = {empathy, facilitation, humanistic management, leadership, teamwork},
}

@inproceedings{Smits:1995:HRI:212490.212588,
 author = {Smits, Stanley J. and Tanner, John R. and McLean, Ephraim R.},
 title = {Herzberg Revisited: The Impact of Salary on the Job and Career Attitudes of I/S Professionals},
 booktitle = {Proceedings of the 1995 ACM SIGCPR Conference on Supporting Teams, Groups, and Learning Inside and Outside the IS Function Reinventing IS},
 series = {SIGCPR '95},
 year = {1995},
 isbn = {0-89791-712-X},
 location = {Nashville, Tennessee, USA},
 pages = {92--102},
 numpages = {11},
 url = {http://doi.acm.org/10.1145/212490.212588},
 doi = {10.1145/212490.212588},
 acmid = {212588},
 publisher = {ACM},
 address = {New York, NY, USA},
}

@inproceedings{Fung:2007:LES:1328491.1328497,
 author = {Fung, Jenny Ching-man},
 title = {A Local Experience Sharing: How Assistive Technology Can Enhance the Quality of Life for Severely Handicapped Persons},
 booktitle = {Proceedings of the 1st International Convention on Rehabilitation Engineering \&\#38; Assistive Technology: In Conjunction with 1st Tan Tock Seng Hospital Neurorehabilitation Meeting},
 series = {i-CREATe '07},
 year = {2007},
 isbn = {978-1-59593-852-7},
 location = {Singapore},
 pages = {17--22},
 numpages = {6},
 url = {http://doi.acm.org/10.1145/1328491.1328497},
 doi = {10.1145/1328491.1328497},
 acmid = {1328497},
 publisher = {ACM},
 address = {New York, NY, USA},
 keywords = {assistive technology, quality of life, severely handicapped persons},
}

@article{Valacich:2007:OCH:1284621.1284624,
 author = {Valacich, Joseph S. and Parboteeah, D. Veena and Wells, John D.},
 title = {The Online Consumer's Hierarchy of Needs},
 journal = {Commun. ACM},
 issue_date = {September 2007},
 volume = {50},
 number = {9},
 month = sep,
 year = {2007},
 issn = {0001-0782},
 pages = {84--90},
 numpages = {7},
 url = {http://doi.acm.org/10.1145/1284621.1284624},
 doi = {10.1145/1284621.1284624},
 acmid = {1284624},
 publisher = {ACM},
 address = {New York, NY, USA},
}

@inproceedings{Hashim:2009:DAI:1655925.1655938,
 author = {Hashim, Wan Norizan Wan and Noor, Nor Laila Md and Adnan, Wan Adilah Wan},
 title = {The Design of Aesthetic Interaction: Towards a Graceful Interaction Framework},
 booktitle = {Proceedings of the 2Nd International Conference on Interaction Sciences: Information Technology, Culture and Human},
 series = {ICIS '09},
 year = {2009},
 isbn = {978-1-60558-710-3},
 location = {Seoul, Korea},
 pages = {69--75},
 numpages = {7},
 url = {http://doi.acm.org/10.1145/1655925.1655938},
 doi = {10.1145/1655925.1655938},
 acmid = {1655938},
 publisher = {ACM},
 address = {New York, NY, USA},
 keywords = {HCI, aesthetic interaction, graceful interaction, movement},
}

@incollection{Munteanu:2017:MTS:3015783.3015793,
 author = {Munteanu, Cosmin and Salah, Albert Ali},
 chapter = {Multimodal Technologies for Seniors: Challenges and Opportunities},
 title = {The Handbook of Multimodal-Multisensor Interfaces},
 editor = {Oviatt, Sharon and Schuller, Bj\"{o}rn and Cohen, Philip R. and Sonntag, Daniel and Potamianos, Gerasimos and Kr\"{u}ger, Antonio},
 year = {2017},
 isbn = {978-1-97000-167-9},
 pages = {319--362},
 numpages = {44},
 url = {https://doi.org/10.1145/3015783.3015793},
 doi = {10.1145/3015783.3015793},
 acmid = {3015793},
 publisher = {Association for Computing Machinery and Morgan \&\#38; Claypool},
 address = {New York, NY, USA},
}

@article{Rutherford:2010:HCR:1795374.1806337,
 author = {Rutherford, LeAne H.},
 title = {Herding Chats: Reflections on a Synchronous Online Interaction},
 journal = {eLearn},
 issue_date = {May 2010},
 volume = {2010},
 number = {5},
 month = may,
 year = {2010},
 issn = {1535-394X},
 articleno = {5},
 url = {http://doi.acm.org/10.1145/1795374.1806337},
 doi = {10.1145/1795374.1806337},
 acmid = {1806337},
 publisher = {ACM},
 address = {New York, NY, USA},
}

@inproceedings{Liu:2017:PMS:3078714.3078733,
 author = {Liu, Zhe and Xu, Anbang and Wang, Yi and Schoudt, Jerald and Mahmud, Jalal and Akkiraju, Rama},
 title = {Does Personality Matter?: A Study of Personality and Situational Effects on Consumer Behavior},
 booktitle = {Proceedings of the 28th ACM Conference on Hypertext and Social Media},
 series = {HT '17},
 year = {2017},
 isbn = {978-1-4503-4708-2},
 location = {Prague, Czech Republic},
 pages = {185--193},
 numpages = {9},
 url = {http://doi.acm.org/10.1145/3078714.3078733},
 doi = {10.1145/3078714.3078733},
 acmid = {3078733},
 publisher = {ACM},
 address = {New York, NY, USA},
 keywords = {big five personality, consumption behavior, income, needs, personality traits},
}

@article{Trauth:1983:PRT:958590.958593,
 author = {Trauth, Eileen M.},
 title = {The Professional Responsibility of the Techknowledgable},
 journal = {SIGCAS Comput. Soc.},
 issue_date = {Winter 1983},
 volume = {13},
 number = {1},
 month = jan,
 year = {1983},
 issn = {0095-2737},
 pages = {17--21},
 numpages = {5},
 url = {http://doi.acm.org/10.1145/958590.958593},
 doi = {10.1145/958590.958593},
 acmid = {958593},
 publisher = {ACM},
 address = {New York, NY, USA},
}

@inproceedings{Frost:1977:WCA:800100.803229,
 author = {Frost, William J. and Vaughan, Carol M.},
 title = {Within Context\&Mdash;the Application of Team Concepts to Work Teams},
 booktitle = {Proceedings of the Fifteenth Annual SIGCPR Conference},
 series = {SIGCPR '77},
 year = {1977},
 location = {Arlington, Virginia, USA},
 pages = {1--17},
 numpages = {17},
 url = {http://doi.acm.org/10.1145/800100.803229},
 doi = {10.1145/800100.803229},
 acmid = {803229},
 publisher = {ACM},
 address = {New York, NY, USA},
}

@inproceedings{Nielsen:2018:EAC:3209415.3209493,
 author = {Nielsen, Morten Meyerhoff and Rohman, Ibrahim Kholilul and Lopes, Nuno Vasco},
 title = {Empirical Analysis of the Current Digital Divides Since 2010},
 booktitle = {Proceedings of the 11th International Conference on Theory and Practice of Electronic Governance},
 series = {ICEGOV '18},
 year = {2018},
 isbn = {978-1-4503-5421-9},
 location = {Galway, Ireland},
 pages = {616--625},
 numpages = {10},
 url = {http://doi.acm.org/10.1145/3209415.3209493},
 doi = {10.1145/3209415.3209493},
 acmid = {3209493},
 publisher = {ACM},
 address = {New York, NY, USA},
 keywords = {Digital divide, GDP, ICT, IT skills, access, cost, education level, gender, income, use},
}

@inproceedings{Sharp:2007:EMD:1295014.1295026,
 author = {Sharp, Helen and Hall, Tracy and Baddoo, Nathan and Beecham, Sarah},
 title = {Exploring Motivational Differences Between Software Developers and Project Managers},
 booktitle = {The 6th Joint Meeting on European Software Engineering Conference and the ACM SIGSOFT Symposium on the Foundations of Software Engineering: Companion Papers},
 series = {ESEC-FSE companion '07},
 year = {2007},
 isbn = {978-1-59593-812-1},
 location = {Dubrovnik, Croatia},
 pages = {501--504},
 numpages = {4},
 url = {http://doi.acm.org/10.1145/1295014.1295026},
 doi = {10.1145/1295014.1295026},
 acmid = {1295026},
 publisher = {ACM},
 address = {New York, NY, USA},
 keywords = {motivation, repertory grid technique},
}

@inproceedings{Wu:2015:GRH:2702613.2726959,
 author = {Wu, Chien-Chun and Hong, Shih-Min and Huang, Yu-Han},
 title = {GoodGuide: Reconnecting the Homeless and Others},
 booktitle = {Proceedings of the 33rd Annual ACM Conference Extended Abstracts on Human Factors in Computing Systems},
 series = {CHI EA '15},
 year = {2015},
 isbn = {978-1-4503-3146-3},
 location = {Seoul, Republic of Korea},
 pages = {55--60},
 numpages = {6},
 url = {http://doi.acm.org/10.1145/2702613.2726959},
 doi = {10.1145/2702613.2726959},
 acmid = {2726959},
 publisher = {ACM},
 address = {New York, NY, USA},
 keywords = {community, design, homelessness, service design, social networks, social reinforcement},
}

@article{Mirri:2017:HNH:3129537.3097569,
 author = {Mirri, Silvia and Prandi, Catia and Roccetti, Marco and Salomoni, Paola},
 title = {Handmade Narrations: Handling Digital Narrations on Food and Gastronomic Culture},
 journal = {J. Comput. Cult. Herit.},
 issue_date = {October 2017},
 volume = {10},
 number = {4},
 month = jul,
 year = {2017},
 issn = {1556-4673},
 pages = {20:1--20:17},
 articleno = {20},
 numpages = {17},
 url = {http://doi.acm.org/10.1145/3097569},
 doi = {10.1145/3097569},
 acmid = {3097569},
 publisher = {ACM},
 address = {New York, NY, USA},
 keywords = {Handmade narrations, exhibits, food and gastronomic culture, gesture recognition, hands-free technology, multimedia and interactive systems},
}

@inproceedings{Sharp:2007:EMD:1287624.1287695,
 author = {Sharp, Helen and Hall, Tracy and Baddoo, Nathan and Beecham, Sarah},
 title = {Exploring Motivational Differences Between Software Developers and Project Managers},
 booktitle = {Proceedings of the the 6th Joint Meeting of the European Software Engineering Conference and the ACM SIGSOFT Symposium on The Foundations of Software Engineering},
 series = {ESEC-FSE '07},
 year = {2007},
 isbn = {978-1-59593-811-4},
 location = {Dubrovnik, Croatia},
 pages = {501--504},
 numpages = {4},
 url = {http://doi.acm.org/10.1145/1287624.1287695},
 doi = {10.1145/1287624.1287695},
 acmid = {1287695},
 publisher = {ACM},
 address = {New York, NY, USA},
 keywords = {motivation, repertory grid technique},
}

@inproceedings{DeFlorio:2015:TWS:2837185.2837205,
 author = {De Florio, Vincenzo and Pajaziti, Arianit},
 title = {Tapping into the Wells of Social Energy: A Case Study Based on Falls Identification},
 booktitle = {Proceedings of the 17th International Conference on Information Integration and Web-based Applications \& Services},
 series = {iiWAS '15},
 year = {2015},
 isbn = {978-1-4503-3491-4},
 location = {Brussels, Belgium},
 pages = {25:1--25:10},
 articleno = {25},
 numpages = {10},
 url = {http://doi.acm.org/10.1145/2837185.2837205},
 doi = {10.1145/2837185.2837205},
 acmid = {2837205},
 publisher = {ACM},
 address = {New York, NY, USA},
 keywords = {agent-based simulation, falls identification, role-flow, sociotechnical systems, telecare},
}

@inproceedings{Pothineni:2014:IDM:2594776.2594782,
 author = {Pothineni, Dinesh and Mishra, Pratik and Rasheed, Aadil and Sundararajan, Deepak},
 title = {Incentive Design to Mould Online Behavior: A Game Mechanics Perspective},
 booktitle = {Proceedings of the First International Workshop on Gamification for Information Retrieval},
 series = {GamifIR '14},
 year = {2014},
 isbn = {978-1-4503-2892-0},
 location = {Amsterdam, The Netherlands},
 pages = {27--32},
 numpages = {6},
 url = {http://doi.acm.org/10.1145/2594776.2594782},
 doi = {10.1145/2594776.2594782},
 acmid = {2594782},
 publisher = {ACM},
 address = {New York, NY, USA},
 keywords = {crowd behavior, gamification, incentive design, social networks},
}

@inproceedings{Wilson:1997:HDM:266064.266167,
 author = {Wilson, Daniel E.},
 title = {Help Desk Metamorphosis (from Being Despised to Being Valued)},
 booktitle = {Proceedings of the 25th Annual ACM SIGUCCS Conference on User Services: Are You Ready?},
 series = {SIGUCCS '97},
 year = {1997},
 isbn = {0-89791-990-4},
 location = {Monterey, California, USA},
 pages = {333--339},
 numpages = {7},
 url = {http://doi.acm.org/10.1145/266064.266167},
 doi = {10.1145/266064.266167},
 acmid = {266167},
 publisher = {ACM},
 address = {New York, NY, USA},
}

@inproceedings{Arora:2012:CSD:2381716.2381789,
 author = {Arora, Ritu and Goel, Sanjay},
 title = {Collaboration in Software Development: A Spotlight},
 booktitle = {Proceedings of the CUBE International Information Technology Conference},
 series = {CUBE '12},
 year = {2012},
 isbn = {978-1-4503-1185-4},
 location = {Pune, India},
 pages = {391--396},
 numpages = {6},
 url = {http://doi.acm.org/10.1145/2381716.2381789},
 doi = {10.1145/2381716.2381789},
 acmid = {2381789},
 publisher = {ACM},
 address = {New York, NY, USA},
 keywords = {collaboration tools, collaborative software development, collaborative work, groupware},
}

@inproceedings{Aissa:2010:MSD:1852666.1852727,
 author = {Aissa, Anis Ben and Abercrombie, Robert K. and Sheldon, Frederick T. and Mili, Ali},
 title = {Modeling Stakeholder/Value Dependency Through Mean Failure Cost},
 booktitle = {Proceedings of the Sixth Annual Workshop on Cyber Security and Information Intelligence Research},
 series = {CSIIRW '10},
 year = {2010},
 isbn = {978-1-4503-0017-9},
 location = {Oak Ridge, Tennessee, USA},
 pages = {55:1--55:4},
 articleno = {55},
 numpages = {4},
 url = {http://doi.acm.org/10.1145/1852666.1852727},
 doi = {10.1145/1852666.1852727},
 acmid = {1852727},
 publisher = {ACM},
 address = {New York, NY, USA},
 keywords = {cyber security metrics, information security, risk management},
}

@article{Hsu:2003:CSM:957758.957766,
 author = {Hsu, Maxwell K. and Chen, H. G. and Jiang, James J. and Klein, Gary},
 title = {Career Satisfaction for Managerial and Technical Anchored IS Personnel in Later Career Stages},
 journal = {SIGMIS Database},
 issue_date = {Fall 2003},
 volume = {34},
 number = {4},
 month = nov,
 year = {2003},
 issn = {0095-0033},
 pages = {64--72},
 numpages = {9},
 url = {http://doi.acm.org/10.1145/957758.957766},
 doi = {10.1145/957758.957766},
 acmid = {957766},
 publisher = {ACM},
 address = {New York, NY, USA},
 keywords = {career anchors, career satisfaction, career stages, information system personnel},
}

@inproceedings{Cheng:2010:DMH:1920331.1920337,
 author = {Cheng, An-Shou and Fleischmann, Kenneth R.},
 title = {Developing a Meta-inventory of Human Values},
 booktitle = {Proceedings of the 73rd ASIS\&T Annual Meeting on Navigating Streams in an Information Ecosystem - Volume 47},
 series = {ASIS\&\#38;T '10},
 year = {2010},
 location = {Pittsburgh, Pennsylvania},
 pages = {3:1--3:10},
 articleno = {3},
 numpages = {10},
 url = {http://dl.acm.org/citation.cfm?id=1920331.1920337},
 acmid = {1920337},
 publisher = {American Society for Information Science},
 address = {Silver Springs, MD, USA},
 keywords = {human values, meta-analysis, value inventories},
}

@inproceedings{Zhuo:2018:RMI:3285957.3285970,
 author = {Zhuo, Zhiyi},
 title = {Research on the Mechanism of Implementing High-tech Talent Competition Strategy in Sanitary Ware Industry: Take S Group As an Example},
 booktitle = {Proceedings of the 2018 10th International Conference on Information Management and Engineering},
 series = {ICIME 2018},
 year = {2018},
 isbn = {978-1-4503-6489-8},
 location = {Salford, United Kingdom},
 pages = {165--170},
 numpages = {6},
 url = {http://doi.acm.org/10.1145/3285957.3285970},
 doi = {10.1145/3285957.3285970},
 acmid = {3285970},
 publisher = {ACM},
 address = {New York, NY, USA},
 keywords = {Core competitiveness, Corporate intellectual property, High-tech talent competition strategy, SWOT},
}

@inproceedings{Franca:2014:MSE:2652524.2652545,
 author = {Fran\c{c}a, C{\'e}sar and Sharp, Helen and da Silva, Fabio Q. B.},
 title = {Motivated Software Engineers Are Engaged and Focused, While Satisfied Ones Are Happy},
 booktitle = {Proceedings of the 8th ACM/IEEE International Symposium on Empirical Software Engineering and Measurement},
 series = {ESEM '14},
 year = {2014},
 isbn = {978-1-4503-2774-9},
 location = {Torino, Italy},
 pages = {32:1--32:8},
 articleno = {32},
 numpages = {8},
 url = {http://doi.acm.org/10.1145/2652524.2652545},
 doi = {10.1145/2652524.2652545},
 acmid = {2652545},
 publisher = {ACM},
 address = {New York, NY, USA},
 keywords = {job satisfaction, software engineers, work motivation},
}

@inproceedings{Aissa:2011:DCV:2107556.2107561,
 author = {Aissa, Anis Ben and Abercrombie, Robert K. and Sheldon, Frederick T. and Mili, Ali},
 title = {Defining and Computing a Value Based Cyber-security Measure},
 booktitle = {Proceedings of the Second Kuwait Conference on e-Services and e-Systems},
 series = {KCESS '11},
 year = {2011},
 isbn = {978-1-4503-0793-2},
 location = {Kuwait City, Kuwait},
 pages = {5:1--5:9},
 articleno = {5},
 numpages = {9},
 url = {http://doi.acm.org/10.1145/2107556.2107561},
 doi = {10.1145/2107556.2107561},
 acmid = {2107561},
 publisher = {ACM},
 address = {New York, NY, USA},
 keywords = {cyber security metrics, information security, risk management},
}

@article{Gero:1975:ECD:382156.382659,
 author = {Gero, John S.},
 title = {Ethics in Computer-aided Design: A Polemic},
 journal = {SIGDA Newsl.},
 issue_date = {Dec. 1975},
 volume = {5},
 number = {4},
 month = dec,
 year = {1975},
 issn = {0163-5743},
 pages = {9--14},
 numpages = {6},
 url = {http://doi.acm.org/10.1145/382156.382659},
 doi = {10.1145/382156.382659},
 acmid = {382659},
 publisher = {ACM},
 address = {New York, NY, USA},
}

@inproceedings{Cha:2015:IHD:2799250.2799252,
 author = {Cha, Kyungjoo and Giacomin, Joseph and Lycett, Mark and Mccullough, Francis and Rumbold, Dave},
 title = {Identifying Human Desires Relative to the Integration of Mobile Devices into Automobiles},
 booktitle = {Proceedings of the 7th International Conference on Automotive User Interfaces and Interactive Vehicular Applications},
 series = {AutomotiveUI '15},
 year = {2015},
 isbn = {978-1-4503-3736-6},
 location = {Nottingham, United Kingdom},
 pages = {142--149},
 numpages = {8},
 url = {http://doi.acm.org/10.1145/2799250.2799252},
 doi = {10.1145/2799250.2799252},
 acmid = {2799252},
 publisher = {ACM},
 address = {New York, NY, USA},
 keywords = {automobile, human desires, human-centred design, mobile device, semi-structured interviews, thematic analysis},
}

@article{Greitzer:2007:CSI:1281320.1281322,
 author = {Greitzer, Frank L. and Kuchar, Olga Anna and Huston, Kristy},
 title = {Cognitive Science Implications for Enhancing Training Effectiveness in a Serious Gaming Context},
 journal = {J. Educ. Resour. Comput.},
 issue_date = {November 2007},
 volume = {7},
 number = {3},
 month = nov,
 year = {2007},
 issn = {1531-4278},
 articleno = {2},
 url = {http://doi.acm.org/10.1145/1281320.1281322},
 doi = {10.1145/1281320.1281322},
 acmid = {1281322},
 publisher = {ACM},
 address = {New York, NY, USA},
 keywords = {Serious gaming, cognitive principles, computer-based training, cyber security education, training effectiveness},
}

@inproceedings{Pane:2018:ALM:3231848.3231858,
 author = {Pane, Murty Magda and Siregar, Christian and Ruman, Yustinus Suhardi and Rumeser, Johannes A. A.},
 title = {The Application of the Lencioni Model in Online Learning: A Case Study in Higher Education},
 booktitle = {Proceedings of the 2018 International Conference on Distance Education and Learning},
 series = {ICDEL '18},
 year = {2018},
 isbn = {978-1-4503-6431-7},
 location = {Beijing, China},
 pages = {49--53},
 numpages = {5},
 url = {http://doi.acm.org/10.1145/3231848.3231858},
 doi = {10.1145/3231848.3231858},
 acmid = {3231858},
 publisher = {ACM},
 address = {New York, NY, USA},
 keywords = {Online learning, Teamwork effectiveness, Virtual teamwork, the Lencioni Model},
}

@inproceedings{Baytiyeh:2009:WW:1600053.1600117,
 author = {Baytiyeh, Hoda and Pfaffman, Jay},
 title = {Why Be a Wikipedian},
 booktitle = {Proceedings of the 9th International Conference on Computer Supported Collaborative Learning - Volume 1},
 series = {CSCL'09},
 year = {2009},
 isbn = {978-1-4092-8598-4},
 location = {Rhodes, Greece},
 pages = {434--443},
 numpages = {10},
 url = {http://dl.acm.org/citation.cfm?id=1600053.1600117},
 acmid = {1600117},
 publisher = {International Society of the Learning Sciences},
}

@article{LeDuc:1980:MP:1113469.1113470,
 author = {LeDuc,Jr., A. L.},
 title = {Motivation of Programmers},
 journal = {SIGMIS Database},
 issue_date = {Summer 1980},
 volume = {11},
 number = {4},
 month = jul,
 year = {1980},
 issn = {0095-0033},
 pages = {4--12},
 numpages = {9},
 url = {http://doi.acm.org/10.1145/1113469.1113470},
 doi = {10.1145/1113469.1113470},
 acmid = {1113470},
 publisher = {ACM},
 address = {New York, NY, USA},
}

@article{Sutanto:2008:ESV:2019618.2019620,
 author = {Sutanto, Juliana and Kankanhalli, Atreyi and Tan, Bernard Cheng Yian},
 title = {Eliciting a Sense of Virtual Community Among Knowledge Contributors},
 journal = {ACM Trans. Manage. Inf. Syst.},
 issue_date = {October 2011},
 volume = {2},
 number = {3},
 month = oct,
 year = {2008},
 issn = {2158-656X},
 pages = {14:1--14:17},
 articleno = {14},
 numpages = {17},
 url = {http://doi.acm.org/10.1145/2019618.2019620},
 doi = {10.1145/2019618.2019620},
 acmid = {2019620},
 publisher = {ACM},
 address = {New York, NY, USA},
 keywords = {Sense of virtual community, knowledge contributors, longitudinal analysis, needs fulfillment},
}

@inproceedings{Scarr:2011:DCU:1978942.1979348,
 author = {Scarr, Joey and Cockburn, Andy and Gutwin, Carl and Quinn, Philip},
 title = {Dips and Ceilings: Understanding and Supporting Transitions to Expertise in User Interfaces},
 booktitle = {Proceedings of the SIGCHI Conference on Human Factors in Computing Systems},
 series = {CHI '11},
 year = {2011},
 isbn = {978-1-4503-0228-9},
 location = {Vancouver, BC, Canada},
 pages = {2741--2750},
 numpages = {10},
 url = {http://doi.acm.org/10.1145/1978942.1979348},
 doi = {10.1145/1978942.1979348},
 acmid = {1979348},
 publisher = {ACM},
 address = {New York, NY, USA},
 keywords = {command line interfaces., expertise development, novice-to-expert transition},
}

@inproceedings{Eladhari:2008:GMO:1496984.1496986,
 author = {Eladhari, Mirjam Palosaari and Sellers, Michael},
 title = {Good Moods: Outlook, Affect and Mood in Dynemotion and the Mind Module},
 booktitle = {Proceedings of the 2008 Conference on Future Play: Research, Play, Share},
 series = {Future Play '08},
 year = {2008},
 isbn = {978-1-60558-218-4},
 location = {Toronto, Ontario, Canada},
 pages = {1--8},
 numpages = {8},
 url = {http://doi.acm.org/10.1145/1496984.1496986},
 doi = {10.1145/1496984.1496986},
 acmid = {1496986},
 publisher = {ACM},
 address = {New York, NY, USA},
 keywords = {affect, character, mood, multiplayer, personality, trait},
}

@inproceedings{Kamarudin:2018:QAP:3234825.3234842,
 author = {Kamarudin, Diyana and Hassan, Nor Suraini Mohd and Omar, Safiynaz},
 title = {A Qualitative Analysis on the Perceptions and Impact of the MBA Program to Life Long Learning Skills},
 booktitle = {Proceedings of the 2018 The 3rd International Conference on Information and Education Innovations},
 series = {ICIEI 2018},
 year = {2018},
 isbn = {978-1-4503-6440-9},
 location = {London, United Kingdom},
 pages = {67--72},
 numpages = {6},
 url = {http://doi.acm.org/10.1145/3234825.3234842},
 doi = {10.1145/3234825.3234842},
 acmid = {3234842},
 publisher = {ACM},
 address = {New York, NY, USA},
 keywords = {Lifelong learning skills, MBA, Malaysia, education},
}

@article{Igbaria:1996:COM:227728.227729,
 author = {Igbaria, Magid and McCloskey, Donna Weaver},
 title = {Career Orientations of MIS Employees in Taiwan},
 journal = {SIGCPR Comput. Pers.},
 issue_date = {April 1996},
 volume = {17},
 number = {2},
 month = apr,
 year = {1996},
 issn = {0160-2497},
 pages = {3--24},
 numpages = {22},
 url = {http://doi.acm.org/10.1145/227728.227729},
 doi = {10.1145/227728.227729},
 acmid = {227729},
 publisher = {ACM},
 address = {New York, NY, USA},
}

@inproceedings{Piccolo:2012:BPM:2393536.2393556,
 author = {Piccolo, Lara Schibelsky Godoy and Baranauskas, Maria Cec\'{\i}lia Calani},
 title = {Basis and Prospects of Motivation Informing Design: Requirements for Situated Eco-feedback Technology},
 booktitle = {Proceedings of the 11th Brazilian Symposium on Human Factors in Computing Systems},
 series = {IHC '12},
 year = {2012},
 isbn = {978-85-7669-262-1},
 location = {Cuiaba, Brazil},
 pages = {137--146},
 numpages = {10},
 url = {http://dl.acm.org/citation.cfm?id=2393536.2393556},
 acmid = {2393556},
 publisher = {Brazilian Computer Society},
 address = {Porto Alegre, Brazil, Brazil},
 keywords = {affective quality, eco-feedback technology, extrinsic motivation, intrinsic motivation, motivation},
}

@inproceedings{Downey:2011:SPD:1982143.1982153,
 author = {Downey, Jack},
 title = {Software Practitioners Dropping-out: A Research Proposal},
 booktitle = {Proceedings of the 49th SIGMIS Annual Conference on Computer Personnel Research},
 series = {SIGMIS-CPR '11},
 year = {2011},
 isbn = {978-1-4503-0666-9},
 location = {San Antonio, Texas, USA},
 pages = {36--41},
 numpages = {6},
 url = {http://doi.acm.org/10.1145/1982143.1982153},
 doi = {10.1145/1982143.1982153},
 acmid = {1982153},
 publisher = {ACM},
 address = {New York, NY, USA},
 keywords = {careers in software, mid-career crisis, social cognitive theory},
}

@inproceedings{Chen:2018:SCA:3178158.3178173,
 author = {Chen, Chen and Liu, Tong and Chen, Yiwen},
 title = {A Study of Career Adaptability and Work Engagement of Online Teachers in the E-education Industry: The Mechanism of Job Insecurity and Employability},
 booktitle = {Proceedings of the 6th International Conference on Information and Education Technology},
 series = {ICIET '18},
 year = {2018},
 isbn = {978-1-4503-5359-5},
 location = {Osaka, Japan},
 pages = {190--195},
 numpages = {6},
 url = {http://doi.acm.org/10.1145/3178158.3178173},
 doi = {10.1145/3178158.3178173},
 acmid = {3178173},
 publisher = {ACM},
 address = {New York, NY, USA},
 keywords = {career adaptability, employability, job insecurity, online teacher, work engagement},
}

@inproceedings{Silverman:2007:HTD:1351542.1351599,
 author = {Silverman, Barry G.},
 title = {Human Terrain Data: What Should We Do with It?},
 booktitle = {Proceedings of the 39th Conference on Winter Simulation: 40 Years! The Best is Yet to Come},
 series = {WSC '07},
 year = {2007},
 isbn = {1-4244-1306-0},
 location = {Washington D.C.},
 pages = {260--265},
 numpages = {6},
 url = {http://dl.acm.org/citation.cfm?id=1351542.1351599},
 acmid = {1351599},
 publisher = {IEEE Press},
 address = {Piscataway, NJ, USA},
}

@inproceedings{Bouanan:2015:SID:2872965.2872974,
 author = {Bouanan, Youssef and Forestier, Mathilde and Ribault, Judicael and Zacharewicz, Gregory and Vallespir, Bruno and Moalla, Nejib},
 title = {Simulating Information Diffusion in a Multidimensional Social Network Using the DEVS Formalism (WIP)},
 booktitle = {Proceedings of the Symposium on Theory of Modeling \&\#38; Simulation: DEVS Integrative M\&\#38;S Symposium},
 series = {DEVS '15},
 year = {2015},
 isbn = {978-1-5108-0105-9},
 location = {Alexandria, Virginia},
 pages = {63--68},
 numpages = {6},
 url = {http://dl.acm.org/citation.cfm?id=2872965.2872974},
 acmid = {2872974},
 publisher = {Society for Computer Simulation International},
 address = {San Diego, CA, USA},
 keywords = {DEVS formalism, human behavior, information propagation, modeling and simulation, multidimensional social network},
}

@inproceedings{Fuchs-Kittowski:2005:WCC:1104973.1104977,
 author = {Fuchs-Kittowski, Frank and K\"{o}hler, Andr{\'e}},
 title = {Wiki Communities in the Context of Work Processes},
 booktitle = {Proceedings of the 2005 International Symposium on Wikis},
 series = {WikiSym '05},
 year = {2005},
 isbn = {1-59593-111-2},
 location = {San Diego, California},
 pages = {33--39},
 numpages = {7},
 url = {http://doi.acm.org/10.1145/1104973.1104977},
 doi = {10.1145/1104973.1104977},
 acmid = {1104977},
 publisher = {ACM},
 address = {New York, NY, USA},
 keywords = {community, cooperative knowledge generation, knowledge processes, knowledge work, ontology, process-oriented knowledge structures, wiki, work processes},
}

@inproceedings{Wang:2013:PAE:2487575.2487699,
 author = {Wang, Taifeng and Bian, Jiang and Liu, Shusen and Zhang, Yuyu and Liu, Tie-Yan},
 title = {Psychological Advertising: Exploring User Psychology for Click Prediction in Sponsored Search},
 booktitle = {Proceedings of the 19th ACM SIGKDD International Conference on Knowledge Discovery and Data Mining},
 series = {KDD '13},
 year = {2013},
 isbn = {978-1-4503-2174-7},
 location = {Chicago, Illinois, USA},
 pages = {563--571},
 numpages = {9},
 url = {http://doi.acm.org/10.1145/2487575.2487699},
 doi = {10.1145/2487575.2487699},
 acmid = {2487699},
 publisher = {ACM},
 address = {New York, NY, USA},
 keywords = {click prediction, online advertising, sponsored search, user psychological desire},
}

@inproceedings{Maciuszek:2005:HOP:1090785.1090790,
 author = {Maciuszek, Dennis and Aberg, Johan and Shahmehri, Nahid},
 title = {What Help Do Older People Need?: Constructing a Functional Design Space of Electronic Assistive Technology Applications},
 booktitle = {Proceedings of the 7th International ACM SIGACCESS Conference on Computers and Accessibility},
 series = {Assets '05},
 year = {2005},
 isbn = {1-59593-159-7},
 location = {Baltimore, MD, USA},
 pages = {4--11},
 numpages = {8},
 url = {http://doi.acm.org/10.1145/1090785.1090790},
 doi = {10.1145/1090785.1090790},
 acmid = {1090790},
 publisher = {ACM},
 address = {New York, NY, USA},
 keywords = {design space, field study, interactive agents, needs, older adults, software components, user involvement},
}

@inproceedings{Murnane:2013:RLU:2487788.2488162,
 author = {Murnane, Elizabeth L. and Haslhofer, Bernhard and Lagoze, Carl},
 title = {RESLVE: Leveraging User Interest to Improve Entity Disambiguation on Short Text},
 booktitle = {Proceedings of the 22Nd International Conference on World Wide Web},
 series = {WWW '13 Companion},
 year = {2013},
 isbn = {978-1-4503-2038-2},
 location = {Rio de Janeiro, Brazil},
 pages = {1275--1284},
 numpages = {10},
 url = {http://doi.acm.org/10.1145/2487788.2488162},
 doi = {10.1145/2487788.2488162},
 acmid = {2488162},
 publisher = {ACM},
 address = {New York, NY, USA},
 keywords = {entity resolution, personalized ir, semantic knowledge graph, social web, user interest modeling},
}

@article{Swope:2019:IAT:3309578.3309582,
 author = {Swope, Amber},
 title = {Information Architects: What They Do and How to Become One},
 journal = {Commun. Des. Q. Rev},
 issue_date = {September 2018},
 volume = {6},
 number = {3},
 month = jan,
 year = {2019},
 issn = {2166-1200},
 pages = {32--43},
 numpages = {12},
 url = {http://doi.acm.org/10.1145/3309578.3309582},
 doi = {10.1145/3309578.3309582},
 acmid = {3309582},
 publisher = {ACM},
 address = {New York, NY, USA},
 keywords = {DITA, IA, content strategy, information architect, information architecture},
}

@inproceedings{Germanakos:2018:ESI:3213586.3226195,
 author = {Germanakos, Panagiotis and Andreou, Panayiotis and Mourlas, Constantinos},
 title = {Equilibrium State of Interaction: Maximizing User Experience Through Optimum Adaptivity States},
 booktitle = {Adjunct Publication of the 26th Conference on User Modeling, Adaptation and Personalization},
 series = {UMAP '18},
 year = {2018},
 isbn = {978-1-4503-5784-5},
 location = {Singapore, Singapore},
 pages = {57--62},
 numpages = {6},
 url = {http://doi.acm.org/10.1145/3213586.3226195},
 doi = {10.1145/3213586.3226195},
 acmid = {3226195},
 publisher = {ACM},
 address = {New York, NY, USA},
 keywords = {adaptation, equilibria, game theory, personalization, user experience, user modelling},
}

@inproceedings{He:2010:OSF:1753326.1753464,
 author = {He, Helen Ai and Greenberg, Saul and Huang, Elaine M.},
 title = {One Size Does Not Fit All: Applying the Transtheoretical Model to Energy Feedback Technology Design},
 booktitle = {Proceedings of the SIGCHI Conference on Human Factors in Computing Systems},
 series = {CHI '10},
 year = {2010},
 isbn = {978-1-60558-929-9},
 location = {Atlanta, Georgia, USA},
 pages = {927--936},
 numpages = {10},
 url = {http://doi.acm.org/10.1145/1753326.1753464},
 doi = {10.1145/1753326.1753464},
 acmid = {1753464},
 publisher = {ACM},
 address = {New York, NY, USA},
 keywords = {design, feedback, motivational theory, sustainability},
}

@article{Theng:2011:IAC:2027456.2027461,
 author = {Theng, Yin-Leng and Wanzhen, Liaw and Zhiqiang, Li and Robert, Chai and Pallavi, Rao},
 title = {Investigation of the Antecedents and Consequences of Gamer Satisfaction: An Individual Perspective},
 journal = {Comput. Entertain.},
 issue_date = {November 2011},
 volume = {9},
 number = {3},
 month = nov,
 year = {2011},
 issn = {1544-3574},
 pages = {15:1--15:26},
 articleno = {15},
 numpages = {26},
 url = {http://doi.acm.org/10.1145/2027456.2027461},
 doi = {10.1145/2027456.2027461},
 acmid = {2027461},
 publisher = {ACM},
 address = {New York, NY, USA},
 keywords = {Game design, acceptance, adoption, expectancy disconfirmation theory, game heuristics, gameplay, playability, technology acceptance model, usability, usefulness},
}

@inproceedings{Nassal:2016:MHB:2896958.2896961,
 author = {Nassal, Alexander and Tichy, Matthias},
 title = {Modeling Human Behavior for Software Engineering Simulation Games},
 booktitle = {Proceedings of the 5th International Workshop on Games and Software Engineering},
 series = {GAS '16},
 year = {2016},
 isbn = {978-1-4503-4160-8},
 location = {Austin, Texas},
 pages = {8--14},
 numpages = {7},
 url = {http://doi.acm.org/10.1145/2896958.2896961},
 doi = {10.1145/2896958.2896961},
 acmid = {2896961},
 publisher = {ACM},
 address = {New York, NY, USA},
 keywords = {human behavior, project management, simulation, simulation games, software engineering education},
}

@inproceedings{Al-muaythir:2016:CPP:2996890.3007862,
 author = {Al-muaythir, Aljawharah and Hossain, M. Anwar},
 title = {Cloud-based Parametrized Publish/Subscribe System for Public Safety Applications in Smarter Cities},
 booktitle = {Proceedings of the 9th International Conference on Utility and Cloud Computing},
 series = {UCC '16},
 year = {2016},
 isbn = {978-1-4503-4616-0},
 location = {Shanghai, China},
 pages = {208--213},
 numpages = {6},
 url = {http://doi.acm.org/10.1145/2996890.3007862},
 doi = {10.1145/2996890.3007862},
 acmid = {3007862},
 publisher = {ACM},
 address = {New York, NY, USA},
 keywords = {cloud computing, public safety systems, publish/subscribe, smart cities},
}

@inproceedings{Portmann:2012:DSH:2389656.2389658,
 author = {Portmann, Edy and Kaufmann, Michael Alexander and Graf, C{\'e}dric},
 title = {A Distributed, Semiotic-inductive, and Human-oriented Approach to Web-scale Knowledge Retrieval},
 booktitle = {Proceedings of the 2012 International Workshop on Web-scale Knowledge Representation, Retrieval and Reasoning},
 series = {Web-KR '12},
 year = {2012},
 isbn = {978-1-4503-1711-5},
 location = {Maui, Hawaii, USA},
 pages = {1--8},
 numpages = {8},
 url = {http://doi.acm.org/10.1145/2389656.2389658},
 doi = {10.1145/2389656.2389658},
 acmid = {2389658},
 publisher = {ACM},
 address = {New York, NY, USA},
 keywords = {computational semiotics, distributed information retrieval, explorative search, human-computer information retrieval, human-oriented computer interaction, inductive inference, knowledge discovery from data, web-scale knowledge retrieval},
}

@inproceedings{Kolpondinos:2017:TGR:3100317.3100320,
 author = {Kolpondinos, Martina Z. Huber and Glinz, Martin},
 title = {Tailoring Gamification to Requirements Elicitation: A Stakeholder Centric Motivation Concept},
 booktitle = {Proceedings of the 10th International Workshop on Cooperative and Human Aspects of Software Engineering},
 series = {CHASE '17},
 year = {2017},
 isbn = {978-1-5386-4039-5},
 location = {Buenos Aires, Argentina},
 pages = {9--15},
 numpages = {7},
 url = {https://doi.org/10.1109/CHASE.2017.4},
 doi = {10.1109/CHASE.2017.4},
 acmid = {3100320},
 publisher = {IEEE Press},
 address = {Piscataway, NJ, USA},
 keywords = {experiential learning, gamification, player types, requirements elicitation, self-determination, skill acquisition},
}

@inproceedings{Peppler:2010:ALR:1854360.1854488,
 author = {Peppler, Kylie A. and Davis, Heidi J.},
 title = {Arts and Learning: A Review of the Impact of Arts and Aesthetics on Learning and Opportunities for Further Research},
 booktitle = {Proceedings of the 9th International Conference of the Learning Sciences - Volume 1},
 series = {ICLS '10},
 year = {2010},
 location = {Chicago, Illinois},
 pages = {1000--1007},
 numpages = {8},
 url = {http://dl.acm.org/citation.cfm?id=1854360.1854488},
 acmid = {1854488},
 publisher = {International Society of the Learning Sciences},
}

@article{Olson:1982:IOA:358690.358720,
 author = {Olson, Margrethe H. and Lucas,Jr., Henry C.},
 title = {The Impact of Office Automation on the Organization: Some Implications for Research and Practice},
 journal = {Commun. ACM},
 issue_date = {Nov 1982},
 volume = {25},
 number = {11},
 month = nov,
 year = {1982},
 issn = {0001-0782},
 pages = {838--847},
 numpages = {10},
 url = {http://doi.acm.org/10.1145/358690.358720},
 doi = {10.1145/358690.358720},
 acmid = {358720},
 publisher = {ACM},
 address = {New York, NY, USA},
 keywords = {automated office systems, electronic mail, impact on organizations, office automation},
}

@article{Aiken:2016:ESD:2888577.2893482,
 author = {Aiken, Peter},
 title = {EXPERIENCE: Succeeding at Data Management\&Mdash;BigCo Attempts to Leverage Data},
 journal = {J. Data and Information Quality},
 issue_date = {June 2016},
 volume = {7},
 number = {1-2},
 month = may,
 year = {2016},
 issn = {1936-1955},
 pages = {8:1--8:35},
 articleno = {8},
 numpages = {35},
 url = {http://doi.acm.org/10.1145/2893482},
 doi = {10.1145/2893482},
 acmid = {2893482},
 publisher = {ACM},
 address = {New York, NY, USA},
 keywords = {BigCo, CDO, CIO, Data management, IT management, analytics, business intelligence, chief data officer, chief information officer, conceptual modeling, data, data architecture, data governance, data integration, data stewardship, data warehousing, enterprise architecture, enterprise data executive, information systems, organizational design, policy, strategy},
}

@inproceedings{Janz:2013:PIC:2504776.2504798,
 author = {Janz, Kenneth and Honken, Robin},
 title = {Personality Inventories and Cognitive Frames: Understanding the Balance in Managing and Leading IT Organizations},
 booktitle = {Proceedings of the 41st Annual ACM SIGUCCS Conference on User Services},
 series = {SIGUCCS '13},
 year = {2013},
 isbn = {978-1-4503-2318-5},
 location = {Chicago, Illinois, USA},
 pages = {143--150},
 numpages = {8},
 url = {http://doi.acm.org/10.1145/2504776.2504798},
 doi = {10.1145/2504776.2504798},
 acmid = {2504798},
 publisher = {ACM},
 address = {New York, NY, USA},
 keywords = {chief information officer, cognitive frames, higher education, leadership, organizational performance, personality inventories},
}

@inproceedings{Boehm:2006:VCS:1134285.1134288,
 author = {Boehm, Barry},
 title = {A View of 20th and 21st Century Software Engineering},
 booktitle = {Proceedings of the 28th International Conference on Software Engineering},
 series = {ICSE '06},
 year = {2006},
 isbn = {1-59593-375-1},
 location = {Shanghai, China},
 pages = {12--29},
 numpages = {18},
 url = {http://doi.acm.org/10.1145/1134285.1134288},
 doi = {10.1145/1134285.1134288},
 acmid = {1134288},
 publisher = {ACM},
 address = {New York, NY, USA},
 keywords = {software engineering, software futures, software history},
}

@inproceedings{Sierra:2008:ID:1402298.1402320,
 author = {Sierra, Carles and Debenham, John},
 title = {Information-based Deliberation},
 booktitle = {Proceedings of the 7th International Joint Conference on Autonomous Agents and Multiagent Systems - Volume 2},
 series = {AAMAS '08},
 year = {2008},
 isbn = {978-0-9817381-1-6},
 location = {Estoril, Portugal},
 pages = {689--696},
 numpages = {8},
 url = {http://dl.acm.org/citation.cfm?id=1402298.1402320},
 acmid = {1402320},
 publisher = {International Foundation for Autonomous Agents and Multiagent Systems},
 address = {Richland, SC},
 keywords = {multiagent systems, negotiation},
}

@article{Wobbrock:2018:AD:3229066.3148051,
 author = {Wobbrock, Jacob O. and Gajos, Krzysztof Z. and Kane, Shaun K. and Vanderheiden, Gregg C.},
 title = {Ability-based Design},
 journal = {Commun. ACM},
 issue_date = {June 2018},
 volume = {61},
 number = {6},
 month = may,
 year = {2018},
 issn = {0001-0782},
 pages = {62--71},
 numpages = {10},
 url = {http://doi.acm.org/10.1145/3148051},
 doi = {10.1145/3148051},
 acmid = {3148051},
 publisher = {ACM},
 address = {New York, NY, USA},
}

@inproceedings{Johnson:2019:NHA:3329189.3329247,
 author = {Johnson, Janet and Schmitz, Evan and Ramnath, Venktesh and Weibel, Nadir},
 title = {Nurture-Empower-Support: A Human-Centered Approach to Understand and Support ICU Families},
 booktitle = {Proceedings of the 13th EAI International Conference on Pervasive Computing Technologies for Healthcare},
 series = {PervasiveHealth'19},
 year = {2019},
 isbn = {978-1-4503-6126-2},
 location = {Trento, Italy},
 pages = {119--128},
 numpages = {10},
 url = {http://doi.acm.org/10.1145/3329189.3329247},
 doi = {10.1145/3329189.3329247},
 acmid = {3329247},
 publisher = {ACM},
 address = {New York, NY, USA},
 keywords = {Empower, Families, Human-Centered Design, Intensive Care Unit, Nurses, Nurture, Support},
}

@article{Liu:2006:CWM:1233321.1233323,
 author = {Liu, Kun and Bhaduri, Kanishka and Das, Kamalika and Nguyen, Phuong and Kargupta, Hillol},
 title = {Client-side Web Mining for Community Formation in Peer-to-peer Environments},
 journal = {SIGKDD Explor. Newsl.},
 issue_date = {December 2006},
 volume = {8},
 number = {2},
 month = dec,
 year = {2006},
 issn = {1931-0145},
 pages = {11--20},
 numpages = {10},
 url = {http://doi.acm.org/10.1145/1233321.1233323},
 doi = {10.1145/1233321.1233323},
 acmid = {1233323},
 publisher = {ACM},
 address = {New York, NY, USA},
 keywords = {order statistics, peer-to-peer community, privacy preserving data mining},
}

@inproceedings{Adams:1996:IMP:237466.237646,
 author = {Adams, Elizabeth S. and Carswell, Linda and Kumar, Amruth and Meyer, Jeanine and Ellis, Ainslie and Hall, Patrick and Motil, John},
 title = {Interactive Multimedia Pedagogies: Report of the Working Group on Interactive Multimedia Pedagogy},
 booktitle = {Proceedings of the 1st Conference on Integrating Technology into Computer Science Education},
 series = {ITiCSE '96},
 year = {1996},
 isbn = {0-89791-844-4},
 location = {Barcelona, Spain},
 pages = {182--191},
 numpages = {10},
 url = {http://doi.acm.org/10.1145/237466.237646},
 doi = {10.1145/237466.237646},
 acmid = {237646},
 publisher = {ACM},
 address = {New York, NY, USA},
}

@article{Adams:1996:IMP:1013718.237646,
 author = {Adams, Elizabeth S. and Carswell, Linda and Kumar, Amruth and Meyer, Jeanine and Ellis, Ainslie and Hall, Patrick and Motil, John},
 title = {Interactive Multimedia Pedagogies: Report of the Working Group on Interactive Multimedia Pedagogy},
 journal = {SIGCUE Outlook},
 issue_date = {Jan.-July, 1996},
 volume = {24},
 number = {1-3},
 month = jan,
 year = {1996},
 issn = {0163-5735},
 pages = {182--191},
 numpages = {10},
 url = {http://doi.acm.org/10.1145/1013718.237646},
 doi = {10.1145/1013718.237646},
 acmid = {237646},
 publisher = {ACM},
 address = {New York, NY, USA},
}

@article{Adams:1996:IMP:237477.237646,
 author = {Adams, Elizabeth S. and Carswell, Linda and Kumar, Amruth and Meyer, Jeanine and Ellis, Ainslie and Hall, Patrick and Motil, John},
 title = {Interactive Multimedia Pedagogies: Report of the Working Group on Interactive Multimedia Pedagogy},
 journal = {SIGCSE Bull.},
 issue_date = {1996},
 volume = {28},
 number = {SI},
 month = jan,
 year = {1996},
 issn = {0097-8418},
 pages = {182--191},
 numpages = {10},
 url = {http://doi.acm.org/10.1145/237477.237646},
 doi = {10.1145/237477.237646},
 acmid = {237646},
 publisher = {ACM},
 address = {New York, NY, USA},
}

@inproceedings{Cockton:2006:DWW:1182475.1182493,
 author = {Cockton, Gilbert},
 title = {Designing Worth is Worth Designing},
 booktitle = {Proceedings of the 4th Nordic Conference on Human-computer Interaction: Changing Roles},
 series = {NordiCHI '06},
 year = {2006},
 isbn = {1-59593-325-5},
 location = {Oslo, Norway},
 pages = {165--174},
 numpages = {10},
 url = {http://doi.acm.org/10.1145/1182475.1182493},
 doi = {10.1145/1182475.1182493},
 acmid = {1182493},
 publisher = {ACM},
 address = {New York, NY, USA},
 keywords = {evaluation, motivation, value-centred design, value-sensitive design, worth-centred design},
}

@inproceedings{Lotufo:2012:TIB:2664446.2664448,
 author = {Lotufo, Rafael and Passos, Leonardo and Czarnecki, Krzysztof},
 title = {Towards Improving Bug Tracking Systems with Game Mechanisms},
 booktitle = {Proceedings of the 9th IEEE Working Conference on Mining Software Repositories},
 series = {MSR '12},
 year = {2012},
 isbn = {978-1-4673-1761-0},
 location = {Zurich, Switzerland},
 pages = {2--11},
 numpages = {10},
 url = {http://dl.acm.org/citation.cfm?id=2664446.2664448},
 acmid = {2664448},
 publisher = {IEEE Press},
 address = {Piscataway, NJ, USA},
}

@inproceedings{Repenning:2006:EMI:1183316.1183341,
 author = {Repenning, Alexander},
 title = {Excuse Me, I Need Better AI!: Employing Collaborative Diffusion to Make Game AI Child's Play},
 booktitle = {Proceedings of the 2006 ACM SIGGRAPH Symposium on Videogames},
 series = {Sandbox '06},
 year = {2006},
 isbn = {1-59593-386-7},
 location = {Boston, Massachusetts},
 pages = {169--178},
 numpages = {10},
 url = {http://doi.acm.org/10.1145/1183316.1183341},
 doi = {10.1145/1183316.1183341},
 acmid = {1183341},
 publisher = {ACM},
 address = {New York, NY, USA},
 keywords = {collaborative agents, diffusion, distributed artificial intelligence, end-user programming, game AI, incremental AI, multi-agent architecture, object-oriented programming, psychology of programming},
}

@inproceedings{Ko:2014:TYS:2593702.2593719,
 author = {Ko, Andrew J. and Dosono, Bryan and Duriseti, Neeraja},
 title = {Thirty Years of Software Problems in the News},
 booktitle = {Proceedings of the 7th International Workshop on Cooperative and Human Aspects of Software Engineering},
 series = {CHASE 2014},
 year = {2014},
 isbn = {978-1-4503-2860-9},
 location = {Hyderabad, India},
 pages = {32--39},
 numpages = {8},
 url = {http://doi.acm.org/10.1145/2593702.2593719},
 doi = {10.1145/2593702.2593719},
 acmid = {2593719},
 publisher = {ACM},
 address = {New York, NY, USA},
 keywords = {Software failures, news, news clustering},
}

@inproceedings{Yardi:2009:BWC:1518701.1519016,
 author = {Yardi, Sarita and Golder, Scott A. and Brzozowski, Michael J.},
 title = {Blogging at Work and the Corporate Attention Economy},
 booktitle = {Proceedings of the SIGCHI Conference on Human Factors in Computing Systems},
 series = {CHI '09},
 year = {2009},
 isbn = {978-1-60558-246-7},
 location = {Boston, MA, USA},
 pages = {2071--2080},
 numpages = {10},
 url = {http://doi.acm.org/10.1145/1518701.1519016},
 doi = {10.1145/1518701.1519016},
 acmid = {1519016},
 publisher = {ACM},
 address = {New York, NY, USA},
 keywords = {attention economy, blog readers, blogging, social computing, workplace},
}

@inproceedings{Repenning:2006:CDP:1176617.1176630,
 author = {Repenning, Alexander},
 title = {Collaborative Diffusion: Programming Antiobjects},
 booktitle = {Companion to the 21st ACM SIGPLAN Symposium on Object-oriented Programming Systems, Languages, and Applications},
 series = {OOPSLA '06},
 year = {2006},
 isbn = {1-59593-491-X},
 location = {Portland, Oregon, USA},
 pages = {574--585},
 numpages = {12},
 url = {http://doi.acm.org/10.1145/1176617.1176630},
 doi = {10.1145/1176617.1176630},
 acmid = {1176630},
 publisher = {ACM},
 address = {New York, NY, USA},
 keywords = {collaborative agents, diffusion, distributed artificial intelligence, end-user programming, game AI, incremental AI, multi-agent architecture, object-oriented programming, psychology of programming},
}

@inproceedings{Neustaedter:2009:CSM:1518701.1518878,
 author = {Neustaedter, Carman and Fedorovskaya, Elena},
 title = {Capturing and Sharing Memories in a Virtual World},
 booktitle = {Proceedings of the SIGCHI Conference on Human Factors in Computing Systems},
 series = {CHI '09},
 year = {2009},
 isbn = {978-1-60558-246-7},
 location = {Boston, MA, USA},
 pages = {1161--1170},
 numpages = {10},
 url = {http://doi.acm.org/10.1145/1518701.1518878},
 doi = {10.1145/1518701.1518878},
 acmid = {1518878},
 publisher = {ACM},
 address = {New York, NY, USA},
 keywords = {memories, photo sharing, second life, virtual worlds},
}

@article{Nikula:2011:MGH:2048931.2048935,
 author = {Nikula, Uolevi and Gotel, Orlena and Kasurinen, Jussi},
 title = {A Motivation Guided Holistic Rehabilitation of the First Programming Course},
 journal = {ACM Trans. Comput. Educ.},
 issue_date = {November 2011},
 volume = {11},
 number = {4},
 month = nov,
 year = {2011},
 issn = {1946-6226},
 pages = {24:1--24:38},
 articleno = {24},
 numpages = {38},
 url = {http://doi.acm.org/10.1145/2048931.2048935},
 doi = {10.1145/2048931.2048935},
 acmid = {2048935},
 publisher = {ACM},
 address = {New York, NY, USA},
 keywords = {CS1, Theory of Constraints, Two-Factor Theory, course redesign, hygiene factors, intrinsic and extrinsic motivators, systems approach},
}

@article{Oliva:2016:ISG:2874239.2874298,
 author = {Oliva, Mario Arias and Palma, Ana Mar\'{\i}a Lara and Murata, Kiyoshi and Adams, Andrew A.},
 title = {Information Surveillance by Governments: Impacts of Snowden's Revelations in Spain},
 journal = {SIGCAS Comput. Soc.},
 issue_date = {September 2015},
 volume = {45},
 number = {3},
 month = jan,
 year = {2016},
 issn = {0095-2737},
 pages = {398--406},
 numpages = {9},
 url = {http://doi.acm.org/10.1145/2874239.2874298},
 doi = {10.1145/2874239.2874298},
 acmid = {2874298},
 publisher = {ACM},
 address = {New York, NY, USA},
 keywords = {Edward Snowden, privacy, social impact, spain, state surveillance},
}

@inproceedings{Yuan:2018:TLI:3180374.3181325,
 author = {Yuan, Ling and Nguyen, Thi-Trang-Nhung and Vu, Manh-Cuong},
 title = {Transformational Leadership and Its Impact on Performance: The Role of Psychological Capital and Collectivism},
 booktitle = {Proceedings of the 2018 2Nd International Conference on Management Engineering, Software Engineering and Service Sciences},
 series = {ICMSS 2018},
 year = {2018},
 isbn = {978-1-4503-5431-8},
 location = {Wuhan, China},
 pages = {18--27},
 numpages = {10},
 url = {http://doi.acm.org/10.1145/3180374.3181325},
 doi = {10.1145/3180374.3181325},
 acmid = {3181325},
 publisher = {ACM},
 address = {New York, NY, USA},
 keywords = {Collectivism, Employee Performance, Psychological Capital, Transformational Leadership},
}

@inproceedings{Gou:2014:KSU:2556288.2557398,
 author = {Gou, Liang and Zhou, Michelle X. and Yang, Huahai},
 title = {KnowMe and ShareMe: Understanding Automatically Discovered Personality Traits from Social Media and User Sharing Preferences},
 booktitle = {Proceedings of the SIGCHI Conference on Human Factors in Computing Systems},
 series = {CHI '14},
 year = {2014},
 isbn = {978-1-4503-2473-1},
 location = {Toronto, Ontario, Canada},
 pages = {955--964},
 numpages = {10},
 url = {http://doi.acm.org/10.1145/2556288.2557398},
 doi = {10.1145/2556288.2557398},
 acmid = {2557398},
 publisher = {ACM},
 address = {New York, NY, USA},
 keywords = {basic values, big 5 personality, fundamental needs, personality traits, privacy, social media},
}

@inproceedings{Gou:2014:KSU:2611105.2557398,
 author = {Gou, Liang and Zhou, Michelle X. and Yang, Huahai},
 title = {KnowMe and ShareMe: Understanding Automatically Discovered Personality Traits from Social Media and User Sharing Preferences},
 booktitle = {Proceedings of the 32Nd Annual ACM Conference on Human Factors in Computing Systems},
 series = {CHI '14},
 year = {2014},
 isbn = {978-1-4503-2473-1},
 location = {Toronto, Ontario, Canada},
 pages = {955--964},
 numpages = {10},
 url = {http://doi.acm.org/10.1145/2556288.2557398},
 doi = {10.1145/2556288.2557398},
 acmid = {2557398},
 publisher = {ACM},
 address = {New York, NY, USA},
 keywords = {basic values, big 5 personality, fundamental needs, personality traits, privacy, social media},
}

@inproceedings{Maciel:2011:ISW:2254436.2254441,
 author = {Maciel, Cristiano},
 title = {Issues of the Social Web Interaction Project Faced with Afterlife Digital Legacy},
 booktitle = {Proceedings of the 10th Brazilian Symposium on Human Factors in Computing Systems and the 5th Latin American Conference on Human-Computer Interaction},
 series = {IHC+CLIHC '11},
 year = {2011},
 isbn = {978-85-7669-257-7},
 location = {Porto de Galinhas, Pernambuco, Brazil},
 pages = {3--12},
 numpages = {10},
 url = {http://dl.acm.org/citation.cfm?id=2254436.2254441},
 acmid = {2254441},
 publisher = {Brazilian Computer Society},
 address = {Porto Alegre, Brazil, Brazil},
 keywords = {digital legacy, digital life and death, posthumous interaction, social web, volition},
}

@inproceedings{Kane:2017:TAC:2998181.2998284,
 author = {Kane, Shaun K. and Morris, Meredith Ringel and Paradiso, Ann and Campbell, Jon},
 title = {"At Times Avuncular and Cantankerous, with the Reflexes of a Mongoose": Understanding Self-Expression Through Augmentative and Alternative Communication Devices},
 booktitle = {Proceedings of the 2017 ACM Conference on Computer Supported Cooperative Work and Social Computing},
 series = {CSCW '17},
 year = {2017},
 isbn = {978-1-4503-4335-0},
 location = {Portland, Oregon, USA},
 pages = {1166--1179},
 numpages = {14},
 url = {http://doi.acm.org/10.1145/2998181.2998284},
 doi = {10.1145/2998181.2998284},
 acmid = {2998284},
 publisher = {ACM},
 address = {New York, NY, USA},
 keywords = {aac, als, communication disabilities, gaze interfaces, locked-in syndromes, paralysis, speech generation},
}

@article{Kakar:2017:IRU:3068852.3057271,
 author = {Kakar, Adarsh Kumar},
 title = {Investigating the Relationships Between the Use Contexts, User Perceived Values, and Loyalty to a Software Product},
 journal = {ACM Trans. Manage. Inf. Syst.},
 issue_date = {May 2017},
 volume = {8},
 number = {1},
 month = may,
 year = {2017},
 issn = {2158-656X},
 pages = {3:1--3:23},
 articleno = {3},
 numpages = {23},
 url = {http://doi.acm.org/10.1145/3057271},
 doi = {10.1145/3057271},
 acmid = {3057271},
 publisher = {ACM},
 address = {New York, NY, USA},
 keywords = {Hedonic value, social value, user loyalty, utilitarian value},
}

@Article{1975:1017617,
 journal = {SIGMIS Database},
 year = {1975},
 issn = {0095-0033},
 volume = {6},
 number = {4},
 issue_date = {Spring 1975},
 publisher = {ACM},
 address = {New York, NY, USA},
key = {{$\!\!$}} ,
}

@inproceedings{Kaos:2019:SPE:3290605.3300660,
 author = {Kaos, Maximus D. and Rhodes, Ryan E. and H\"{a}m\"{a}l\"{a}inen, Perttu and Graham, T.C. Nicholas},
 title = {Social Play in an Exergame: How the Need to Belong Predicts Adherence},
 booktitle = {Proceedings of the 2019 CHI Conference on Human Factors in Computing Systems},
 series = {CHI '19},
 year = {2019},
 isbn = {978-1-4503-5970-2},
 location = {Glasgow, Scotland Uk},
 pages = {430:1--430:13},
 articleno = {430},
 numpages = {13},
 url = {http://doi.acm.org/10.1145/3290605.3300660},
 doi = {10.1145/3290605.3300660},
 acmid = {3300660},
 publisher = {ACM},
 address = {New York, NY, USA},
 keywords = {exergames, program belonging, social play},
}

@inproceedings{McInnis:2016:ODF:2818048.2820075,
 author = {McInnis, Brian James and Murnane, Elizabeth Lindley and Epstein, Dmitry and Cosley, Dan and Leshed, Gilly},
 title = {One and Done: Factors Affecting One-time Contributors to Ad-hoc Online Communities},
 booktitle = {Proceedings of the 19th ACM Conference on Computer-Supported Cooperative Work \& Social Computing},
 series = {CSCW '16},
 year = {2016},
 isbn = {978-1-4503-3592-8},
 location = {San Francisco, California, USA},
 pages = {609--623},
 numpages = {15},
 url = {http://doi.acm.org/10.1145/2818048.2820075},
 doi = {10.1145/2818048.2820075},
 acmid = {2820075},
 publisher = {ACM},
 address = {New York, NY, USA},
 keywords = {Amazon Mechanical Turk, One-time participation, Online community},
}

@inproceedings{Marcus:2011:CUD:2077434.2077437,
 author = {Marcus, Aaron},
 title = {Cross-cultural User-experience Design},
 booktitle = {SIGGRAPH Asia 2011 Courses},
 series = {SA '11},
 year = {2011},
 isbn = {978-1-4503-1135-9},
 location = {Hong Kong, China},
 pages = {3:1--3:201},
 articleno = {3},
 numpages = {201},
 url = {http://doi.acm.org/10.1145/2077434.2077437},
 doi = {10.1145/2077434.2077437},
 acmid = {2077437},
 publisher = {ACM},
 address = {New York, NY, USA},
}

@incollection{2017:PRE:3015783.3015784,
 chapter = {Preface},
 title = {The Handbook of Multimodal-Multisensor Interfaces},
 editor = {Oviatt, Sharon and Schuller, Bj\"{o}rn and Cohen, Philip R. and Sonntag, Daniel and Potamianos, Gerasimos and Kr\"{u}ger, Antonio},
 year = {2017},
 isbn = {978-1-97000-167-9},
 pages = {xv--xvii},
 url = {https://doi.org/10.1145/3015783.3015784},
 doi = {10.1145/3015783.3015784},
 acmid = {3015784},
 publisher = {Association for Computing Machinery and Morgan \&\#38; Claypool},
 address = {New York, NY, USA},
key = {{$\!\!$}} ,
}

@book{Oviatt:2017:HMI:3015783,
 editor = {Oviatt, Sharon and Schuller, Bj\"{o}rn and Cohen, Philip R. and Sonntag, Daniel and Potamianos, Gerasimos and Kr\"{u}ger, Antonio},
 title = {The Handbook of Multimodal-Multisensor Interfaces: Foundations, User Modeling, and Common Modality Combinations - Volume 1},
 year = {2017},
 isbn = {978-1-97000-167-9},
 volume = {Volume 1},
 publisher = {Association for Computing Machinery and Morgan \&\#38; Claypool},
 address = {New York, NY, USA},
}

@inproceedings{Phelps:2005:OCP:1198555.1198686,
 author = {Phelps, Andrew M. and Egert, Christopher A. and Bierre, Kevin J. and Parks, David M.},
 title = {An Open-source CVE for Programming Education: A Case Study},
 booktitle = {ACM SIGGRAPH 2005 Courses},
 series = {SIGGRAPH '05},
 year = {2005},
 location = {Los Angeles, California},
 articleno = {1},
 url = {http://doi.acm.org/10.1145/1198555.1198686},
 doi = {10.1145/1198555.1198686},
 acmid = {1198686},
 publisher = {ACM},
 address = {New York, NY, USA},
}

