@inproceedings{Ritter:2016:MLW:2876034.2876039,
 author = {Ritter, Steve and Yudelson, Michael and Fancsali, Stephen E. and Berman, Susan R.},
 title = {How Mastery Learning Works at Scale},
 booktitle = {Proceedings of the Third (2016) ACM Conference on Learning @ Scale},
 series = {L@S '16},
 year = {2016},
 isbn = {978-1-4503-3726-7},
 location = {Edinburgh, Scotland, UK},
 pages = {71--79},
 numpages = {9},
 url = {http://doi.acm.org/10.1145/2876034.2876039},
 doi = {10.1145/2876034.2876039},
 acmid = {2876039},
 publisher = {ACM},
 address = {New York, NY, USA},
 keywords = {adaptive educational systems, big data, educational outcomes, intelligent tutors, longitudinal data, mastery learning},
}

@inproceedings{Garner:2019:MLC:3286960.3286965,
 author = {Garner, James and Denny, Paul and Luxton-Reilly, Andrew},
 title = {Mastery Learning in Computer Science Education},
 booktitle = {Proceedings of the Twenty-First Australasian Computing Education Conference},
 series = {ACE '19},
 year = {2019},
 isbn = {978-1-4503-6622-9},
 location = {Sydney, NSW, Australia},
 pages = {37--46},
 numpages = {10},
 url = {http://doi.acm.org/10.1145/3286960.3286965},
 doi = {10.1145/3286960.3286965},
 acmid = {3286965},
 publisher = {ACM},
 address = {New York, NY, USA},
 keywords = {Keller plan, PSI, mastery learning, pedagogy},
}

@article{LeJeune:2010:CGM:1858583.1858604,
 author = {LeJeune, Noel},
 title = {Contract Grading with Mastery Learning in CS 1},
 journal = {J. Comput. Sci. Coll.},
 issue_date = {December 2010},
 volume = {26},
 number = {2},
 month = dec,
 year = {2010},
 issn = {1937-4771},
 pages = {149--156},
 numpages = {8},
 url = {http://dl.acm.org/citation.cfm?id=1858583.1858604},
 acmid = {1858604},
 publisher = {Consortium for Computing Sciences in Colleges},
 address = {USA},
}

@inproceedings{Ott:2018:FYM:3279720.3279752,
 author = {Ott, Claudia and McCane, Brendan and Meek, Nick},
 title = {Five Years of Mastery Learning: What Did We Learn?},
 booktitle = {Proceedings of the 18th Koli Calling International Conference on Computing Education Research},
 series = {Koli Calling '18},
 year = {2018},
 isbn = {978-1-4503-6535-2},
 location = {Koli, Finland},
 pages = {33:1--33:2},
 articleno = {33},
 numpages = {2},
 url = {http://doi.acm.org/10.1145/3279720.3279752},
 doi = {10.1145/3279720.3279752},
 acmid = {3279752},
 publisher = {ACM},
 address = {New York, NY, USA},
 keywords = {CS1, Introductory programming, Mastery Learning, Self-Regulated Learning, Student Engagement},
}

@inproceedings{McCane:2017:MLI:3013499.3013501,
 author = {McCane, Brendan and Ott, Claudia and Meek, Nick and Robins, Anthony},
 title = {Mastery Learning in Introductory Programming},
 booktitle = {Proceedings of the Nineteenth Australasian Computing Education Conference},
 series = {ACE '17},
 year = {2017},
 isbn = {978-1-4503-4823-2},
 location = {Geelong, VIC, Australia},
 pages = {1--10},
 numpages = {10},
 url = {http://doi.acm.org/10.1145/3013499.3013501},
 doi = {10.1145/3013499.3013501},
 acmid = {3013501},
 publisher = {ACM},
 address = {New York, NY, USA},
 keywords = {CS1, Introductory Programming, Mastery Learning, Python},
}

@inproceedings{Jazayeri:2015:CML:2819009.2819059,
 author = {Jazayeri, Mehdi},
 title = {Combining Mastery Learning with Project-based Learning in a First Programming Course: An Experience Report},
 booktitle = {Proceedings of the 37th International Conference on Software Engineering - Volume 2},
 series = {ICSE '15},
 year = {2015},
 location = {Florence, Italy},
 pages = {315--318},
 numpages = {4},
 url = {http://dl.acm.org/citation.cfm?id=2819009.2819059},
 acmid = {2819059},
 publisher = {IEEE Press},
 address = {Piscataway, NJ, USA},
 keywords = {CS1/CS2, first programming course, introductory programming, mastery learning, project-based learning, software engineering education},
}

@article{Engle:2013:ECR:2458539.2458564,
 author = {Engle, Sophie and Rollins, Sami},
 title = {Expert Code Review and Mastery Learning in a Software Development Course},
 journal = {J. Comput. Sci. Coll.},
 issue_date = {April 2013},
 volume = {28},
 number = {4},
 month = apr,
 year = {2013},
 issn = {1937-4771},
 pages = {139--147},
 numpages = {9},
 url = {http://dl.acm.org/citation.cfm?id=2458539.2458564},
 acmid = {2458564},
 publisher = {Consortium for Computing Sciences in Colleges},
 address = {USA},
}

@inproceedings{Luxton-Reilly:2017:DAD:3059009.3081327,
 author = {Luxton-Reilly, Andrew and Becker, Brett A. and Cao, Yingjun and McDermott, Roger and Mirolo, Claudio and M\"{u}hling, Andreas and Petersen, Andrew and Sanders, Kate and Simon and Whalley, Jacqueline},
 title = {Developing Assessments to Determine Mastery of Programming Fundamentals},
 booktitle = {Proceedings of the 2017 ACM Conference on Innovation and Technology in Computer Science Education},
 series = {ITiCSE '17},
 year = {2017},
 isbn = {978-1-4503-4704-4},
 location = {Bologna, Italy},
 pages = {388--388},
 numpages = {1},
 url = {http://doi.acm.org/10.1145/3059009.3081327},
 doi = {10.1145/3059009.3081327},
 acmid = {3081327},
 publisher = {ACM},
 address = {New York, NY, USA},
 keywords = {assessment, computer science education, cs1, exam, iticse working group, learning, learning outcomes, mastery, novice programming, questions},
}

@article{Jackova:2008:LMI:1597849.1384394,
 author = {Jackov\'{a}, Jana},
 title = {Learning for Mastery in an Introductory Programming Course},
 journal = {SIGCSE Bull.},
 issue_date = {September 2008},
 volume = {40},
 number = {3},
 month = jun,
 year = {2008},
 issn = {0097-8418},
 pages = {352--352},
 numpages = {1},
 url = {http://doi.acm.org/10.1145/1597849.1384394},
 doi = {10.1145/1597849.1384394},
 acmid = {1384394},
 publisher = {ACM},
 address = {New York, NY, USA},
 keywords = {effectiveness, introductory course of programming, mastery learning, methods, pedagogical approaches, psi, research},
}

@inproceedings{Jackova:2008:LMI:1384271.1384394,
 author = {Jackov\'{a}, Jana},
 title = {Learning for Mastery in an Introductory Programming Course},
 booktitle = {Proceedings of the 13th Annual Conference on Innovation and Technology in Computer Science Education},
 series = {ITiCSE '08},
 year = {2008},
 isbn = {978-1-60558-078-4},
 location = {Madrid, Spain},
 pages = {352--352},
 numpages = {1},
 url = {http://doi.acm.org/10.1145/1384271.1384394},
 doi = {10.1145/1384271.1384394},
 acmid = {1384394},
 publisher = {ACM},
 address = {New York, NY, USA},
 keywords = {effectiveness, introductory course of programming, mastery learning, methods, pedagogical approaches, psi, research},
}

@inproceedings{Mostafavi:2015:TDM:2723576.2723622,
 author = {Mostafavi, Behrooz and Eagle, Michael and Barnes, Tiffany},
 title = {Towards Data-driven Mastery Learning},
 booktitle = {Proceedings of the Fifth International Conference on Learning Analytics And Knowledge},
 series = {LAK '15},
 year = {2015},
 isbn = {978-1-4503-3417-4},
 location = {Poughkeepsie, New York},
 pages = {270--274},
 numpages = {5},
 url = {http://doi.acm.org/10.1145/2723576.2723622},
 doi = {10.1145/2723576.2723622},
 acmid = {2723622},
 publisher = {ACM},
 address = {New York, NY, USA},
 keywords = {data-driven mastery learning, knowledge tracing, logic proof, problem selection},
}

@inproceedings{Campbell:2019:SML:3287324.3287481,
 author = {Campbell, Jennifer and Petersen, Andrew and Smith, Jacqueline},
 title = {Self-paced Mastery Learning CS1},
 booktitle = {Proceedings of the 50th ACM Technical Symposium on Computer Science Education},
 series = {SIGCSE '19},
 year = {2019},
 isbn = {978-1-4503-5890-3},
 location = {Minneapolis, MN, USA},
 pages = {955--961},
 numpages = {7},
 url = {http://doi.acm.org/10.1145/3287324.3287481},
 doi = {10.1145/3287324.3287481},
 acmid = {3287481},
 publisher = {ACM},
 address = {New York, NY, USA},
 keywords = {cs1, mastery learning, novice programming, self-paced},
}

@inproceedings{Abadia:2018:SFE:3290511.3290558,
 author = {Abadia, Rhodora and Calvert, James and Tauseef, Syed Mohammad},
 title = {Salient Features of an Effective Immersive Non-collaborative Virtual Reality Learning Environment},
 booktitle = {Proceedings of the 10th International Conference on Education Technology and Computers},
 series = {ICETC '18},
 year = {2018},
 isbn = {978-1-4503-6517-8},
 location = {Tokyo, Japan},
 pages = {268--278},
 numpages = {11},
 url = {http://doi.acm.org/10.1145/3290511.3290558},
 doi = {10.1145/3290511.3290558},
 acmid = {3290558},
 publisher = {ACM},
 address = {New York, NY, USA},
 keywords = {immersive learning environment, salient features, technology in education, virtual reality learning environment},
}

@article{Koppelaar:1977:GDG:1102766.1102768,
 author = {Koppelaar, Henk},
 title = {Geometric Distribution Generator},
 journal = {SIGSIM Simul. Dig.},
 issue_date = {April 1977},
 volume = {8},
 number = {3},
 month = apr,
 year = {1977},
 issn = {0163-6103},
 pages = {15--16},
 numpages = {2},
 url = {http://doi.acm.org/10.1145/1102766.1102768},
 doi = {10.1145/1102766.1102768},
 acmid = {1102768},
 publisher = {ACM},
 address = {New York, NY, USA},
}

@inproceedings{Montebello:2018:IPR:3231644.3231693,
 author = {Montebello, Matthew and Pinheiro, Petrilson and Cope, Bill and Kalantzis, Mary and Amina, Tabassum and Searsmith, Duane and Cao, Dungyun},
 title = {The Impact of the Peer Review Process Evolution on Learner Performance in e-Learning Environments},
 booktitle = {Proceedings of the Fifth Annual ACM Conference on Learning at Scale},
 series = {L@S '18},
 year = {2018},
 isbn = {978-1-4503-5886-6},
 location = {London, United Kingdom},
 pages = {35:1--35:3},
 articleno = {35},
 numpages = {3},
 url = {http://doi.acm.org/10.1145/3231644.3231693},
 doi = {10.1145/3231644.3231693},
 acmid = {3231693},
 publisher = {ACM},
 address = {New York, NY, USA},
 keywords = {e-learning, peer-reviews, recursive feedback, student performance},
}

@inproceedings{Adjei:2017:SCA:3027385.3027412,
 author = {Adjei, Seth A. and Botelho, Anthony F. and Heffernan, Neil T.},
 title = {Sequencing Content in an Adaptive Testing System: The Role of Choice},
 booktitle = {Proceedings of the Seventh International Learning Analytics \&\#38; Knowledge Conference},
 series = {LAK '17},
 year = {2017},
 isbn = {978-1-4503-4870-6},
 location = {Vancouver, British Columbia, Canada},
 pages = {178--182},
 numpages = {5},
 url = {http://doi.acm.org/10.1145/3027385.3027412},
 doi = {10.1145/3027385.3027412},
 acmid = {3027412},
 publisher = {ACM},
 address = {New York, NY, USA},
 keywords = {ASSISTments, PLACements, mastery learning, remediation assignments, student choice},
}

@inproceedings{Pelanek:2017:EAM:3079628.3079667,
 author = {Pel\'{a}nek, Radek and \v{R}ih\'{a}k, Ji\v{r}\'{\i}},
 title = {Experimental Analysis of Mastery Learning Criteria},
 booktitle = {Proceedings of the 25th Conference on User Modeling, Adaptation and Personalization},
 series = {UMAP '17},
 year = {2017},
 isbn = {978-1-4503-4635-1},
 location = {Bratislava, Slovakia},
 pages = {156--163},
 numpages = {8},
 url = {http://doi.acm.org/10.1145/3079628.3079667},
 doi = {10.1145/3079628.3079667},
 acmid = {3079667},
 publisher = {ACM},
 address = {New York, NY, USA},
 keywords = {bayesian knowledge tracing, exponential moving average, learner modeling, mastery learning},
}

@inproceedings{dePontes:2019:AGI:3287324.3287367,
 author = {de Pontes, Rafael G. and Guerrero, Dalton D. S. and de Figueiredo, Jorge C. A.},
 title = {Analyzing Gamification Impact on a Mastery Learning Introductory Programming Course},
 booktitle = {Proceedings of the 50th ACM Technical Symposium on Computer Science Education},
 series = {SIGCSE '19},
 year = {2019},
 isbn = {978-1-4503-5890-3},
 location = {Minneapolis, MN, USA},
 pages = {400--406},
 numpages = {7},
 url = {http://doi.acm.org/10.1145/3287324.3287367},
 doi = {10.1145/3287324.3287367},
 acmid = {3287367},
 publisher = {ACM},
 address = {New York, NY, USA},
 keywords = {badge, education, gamification, leaderboard, mastery learning, programming},
}

@article{Buie:1986:BID:15671.15676,
 author = {Buie, Elizabeth A.},
 title = {Bibliography: Individual Differences and Computer-human Interaction},
 journal = {SIGCHI Bull.},
 issue_date = {January 1986},
 volume = {17},
 number = {3},
 month = jan,
 year = {1986},
 issn = {0736-6906},
 pages = {47--49},
 numpages = {3},
 url = {http://doi.acm.org/10.1145/15671.15676},
 doi = {10.1145/15671.15676},
 acmid = {15676},
 publisher = {ACM},
 address = {New York, NY, USA},
}

@inproceedings{Gong:2015:TDW:2724660.2724673,
 author = {Gong, Yue and Beck, Joseph E.},
 title = {Towards Detecting Wheel-Spinning: Future Failure in Mastery Learning},
 booktitle = {Proceedings of the Second (2015) ACM Conference on Learning @ Scale},
 series = {L@S '15},
 year = {2015},
 isbn = {978-1-4503-3411-2},
 location = {Vancouver, BC, Canada},
 pages = {67--74},
 numpages = {8},
 url = {http://doi.acm.org/10.1145/2724660.2724673},
 doi = {10.1145/2724660.2724673},
 acmid = {2724673},
 publisher = {ACM},
 address = {New York, NY, USA},
 keywords = {behavioral detector, mastery learning, prediction, student modeling, wheel-spinning},
}

@inproceedings{Doroudi:2019:FBF:3303772.3303838,
 author = {Doroudi, Shayan and Brunskill, Emma},
 title = {Fairer but Not Fair Enough On the Equitability of Knowledge Tracing},
 booktitle = {Proceedings of the 9th International Conference on Learning Analytics \& Knowledge},
 series = {LAK19},
 year = {2019},
 isbn = {978-1-4503-6256-6},
 location = {Tempe, AZ, USA},
 pages = {335--339},
 numpages = {5},
 url = {http://doi.acm.org/10.1145/3303772.3303838},
 doi = {10.1145/3303772.3303838},
 acmid = {3303838},
 publisher = {ACM},
 address = {New York, NY, USA},
 keywords = {equity, fairness, knowledge tracing, model misspecification},
}

@inproceedings{Corbett:2000:IIC:332040.332412,
 author = {Corbett, Albert and Trask, Holly},
 title = {Instructional Interventions in Computer-based Tutoring: Differential Impact on Learning Time and Accuracy},
 booktitle = {Proceedings of the SIGCHI Conference on Human Factors in Computing Systems},
 series = {CHI '00},
 year = {2000},
 isbn = {1-58113-216-6},
 location = {The Hague, The Netherlands},
 pages = {97--104},
 numpages = {8},
 url = {http://doi.acm.org/10.1145/332040.332412},
 doi = {10.1145/332040.332412},
 acmid = {332412},
 publisher = {ACM},
 address = {New York, NY, USA},
 keywords = {animation, instructional interface design, intelligent tutoring systems, plan scaffolding, student modeling},
}

@inproceedings{Pelanek:2016:IDC:2883851.2883868,
 author = {Pel\'{a}nek, Radek and Rih\'{a}k, Jir\'{\i} and Papou\v{s}ek, Jan},
 title = {Impact of Data Collection on Interpretation and Evaluation of Student Models},
 booktitle = {Proceedings of the Sixth International Conference on Learning Analytics \& Knowledge},
 series = {LAK '16},
 year = {2016},
 isbn = {978-1-4503-4190-5},
 location = {Edinburgh, United Kingdom},
 pages = {40--47},
 numpages = {8},
 url = {http://doi.acm.org/10.1145/2883851.2883868},
 doi = {10.1145/2883851.2883868},
 acmid = {2883868},
 publisher = {ACM},
 address = {New York, NY, USA},
 keywords = {attition, bias, data sets, evaluation, parameter fitting, student modeling},
}

@proceedings{2017:3013499,
 title = {ACE '17: Proceedings of the Nineteenth Australasian Computing Education Conference},
 year = {2017},
 isbn = {978-1-4503-4823-2},
 location = {Geelong, VIC, Australia},
 publisher = {ACM},
 address = {New York, NY, USA},
key = {{$\!\!$}} ,
}

@proceedings{Simon:2019:3286960,
 title = {ACE '19: Proceedings of the Twenty-First Australasian Computing Education Conference},
 year = {2019},
 isbn = {978-1-4503-6622-9},
 location = {Sydney, NSW, Australia},
 publisher = {ACM},
 address = {New York, NY, USA},
}

@inproceedings{Masood:2017:CRI:3152723.3152735,
 author = {Masood, Mona and Mokmin, Nur Azlina Mohamed},
 title = {Case-based Reasoning Intelligent Tutoring System: An Application of Big Data and IoT},
 booktitle = {Proceedings of the 2017 International Conference on Big Data Research},
 series = {ICBDR 2017},
 year = {2017},
 isbn = {978-1-4503-5356-4},
 location = {Osaka, Japan},
 pages = {28--32},
 numpages = {5},
 url = {http://doi.acm.org/10.1145/3152723.3152735},
 doi = {10.1145/3152723.3152735},
 acmid = {3152735},
 publisher = {ACM},
 address = {New York, NY, USA},
 keywords = {Algebra, Artificial Intelligence, Big Data, Case-based Reasoning, Instructional, Intelligent Tutoring System, Internet of Things, Interpersonal, Learning Style, Mastery, Mathematics, Self-Expressive, Understanding},
}

@article{Urban-Lurain:1999:LIU:384266.299738,
 author = {Urban-Lurain, Mark and Weinshank, Donald J.},
 title = {\&Ldquo;I Do and I Understand\&Rdquo;: Mastery Model Learning for a Large Non-major Course},
 journal = {SIGCSE Bull.},
 issue_date = {March 1999},
 volume = {31},
 number = {1},
 month = mar,
 year = {1999},
 issn = {0097-8418},
 pages = {150--154},
 numpages = {5},
 url = {http://doi.acm.org/10.1145/384266.299738},
 doi = {10.1145/384266.299738},
 acmid = {299738},
 publisher = {ACM},
 address = {New York, NY, USA},
 keywords = {Web-based techniques, assessments, large enrollment, mastery learning, non-majors},
}

@inproceedings{Urban-Lurain:1999:LIU:299649.299738,
 author = {Urban-Lurain, Mark and Weinshank, Donald J.},
 title = {\&Ldquo;I Do and I Understand\&Rdquo;: Mastery Model Learning for a Large Non-major Course},
 booktitle = {The Proceedings of the Thirtieth SIGCSE Technical Symposium on Computer Science Education},
 series = {SIGCSE '99},
 year = {1999},
 isbn = {1-58113-085-6},
 location = {New Orleans, Louisiana, USA},
 pages = {150--154},
 numpages = {5},
 url = {http://doi.acm.org/10.1145/299649.299738},
 doi = {10.1145/299649.299738},
 acmid = {299738},
 publisher = {ACM},
 address = {New York, NY, USA},
 keywords = {Web-based techniques, assessments, large enrollment, mastery learning, non-majors},
}

@article{Bederson:2015:IOL:2744768.2737794,
 editor = {Bederson, Benjamin B. and Russell, Daniel M. and Klemmer, Scott},
 title = {Introduction to Online Learning at Scale},
 journal = {ACM Trans. Comput.-Hum. Interact.},
 issue_date = {April 2015},
 volume = {22},
 number = {2},
 month = apr,
 year = {2015},
 issn = {1073-0516},
 pages = {5:1--5:3},
 articleno = {5},
 numpages = {3},
 url = {http://doi.acm.org/10.1145/2737794},
 doi = {10.1145/2737794},
 acmid = {2737794},
 publisher = {ACM},
 address = {New York, NY, USA},
}

@inproceedings{Pelanek:2018:EUR:3231644.3231675,
 author = {Pel\'{a}nek, Radek},
 title = {Exploring the Utility of Response Times and Wrong Answers for Adaptive Learning},
 booktitle = {Proceedings of the Fifth Annual ACM Conference on Learning at Scale},
 series = {L@S '18},
 year = {2018},
 isbn = {978-1-4503-5886-6},
 location = {London, United Kingdom},
 pages = {18:1--18:4},
 articleno = {18},
 numpages = {4},
 url = {http://doi.acm.org/10.1145/3231644.3231675},
 doi = {10.1145/3231644.3231675},
 acmid = {3231675},
 publisher = {ACM},
 address = {New York, NY, USA},
}

@inproceedings{Effenberger:2018:TMB:3231644.3231670,
 author = {Effenberger, Tom\'{a}\v{s} and Pel\'{a}nek, Radek},
 title = {Towards Making Block-based Programming Activities Adaptive},
 booktitle = {Proceedings of the Fifth Annual ACM Conference on Learning at Scale},
 series = {L@S '18},
 year = {2018},
 isbn = {978-1-4503-5886-6},
 location = {London, United Kingdom},
 pages = {13:1--13:4},
 articleno = {13},
 numpages = {4},
 url = {http://doi.acm.org/10.1145/3231644.3231670},
 doi = {10.1145/3231644.3231670},
 acmid = {3231670},
 publisher = {ACM},
 address = {New York, NY, USA},
}

@inproceedings{Mitros:2015:LCA:2724660.2728683,
 author = {Mitros, Piotr},
 title = {Learnersourcing of Complex Assessments},
 booktitle = {Proceedings of the Second (2015) ACM Conference on Learning @ Scale},
 series = {L@S '15},
 year = {2015},
 isbn = {978-1-4503-3411-2},
 location = {Vancouver, BC, Canada},
 pages = {317--320},
 numpages = {4},
 url = {http://doi.acm.org/10.1145/2724660.2728683},
 doi = {10.1145/2724660.2728683},
 acmid = {2728683},
 publisher = {ACM},
 address = {New York, NY, USA},
 keywords = {assessment, crowdsourcing, cscw, learnersourcing, mooc},
}

@article{Hamby:1986:CE:16291.16292,
 author = {Hamby, Sue},
 title = {Computers and Education},
 journal = {SIGBIO Newsl.},
 issue_date = {Sept. 1986},
 volume = {8},
 number = {1},
 month = mar,
 year = {1986},
 issn = {0163-5697},
 pages = {30--33},
 numpages = {4},
 url = {http://doi.acm.org/10.1145/16291.16292},
 doi = {10.1145/16291.16292},
 acmid = {16292},
 publisher = {ACM},
 address = {New York, NY, USA},
}

@inproceedings{Oosterhof:1980:LCO:503838.503881,
 author = {Oosterhof, Albert C. and Reiser, Robert A.},
 title = {A Low Cost Option of Using Computers to Initiate Large Scale Instructional Innovation},
 booktitle = {Proceedings of the 18th Annual Southeast Regional Conference},
 series = {ACM-SE 18},
 year = {1980},
 isbn = {0-89791-014-1},
 location = {Tallahassee, Florida},
 pages = {137--138},
 numpages = {2},
 url = {http://doi.acm.org/10.1145/503838.503881},
 doi = {10.1145/503838.503881},
 acmid = {503881},
 publisher = {ACM},
 address = {New York, NY, USA},
}

@inproceedings{Wan:2017:ODT:3051457.3053983,
 author = {Wan, Hao and Beck, Joseph E.},
 title = {One Decision Tree is Enough to Make Customization},
 booktitle = {Proceedings of the Fourth (2017) ACM Conference on Learning @ Scale},
 series = {L@S '17},
 year = {2017},
 isbn = {978-1-4503-4450-0},
 location = {Cambridge, Massachusetts, USA},
 pages = {193--196},
 numpages = {4},
 url = {http://doi.acm.org/10.1145/3051457.3053983},
 doi = {10.1145/3051457.3053983},
 acmid = {3053983},
 publisher = {ACM},
 address = {New York, NY, USA},
 keywords = {customization, decision tree, treatment effect},
}

@inproceedings{Rombot:2018:IDA:3178158.3178174,
 author = {Rombot, Olifia and Sunaryati, Titin and Ariani, Dewi},
 title = {Increasing Democratic Attitude of Students Through Role Play Method in Civics Learning},
 booktitle = {Proceedings of the 6th International Conference on Information and Education Technology},
 series = {ICIET '18},
 year = {2018},
 isbn = {978-1-4503-5359-5},
 location = {Osaka, Japan},
 pages = {97--101},
 numpages = {5},
 url = {http://doi.acm.org/10.1145/3178158.3178174},
 doi = {10.1145/3178158.3178174},
 acmid = {3178174},
 publisher = {ACM},
 address = {New York, NY, USA},
 keywords = {civic learning, democratic attitude, role play},
}

@article{Richards:1982:ICV:953051.801340,
 author = {Richards, Thomas C.},
 title = {Introduction to Computing VIA PSI},
 journal = {SIGCSE Bull.},
 issue_date = {February 1982},
 volume = {14},
 number = {1},
 month = feb,
 year = {1982},
 issn = {0097-8418},
 pages = {60--63},
 numpages = {4},
 url = {http://doi.acm.org/10.1145/953051.801340},
 doi = {10.1145/953051.801340},
 acmid = {801340},
 publisher = {ACM},
 address = {New York, NY, USA},
}

@inproceedings{Richards:1982:ICV:800066.801340,
 author = {Richards, Thomas C.},
 title = {Introduction to Computing VIA PSI},
 booktitle = {Proceedings of the Thirteenth SIGCSE Technical Symposium on Computer Science Education},
 series = {SIGCSE '82},
 year = {1982},
 isbn = {0-89791-067-2},
 location = {Indianapolis, Indiana, USA},
 pages = {60--63},
 numpages = {4},
 url = {http://doi.acm.org/10.1145/800066.801340},
 doi = {10.1145/800066.801340},
 acmid = {801340},
 publisher = {ACM},
 address = {New York, NY, USA},
}

@inproceedings{Wenmin:2017:SAF:3134847.3134850,
 author = {Wenmin, Wu},
 title = {Study on the Application of Flipped Classroom Based on Micro-class in College English Listening Course},
 booktitle = {Proceedings of the International Conference on Digital Technology in Education},
 series = {ICDTE '17},
 year = {2017},
 isbn = {978-1-4503-5283-3},
 location = {Taipei, Taiwan},
 pages = {13--17},
 numpages = {5},
 url = {http://doi.acm.org/10.1145/3134847.3134850},
 doi = {10.1145/3134847.3134850},
 acmid = {3134850},
 publisher = {ACM},
 address = {New York, NY, USA},
 keywords = {extra-curriculum training adoption, flipped classroom teaching mode, knowledge internalization adoption in class, preview adoption},
}

@inproceedings{Mokmin:2017:DDI:3145777.3145793,
 author = {Mokmin, Nur Azlina Mohamed and Masood, Mona},
 title = {The Design and Development of an Intelligent Tutoring System As a Part of the Architecture of Internet of Things (IoT)},
 booktitle = {Proceedings of the 2017 International Conference on Telecommunications and Communication Engineering},
 series = {ICTCE '17},
 year = {2017},
 isbn = {978-1-4503-5315-1},
 location = {Osaka, Japan},
 pages = {92--96},
 numpages = {5},
 url = {http://doi.acm.org/10.1145/3145777.3145793},
 doi = {10.1145/3145777.3145793},
 acmid = {3145793},
 publisher = {ACM},
 address = {New York, NY, USA},
 keywords = {algebra, artificial intelligence, instructional, intelligent tutoring system, internet of things, interpersonal, mastery, mathematics, self-expressive, understanding},
}

@inproceedings{Holstein:2017:ITT:3027385.3027451,
 author = {Holstein, Kenneth and McLaren, Bruce M. and Aleven, Vincent},
 title = {Intelligent Tutors As Teachers' Aides: Exploring Teacher Needs for Real-time Analytics in Blended Classrooms},
 booktitle = {Proceedings of the Seventh International Learning Analytics \&\#38; Knowledge Conference},
 series = {LAK '17},
 year = {2017},
 isbn = {978-1-4503-4870-6},
 location = {Vancouver, British Columbia, Canada},
 pages = {257--266},
 numpages = {10},
 url = {http://doi.acm.org/10.1145/3027385.3027451},
 doi = {10.1145/3027385.3027451},
 acmid = {3027451},
 publisher = {ACM},
 address = {New York, NY, USA},
 keywords = {adoption, blended learning, classrooms, intelligent tutoring systems, pedagogical decision-making, real-time analytics, teachers},
}

@inproceedings{Luxton-Reilly:2018:DAD:3174781.3174784,
 author = {Luxton-Reilly, Andrew and Becker, Brett A. and Cao, Yingjun and McDermott, Roger and Mirolo, Claudio and M\"{u}hling, Andreas and Petersen, Andrew and Sanders, Kate and Simon and Whalley, Jacqueline},
 title = {Developing Assessments to Determine Mastery of Programming Fundamentals},
 booktitle = {Proceedings of the 2017 ITiCSE Conference on Working Group Reports},
 series = {ITiCSE-WGR '17},
 year = {2017},
 isbn = {978-1-4503-5627-5},
 location = {Bologna, Italy},
 pages = {47--69},
 numpages = {23},
 url = {http://doi.acm.org/10.1145/3174781.3174784},
 doi = {10.1145/3174781.3174784},
 acmid = {3174784},
 publisher = {ACM},
 address = {New York, NY, USA},
 keywords = {assessment, compound assessment, concept inventory, cs1, exam, introductory programming, iticse working group, learning, learning objectives, learning outcomes, mastery, novice programming, questions},
}

@inproceedings{MacHardy:2015:TEE:2724660.2728690,
 author = {MacHardy, Zachary and Pardos, Zachary A.},
 title = {Toward the Evaluation of Educational Videos Using Bayesian Knowledge Tracing and Big Data},
 booktitle = {Proceedings of the Second (2015) ACM Conference on Learning @ Scale},
 series = {L@S '15},
 year = {2015},
 isbn = {978-1-4503-3411-2},
 location = {Vancouver, BC, Canada},
 pages = {347--350},
 numpages = {4},
 url = {http://doi.acm.org/10.1145/2724660.2728690},
 doi = {10.1145/2724660.2728690},
 acmid = {2728690},
 publisher = {ACM},
 address = {New York, NY, USA},
 keywords = {bayesian inference, educational videos, instructional technology, knowledge tracing, online education},
}

@inproceedings{Griffin:2016:TTT:2839509.2844630,
 author = {Griffin, Jean and Pirmann, Tammy and Gray, Brent},
 title = {Two Teachers, Two Perspectives on CS Principles},
 booktitle = {Proceedings of the 47th ACM Technical Symposium on Computing Science Education},
 series = {SIGCSE '16},
 year = {2016},
 isbn = {978-1-4503-3685-7},
 location = {Memphis, Tennessee, USA},
 pages = {461--466},
 numpages = {6},
 url = {http://doi.acm.org/10.1145/2839509.2844630},
 doi = {10.1145/2839509.2844630},
 acmid = {2844630},
 publisher = {ACM},
 address = {New York, NY, USA},
 keywords = {cs principles, cs1, k-12, pck-cs, pair programming, pedagogical content knowledge, pogil},
}

@inproceedings{Mostafavi:2016:DPP:2883851.2883935,
 author = {Mostafavi, Behrooz and Barnes, Tiffany},
 title = {Data-driven Proficiency Profiling: Proof of Concept},
 booktitle = {Proceedings of the Sixth International Conference on Learning Analytics \& Knowledge},
 series = {LAK '16},
 year = {2016},
 isbn = {978-1-4503-4190-5},
 location = {Edinburgh, United Kingdom},
 pages = {324--328},
 numpages = {5},
 url = {http://doi.acm.org/10.1145/2883851.2883935},
 doi = {10.1145/2883851.2883935},
 acmid = {2883935},
 publisher = {ACM},
 address = {New York, NY, USA},
 keywords = {clustering, data-driven, student classification, tutoring system},
}

@inproceedings{Price:2015:IIF:2787622.2787748,
 author = {Price, Thomas W.},
 title = {Integrating Intelligent Feedback into Block Programming Environments},
 booktitle = {Proceedings of the Eleventh Annual International Conference on International Computing Education Research},
 series = {ICER '15},
 year = {2015},
 isbn = {978-1-4503-3630-7},
 location = {Omaha, Nebraska, USA},
 pages = {275--276},
 numpages = {2},
 url = {http://doi.acm.org/10.1145/2787622.2787748},
 doi = {10.1145/2787622.2787748},
 acmid = {2787748},
 publisher = {ACM},
 address = {New York, NY, USA},
 keywords = {block programming, hints, intelligent tutoring systems},
}

@inproceedings{Fernandez-Reyes:2018:IOG:3270112.3270118,
 author = {Fernandez-Reyes, Kiko and Clarke, Dave and Hornbach, Janina},
 title = {The Impact of Opt-in Gamification on Students' Grades in a Software Design Course},
 booktitle = {Proceedings of the 21st ACM/IEEE International Conference on Model Driven Engineering Languages and Systems: Companion Proceedings},
 series = {MODELS '18},
 year = {2018},
 isbn = {978-1-4503-5965-8},
 location = {Copenhagen, Denmark},
 pages = {90--97},
 numpages = {8},
 url = {http://doi.acm.org/10.1145/3270112.3270118},
 doi = {10.1145/3270112.3270118},
 acmid = {3270118},
 publisher = {ACM},
 address = {New York, NY, USA},
 keywords = {UML, education, gamification, software design},
}

@inproceedings{Jan:2010:UDP:1854509.1854751,
 author = {Jan, Mingfong and Chee, Yam San and Tan, Ek Ming},
 title = {Unpacking the Design Process in Design-based Research},
 booktitle = {Proceedings of the 9th International Conference of the Learning Sciences - Volume 2},
 series = {ICLS '10},
 year = {2010},
 location = {Chicago, Illinois},
 pages = {470--471},
 numpages = {2},
 url = {http://dl.acm.org/citation.cfm?id=1854509.1854751},
 acmid = {1854751},
 publisher = {International Society of the Learning Sciences},
}

@inproceedings{Burge:2017:HDU:3017680.3017808,
 author = {Burge, Legand and Mejias, Marlon and Galloway, KaMar and Gosha, Kinnis and Muhammad, Jean},
 title = {Holistic Development of Underrepresented Students Through Academic: Industry Partnerships},
 booktitle = {Proceedings of the 2017 ACM SIGCSE Technical Symposium on Computer Science Education},
 series = {SIGCSE '17},
 year = {2017},
 isbn = {978-1-4503-4698-6},
 location = {Seattle, Washington, USA},
 pages = {681--682},
 numpages = {2},
 url = {http://doi.acm.org/10.1145/3017680.3017808},
 doi = {10.1145/3017680.3017808},
 acmid = {3017808},
 publisher = {ACM},
 address = {New York, NY, USA},
 keywords = {CS holistic student development, CS underrepresented students, computer science education, industry academia partnerships},
}

@inproceedings{Cutts:2019:ERT:3304221.3319785,
 author = {Cutts, Quintin and Barr, Matthew and Bikanga Ada, Mireilla and Donaldson, Peter and Draper, Steve and Parkinson, Jack and Singer, Jeremy and Sundin, Lovisa},
 title = {Experience Report: Thinkathon -- Countering an \&\#34;I Got It Working\&\#34; Mentality with Pencil-and-Paper Exercises},
 booktitle = {Proceedings of the 2019 ACM Conference on Innovation and Technology in Computer Science Education},
 series = {ITiCSE '19},
 year = {2019},
 isbn = {978-1-4503-6301-3},
 location = {Aberdeen, Scotland Uk},
 pages = {203--209},
 numpages = {7},
 url = {http://doi.acm.org/10.1145/3304221.3319785},
 doi = {10.1145/3304221.3319785},
 acmid = {3319785},
 publisher = {ACM},
 address = {New York, NY, USA},
 keywords = {goal-directed problem solving, introductory programming, mastery learning, program comprehension},
}

@proceedings{Joy:2018:3279720,
 title = {Koli Calling '18: Proceedings of the 18th Koli Calling International Conference on Computing Education Research},
 year = {2018},
 isbn = {978-1-4503-6535-2},
 location = {Koli, Finland},
 publisher = {ACM},
 address = {New York, NY, USA},
}

@article{McGettrick:2012:DAE:2339055.2339058,
 author = {McGettrick, Andrew and Timanovsky, Yan},
 title = {Digest of ACM Educational Activities},
 journal = {ACM Inroads},
 issue_date = {September 2012},
 volume = {3},
 number = {3},
 month = sep,
 year = {2012},
 issn = {2153-2184},
 pages = {10--14},
 numpages = {5},
 url = {http://doi.acm.org/10.1145/2339055.2339058},
 doi = {10.1145/2339055.2339058},
 acmid = {2339058},
 publisher = {ACM},
 address = {New York, NY, USA},
}

@inproceedings{Lalian:2019:EUR:3323771.3323775,
 author = {Lalian, Oktovianus Nau and Siregar, Eveline and Winarsih, Murni},
 title = {The Effects of Using Realia Media on Increasing Science Learning Outcomes of Elementary School Students: A Meta-Analysis},
 booktitle = {Proceedings of the 2019 7th International Conference on Information and Education Technology},
 series = {ICIET 2019},
 year = {2019},
 isbn = {978-1-4503-6639-7},
 location = {Aizu-Wakamatsu, Japan},
 pages = {1--4},
 numpages = {4},
 url = {http://doi.acm.org/10.1145/3323771.3323775},
 doi = {10.1145/3323771.3323775},
 acmid = {3323775},
 publisher = {ACM},
 address = {New York, NY, USA},
 keywords = {Learning Media, Realia, Science},
}

@article{Schneider:1993:ETA:174169.174173,
 author = {Schneider, D. and Borcic, B. and Dillenbourg, P. and Hilario, M. and Mendelsohn, P.},
 title = {An Experimental Toolbox for Advanced Interactive Learning Environments},
 journal = {SIGPLAN Lisp Pointers},
 issue_date = {July-Sept 1993},
 volume = {VI},
 number = {3},
 month = jul,
 year = {1993},
 issn = {1045-3563},
 pages = {15--19},
 numpages = {5},
 url = {http://doi.acm.org/10.1145/174169.174173},
 doi = {10.1145/174169.174173},
 acmid = {174173},
 publisher = {ACM},
 address = {New York, NY, USA},
}

@inproceedings{Schneider:1993:ETA:1040032.174173,
 author = {Schneider, D. and Borcic, B. and Dillenbourg, P. and Hilario, M. and Mendelsohn, P.},
 title = {An Experimental Toolbox for Advanced Interactive Learning Environments},
 booktitle = {Proceedings of the Third International Conference on Lisp Users and Vendors},
 series = {LUV '93},
 year = {1993},
 location = {Cambridge, Massachusetts},
 pages = {15--19},
 numpages = {5},
 url = {http://doi.acm.org/10.1145/1040032.174173},
 doi = {10.1145/1040032.174173},
 acmid = {174173},
 publisher = {ACM},
 address = {New York, NY, USA},
}

@inproceedings{Lagman:2017:EPL:3176653.3176679,
 author = {Lagman, Ace C. and Mansul, Danna May},
 title = {Extracting Personalized Learning Path in Adaptive E-Learning Environment Using Rule Based Assessment},
 booktitle = {Proceedings of the 2017 International Conference on Information Technology},
 series = {ICIT 2017},
 year = {2017},
 isbn = {978-1-4503-6351-8},
 location = {Singapore, Singapore},
 pages = {335--340},
 numpages = {6},
 url = {http://doi.acm.org/10.1145/3176653.3176679},
 doi = {10.1145/3176653.3176679},
 acmid = {3176679},
 publisher = {ACM},
 address = {New York, NY, USA},
 keywords = {Adaptive, E-Learning, Personalized, Rules},
}

@inproceedings{Tabernero:2014:UNT:2669711.2669874,
 author = {Tabernero, \'{A}lvaro S\'{a}nchez and Diego, Bel{\'e}n Curto and M{\'e}ndez, Juan A. Juanes and Rodilla, Vidal Moreno and Zaballos, Felipe Hern\'{a}ndez and Hern\'{a}ndez, Pablo Alonso},
 title = {Use of New Technologies in the Acquisition of Clinical Skills in Anesthesiology},
 booktitle = {Proceedings of the Second International Conference on Technological Ecosystems for Enhancing Multiculturality},
 series = {TEEM '14},
 year = {2014},
 isbn = {978-1-4503-2896-8},
 location = {Salamanca, Spain},
 pages = {31--34},
 numpages = {4},
 url = {http://doi.acm.org/10.1145/2669711.2669874},
 doi = {10.1145/2669711.2669874},
 acmid = {2669874},
 publisher = {ACM},
 address = {New York, NY, USA},
 keywords = {anesthesiology, clinical skills, haptics, simulators, training},
}

@inproceedings{Baesa:2018:DAV:3205946.3205955,
 author = {Baesa, Raymund D. and Caballero, Jonathan M.},
 title = {Data Analytics on Virtual Learning Environment for Philippine Re-Entry Education Program},
 booktitle = {Proceedings of the 4th International Conference on Human-Computer Interaction and User Experience in Indonesia, CHIuXiD '18},
 series = {CHIuXiD '18},
 year = {2018},
 isbn = {978-1-4503-6429-4},
 location = {Yogyakarta, Indonesia},
 pages = {61--65},
 numpages = {5},
 url = {http://doi.acm.org/10.1145/3205946.3205955},
 doi = {10.1145/3205946.3205955},
 acmid = {3205955},
 publisher = {ACM},
 address = {New York, NY, USA},
 keywords = {Alternative Learning System, Data analytics, Intelligent Tutoring System, Virtual Learning Environment},
}

@article{Richards:1982:CEM:953051.801353,
 author = {Richards, Thomas C.},
 title = {Cost Effective Methods for Teaching Introductory Programming Courses},
 journal = {SIGCSE Bull.},
 issue_date = {February 1982},
 volume = {14},
 number = {1},
 month = feb,
 year = {1982},
 issn = {0097-8418},
 pages = {128--132},
 numpages = {5},
 url = {http://doi.acm.org/10.1145/953051.801353},
 doi = {10.1145/953051.801353},
 acmid = {801353},
 publisher = {ACM},
 address = {New York, NY, USA},
}

@inproceedings{Richards:1982:CEM:800066.801353,
 author = {Richards, Thomas C.},
 title = {Cost Effective Methods for Teaching Introductory Programming Courses},
 booktitle = {Proceedings of the Thirteenth SIGCSE Technical Symposium on Computer Science Education},
 series = {SIGCSE '82},
 year = {1982},
 isbn = {0-89791-067-2},
 location = {Indianapolis, Indiana, USA},
 pages = {128--132},
 numpages = {5},
 url = {http://doi.acm.org/10.1145/800066.801353},
 doi = {10.1145/800066.801353},
 acmid = {801353},
 publisher = {ACM},
 address = {New York, NY, USA},
}

@inproceedings{Baker:2004:OBC:985692.985741,
 author = {Baker, Ryan Shaun and Corbett, Albert T. and Koedinger, Kenneth R. and Wagner, Angela Z.},
 title = {Off-task Behavior in the Cognitive Tutor Classroom: When Students "Game the System"},
 booktitle = {Proceedings of the SIGCHI Conference on Human Factors in Computing Systems},
 series = {CHI '04},
 year = {2004},
 isbn = {1-58113-702-8},
 location = {Vienna, Austria},
 pages = {383--390},
 numpages = {8},
 url = {http://doi.acm.org/10.1145/985692.985741},
 doi = {10.1145/985692.985741},
 acmid = {985741},
 publisher = {ACM},
 address = {New York, NY, USA},
 keywords = {field research methods, intelligent tutoring systems, off-task behavior, user modeling},
}

@inproceedings{Cassel:1974:UCR:1500175.1500323,
 author = {Cassel, Russell N.},
 title = {Use of Computer in Relation to Critical Guidance Factors},
 booktitle = {Proceedings of the May 6-10, 1974, National Computer Conference and Exposition},
 series = {AFIPS '74},
 year = {1974},
 location = {Chicago, Illinois},
 pages = {791--797},
 numpages = {7},
 url = {http://doi.acm.org/10.1145/1500175.1500323},
 doi = {10.1145/1500175.1500323},
 acmid = {1500323},
 publisher = {ACM},
 address = {New York, NY, USA},
}

@article{Tannenbaum:2001:LIP:363984.367871,
 author = {Tannenbaum, Robert S.},
 title = {Learner Interactivity and Production Complexity in Computer-based Instructional Materials},
 journal = {Ubiquity},
 issue_date = {February 1 - February 28, 2001},
 volume = {2001},
 number = {February},
 month = jan,
 year = {2001},
 issn = {1530-2180},
 articleno = {5},
 url = {http://doi.acm.org/10.1145/363984.367871},
 doi = {10.1145/363984.367871},
 acmid = {367871},
 publisher = {ACM},
 address = {New York, NY, USA},
}

@inproceedings{Bayliss:2009:IDG:1536513.1536526,
 author = {Bayliss, Jessica D. and Schwartz, David I.},
 title = {Instructional Design As Game Design},
 booktitle = {Proceedings of the 4th International Conference on Foundations of Digital Games},
 series = {FDG '09},
 year = {2009},
 isbn = {978-1-60558-437-9},
 location = {Orlando, Florida},
 pages = {10--17},
 numpages = {8},
 url = {http://doi.acm.org/10.1145/1536513.1536526},
 doi = {10.1145/1536513.1536526},
 acmid = {1536526},
 publisher = {ACM},
 address = {New York, NY, USA},
 keywords = {computer science pedagogy, game design, instructional design},
}

@inproceedings{Kross:2018:SSI:3231644.3231662,
 author = {Kross, Sean and Guo, Philip J.},
 title = {Students, Systems, and Interactions: Synthesizing the First Four Years of Learning@Scale and Charting the Future},
 booktitle = {Proceedings of the Fifth Annual ACM Conference on Learning at Scale},
 series = {L@S '18},
 year = {2018},
 isbn = {978-1-4503-5886-6},
 location = {London, United Kingdom},
 pages = {2:1--2:10},
 articleno = {2},
 numpages = {10},
 url = {http://doi.acm.org/10.1145/3231644.3231662},
 doi = {10.1145/3231644.3231662},
 acmid = {3231662},
 publisher = {ACM},
 address = {New York, NY, USA},
 keywords = {context/synthesis paper, meta-analysis, survey paper},
}

@article{Hiltz:2002:MLN:505248.505273,
 author = {Hiltz, Starr Roxanne and Turoff, Murray},
 title = {What Makes Learning Networks Effective?},
 journal = {Commun. ACM},
 issue_date = {April 2002},
 volume = {45},
 number = {4},
 month = apr,
 year = {2002},
 issn = {0001-0782},
 pages = {56--59},
 numpages = {4},
 url = {http://doi.acm.org/10.1145/505248.505273},
 doi = {10.1145/505248.505273},
 acmid = {505273},
 publisher = {ACM},
 address = {New York, NY, USA},
}

@inproceedings{Xiong:2015:ISL:2723576.2723636,
 author = {Xiong, Xiaolu and Wang, Yan and Beck, Joseph Barbosa},
 title = {Improving Students' Long-term Retention Performance: A Study on Personalized Retention Schedules},
 booktitle = {Proceedings of the Fifth International Conference on Learning Analytics And Knowledge},
 series = {LAK '15},
 year = {2015},
 isbn = {978-1-4503-3417-4},
 location = {Poughkeepsie, New York},
 pages = {325--329},
 numpages = {5},
 url = {http://doi.acm.org/10.1145/2723576.2723636},
 doi = {10.1145/2723576.2723636},
 acmid = {2723636},
 publisher = {ACM},
 address = {New York, NY, USA},
 keywords = {intelligent tutoring system, knowledge retention, personalization, retrieval practice, spacing effect},
}

@inproceedings{Eagle:2012:LOF:2157136.2157170,
 author = {Eagle, Michael John and Barnes, Tiffany},
 title = {A Learning Objective Focused Methodology for the Design and Evaluation of Game-based Tutors},
 booktitle = {Proceedings of the 43rd ACM Technical Symposium on Computer Science Education},
 series = {SIGCSE '12},
 year = {2012},
 isbn = {978-1-4503-1098-7},
 location = {Raleigh, North Carolina, USA},
 pages = {99--104},
 numpages = {6},
 url = {http://doi.acm.org/10.1145/2157136.2157170},
 doi = {10.1145/2157136.2157170},
 acmid = {2157170},
 publisher = {ACM},
 address = {New York, NY, USA},
 keywords = {design methods, educational games, empirical evaluation, game design, serious games},
}

@inproceedings{Wilkowski:2014:SSG:2556325.2566240,
 author = {Wilkowski, Julia and Deutsch, Amit and Russell, Daniel M.},
 title = {Student Skill and Goal Achievement in the Mapping with Google MOOC},
 booktitle = {Proceedings of the First ACM Conference on Learning @ Scale Conference},
 series = {L@S '14},
 year = {2014},
 isbn = {978-1-4503-2669-8},
 location = {Atlanta, Georgia, USA},
 pages = {3--10},
 numpages = {8},
 url = {http://doi.acm.org/10.1145/2556325.2566240},
 doi = {10.1145/2556325.2566240},
 acmid = {2566240},
 publisher = {ACM},
 address = {New York, NY, USA},
 keywords = {distance learning, moocs},
}

@inproceedings{Wang:2016:OCM:2876034.2893382,
 author = {Wang, Yan and Ostrow, Korinn and Adjei, Seth and Heffernan, Neil},
 title = {The Opportunity Count Model: A Flexible Approach to Modeling Student Performance},
 booktitle = {Proceedings of the Third (2016) ACM Conference on Learning @ Scale},
 series = {L@S '16},
 year = {2016},
 isbn = {978-1-4503-3726-7},
 location = {Edinburgh, Scotland, UK},
 pages = {113--116},
 numpages = {4},
 url = {http://doi.acm.org/10.1145/2876034.2893382},
 doi = {10.1145/2876034.2893382},
 acmid = {2893382},
 publisher = {ACM},
 address = {New York, NY, USA},
 keywords = {intelligent tutoring system, next problem correctness, opportunity count, random forest, student modeling},
}

@inproceedings{Chounta:2019:SUM:3303772.3303827,
 author = {Chounta, Irene-Angelica and Carvalho, Paulo F.},
 title = {Square It Up!: How to Model Step Duration when Predicting Student Performance},
 booktitle = {Proceedings of the 9th International Conference on Learning Analytics \& Knowledge},
 series = {LAK19},
 year = {2019},
 isbn = {978-1-4503-6256-6},
 location = {Tempe, AZ, USA},
 pages = {330--334},
 numpages = {5},
 url = {http://doi.acm.org/10.1145/3303772.3303827},
 doi = {10.1145/3303772.3303827},
 acmid = {3303827},
 publisher = {ACM},
 address = {New York, NY, USA},
 keywords = {Student Modeling, intelligent tutoring systems, step duration},
}

@article{Shaffer:2013:ISS:2537753.2537778,
 author = {Shaffer, Steven C. and Rosson, Mary Beth},
 title = {Increasing Student Success by Modifying Course Delivery Based on Student Submission Data},
 journal = {ACM Inroads},
 issue_date = {December 2013},
 volume = {4},
 number = {4},
 month = dec,
 year = {2013},
 issn = {2153-2184},
 pages = {81--86},
 numpages = {6},
 url = {http://doi.acm.org/10.1145/2537753.2537778},
 doi = {10.1145/2537753.2537778},
 acmid = {2537778},
 publisher = {ACM},
 address = {New York, NY, USA},
 keywords = {distance education, introductory programming, mastery learning, retention},
}

@article{Shaffer:2005:LOP:1083431.1083464,
 author = {Shaffer, Steven C.},
 title = {Ludwig: An Online Programming Tutoring and Assessment System},
 journal = {SIGCSE Bull.},
 issue_date = {June 2005},
 volume = {37},
 number = {2},
 month = jun,
 year = {2005},
 issn = {0097-8418},
 pages = {56--60},
 numpages = {5},
 url = {http://doi.acm.org/10.1145/1083431.1083464},
 doi = {10.1145/1083431.1083464},
 acmid = {1083464},
 publisher = {ACM},
 address = {New York, NY, USA},
 keywords = {assessment, online, programming, tutoring, web-based},
}

@inproceedings{Hauswirth:2017:MCL:3141880.3141904,
 author = {Hauswirth, Matthias and Adamoli, Andrea},
 title = {Metacognitive Calibration when Learning to Program},
 booktitle = {Proceedings of the 17th Koli Calling International Conference on Computing Education Research},
 series = {Koli Calling '17},
 year = {2017},
 isbn = {978-1-4503-5301-4},
 location = {Koli, Finland},
 pages = {50--59},
 numpages = {10},
 url = {http://doi.acm.org/10.1145/3141880.3141904},
 doi = {10.1145/3141880.3141904},
 acmid = {3141904},
 publisher = {ACM},
 address = {New York, NY, USA},
 keywords = {help-seeking, judgement of learning, learning to program, metacognition, metacognitive calibration, self-assessment},
}

@inproceedings{Pardos:2011:KII:2021855.2021877,
 author = {Pardos, Zachary A. and Heffernan, Neil T.},
 title = {KT-IDEM: Introducing Item Difficulty to the Knowledge Tracing Model},
 booktitle = {Proceedings of the 19th International Conference on User Modeling, Adaption, and Personalization},
 series = {UMAP'11},
 year = {2011},
 isbn = {978-3-642-22361-7},
 location = {Girona, Spain},
 pages = {243--254},
 numpages = {12},
 url = {http://dl.acm.org/citation.cfm?id=2021855.2021877},
 acmid = {2021877},
 publisher = {Springer-Verlag},
 address = {Berlin, Heidelberg},
 keywords = {Bayesian networks, data mining, item difficulty, knowledge tracing, user modeling},
}

@inproceedings{Lee:2013:IAI:2493394.2493410,
 author = {Lee, Michael J. and Ko, Andrew J. and Kwan, Irwin},
 title = {In-game Assessments Increase Novice Programmers' Engagement and Level Completion Speed},
 booktitle = {Proceedings of the Ninth Annual International ACM Conference on International Computing Education Research},
 series = {ICER '13},
 year = {2013},
 isbn = {978-1-4503-2243-0},
 location = {San Diego, San California, USA},
 pages = {153--160},
 numpages = {8},
 url = {http://doi.acm.org/10.1145/2493394.2493410},
 doi = {10.1145/2493394.2493410},
 acmid = {2493410},
 publisher = {ACM},
 address = {New York, NY, USA},
 keywords = {assessment, debugging, educational game, engagement, programming, serious game, speed},
}

@inproceedings{Kulkarni:2015:PRP:2724660.2724670,
 author = {Kulkarni, Chinmay E. and Bernstein, Michael S. and Klemmer, Scott R.},
 title = {PeerStudio: Rapid Peer Feedback Emphasizes Revision and Improves Performance},
 booktitle = {Proceedings of the Second (2015) ACM Conference on Learning @ Scale},
 series = {L@S '15},
 year = {2015},
 isbn = {978-1-4503-3411-2},
 location = {Vancouver, BC, Canada},
 pages = {75--84},
 numpages = {10},
 url = {http://doi.acm.org/10.1145/2724660.2724670},
 doi = {10.1145/2724660.2724670},
 acmid = {2724670},
 publisher = {ACM},
 address = {New York, NY, USA},
 keywords = {deliberate practice, mastery learning, mooc, peer assessment, peer learning},
}

@inproceedings{David:2016:SEC:2883851.2883885,
 author = {David, Yossi Ben and Segal, Avi and Gal, Ya'akov (Kobi)},
 title = {Sequencing Educational Content in Classrooms Using Bayesian Knowledge Tracing},
 booktitle = {Proceedings of the Sixth International Conference on Learning Analytics \& Knowledge},
 series = {LAK '16},
 year = {2016},
 isbn = {978-1-4503-4190-5},
 location = {Edinburgh, United Kingdom},
 pages = {354--363},
 numpages = {10},
 url = {http://doi.acm.org/10.1145/2883851.2883885},
 doi = {10.1145/2883851.2883885},
 acmid = {2883885},
 publisher = {ACM},
 address = {New York, NY, USA},
}

@inproceedings{Doroudi:2017:REM:3051457.3051463,
 author = {Doroudi, Shayan and Aleven, Vincent and Brunskill, Emma},
 title = {Robust Evaluation Matrix: Towards a More Principled Offline Exploration of Instructional Policies},
 booktitle = {Proceedings of the Fourth (2017) ACM Conference on Learning @ Scale},
 series = {L@S '17},
 year = {2017},
 isbn = {978-1-4503-4450-0},
 location = {Cambridge, Massachusetts, USA},
 pages = {3--12},
 numpages = {10},
 url = {http://doi.acm.org/10.1145/3051457.3051463},
 doi = {10.1145/3051457.3051463},
 acmid = {3051463},
 publisher = {ACM},
 address = {New York, NY, USA},
 keywords = {instructional policies, off-policy, policy estimation, policy selection, reinforcement learning},
}

@inproceedings{Papousek:2016:EAP:2883851.2883884,
 author = {Papou\v{s}ek, Jan and Stanislav, V\'{\i}t and Pel\'{a}nek, Radek},
 title = {Evaluation of an Adaptive Practice System for Learning Geography Facts},
 booktitle = {Proceedings of the Sixth International Conference on Learning Analytics \& Knowledge},
 series = {LAK '16},
 year = {2016},
 isbn = {978-1-4503-4190-5},
 location = {Edinburgh, United Kingdom},
 pages = {134--142},
 numpages = {9},
 url = {http://doi.acm.org/10.1145/2883851.2883884},
 doi = {10.1145/2883851.2883884},
 acmid = {2883884},
 publisher = {ACM},
 address = {New York, NY, USA},
 keywords = {attrition bias, computerized adaptive practice, engagement, evaluation, learning curve, survival analysis},
}

@inproceedings{Gong:2011:LBT:2021855.2021868,
 author = {Gong, Yue and Beck, Joseph E.},
 title = {Looking Beyond Transfer Models: Finding Other Sources of Power for Student Models},
 booktitle = {Proceedings of the 19th International Conference on User Modeling, Adaption, and Personalization},
 series = {UMAP'11},
 year = {2011},
 isbn = {978-3-642-22361-7},
 location = {Girona, Spain},
 pages = {135--146},
 numpages = {12},
 url = {http://dl.acm.org/citation.cfm?id=2021855.2021868},
 acmid = {2021868},
 publisher = {Springer-Verlag},
 address = {Berlin, Heidelberg},
 keywords = {performance factors analysis, predicting student performance, question difficulty, student overall proficiencies},
}

@article{Oliver:2015:PLL:2822373.2816976,
 author = {Oliver, Kevin and Kennedy, Kathryn and Hibbard, Laura and Swan, Bonnie and Clark, Tom and LaFrance, Jason and Oglesby, Jonathan},
 title = {Personalization of Learning: Lessons from RTT-D Winners},
 journal = {eLearn},
 issue_date = {09-01-2015},
 volume = {2015},
 number = {September},
 month = sep,
 year = {2015},
 issn = {1535-394X},
 articleno = {1},
 url = {http://doi.acm.org/10.1145/2822373.2816976},
 doi = {10.1145/2822373.2816976},
 acmid = {2816976},
 publisher = {ACM},
 address = {New York, NY, USA},
}

@inproceedings{Inventado:2016:DPH:3011784.3011816,
 author = {Inventado, Paul Salvador and Scupelli, Peter},
 title = {Design Patterns for Helping Students to Learn to Represent Math Problems in Online Learning Systems},
 booktitle = {Proceedings of the 21st European Conference on Pattern Languages of Programs},
 series = {EuroPlop '16},
 year = {2016},
 isbn = {978-1-4503-4074-8},
 location = {Kaufbeuren, Germany},
 pages = {28:1--28:19},
 articleno = {28},
 numpages = {19},
 url = {http://doi.acm.org/10.1145/3011784.3011816},
 doi = {10.1145/3011784.3011816},
 acmid = {3011816},
 publisher = {ACM},
 address = {New York, NY, USA},
 keywords = {ASSISTments, data driven design pattern production, design patterns, feedback, online learning systems, problem solving},
}

@inproceedings{Muriel-Fernandez:2018:DUS:3284179.3284245,
 author = {Muriel-Fern\'{a}ndez, Jorge and L\'{o}pez-Mill\'{a}n, Jos{\'e} Manuel and M{\'e}ndez, Juan A Ju\'{a}nes and S\'{a}nchez-Ledesma, M Jos{\'e}},
 title = {Design of an Ultrasound Simulation Tool for Procedures Training and Learning},
 booktitle = {Proceedings of the Sixth International Conference on Technological Ecosystems for Enhancing Multiculturality},
 series = {TEEM'18},
 year = {2018},
 isbn = {978-1-4503-6518-5},
 location = {Salamanca, Spain},
 pages = {386--391},
 numpages = {6},
 url = {http://doi.acm.org/10.1145/3284179.3284245},
 doi = {10.1145/3284179.3284245},
 acmid = {3284245},
 publisher = {ACM},
 address = {New York, NY, USA},
 keywords = {e-learning, medical simulation, simulation, training},
}

@article{Pilgrim:1997:CEM:268809.268835,
 author = {Pilgrim, C. J. and Leung, Y. K. and Grant, D. D.},
 title = {Cost Effective Multimedia Courseware Development},
 journal = {SIGCSE Bull.},
 issue_date = {Sept. 1997},
 volume = {29},
 number = {3},
 month = jun,
 year = {1997},
 issn = {0097-8418},
 pages = {45--50},
 numpages = {6},
 url = {http://doi.acm.org/10.1145/268809.268835},
 doi = {10.1145/268809.268835},
 acmid = {268835},
 publisher = {ACM},
 address = {New York, NY, USA},
}

@inproceedings{Pilgrim:1997:CEM:268819.268835,
 author = {Pilgrim, C. J. and Leung, Y. K. and Grant, D. D.},
 title = {Cost Effective Multimedia Courseware Development},
 booktitle = {Proceedings of the 2Nd Conference on Integrating Technology into Computer Science Education},
 series = {ITiCSE '97},
 year = {1997},
 isbn = {0-89791-923-8},
 location = {Uppsala, Sweden},
 pages = {45--50},
 numpages = {6},
 url = {http://doi.acm.org/10.1145/268819.268835},
 doi = {10.1145/268819.268835},
 acmid = {268835},
 publisher = {ACM},
 address = {New York, NY, USA},
}

@inproceedings{Guha:2014:TDF:2567948.2580056,
 author = {Guha, Neel},
 title = {Tutoring from the Desktop: Facilitating Learning Through Google+ Hangouts},
 booktitle = {Proceedings of the 23rd International Conference on World Wide Web},
 series = {WWW '14 Companion},
 year = {2014},
 isbn = {978-1-4503-2745-9},
 location = {Seoul, Korea},
 pages = {1087--1092},
 numpages = {6},
 url = {http://doi.acm.org/10.1145/2567948.2580056},
 doi = {10.1145/2567948.2580056},
 acmid = {2580056},
 publisher = {ACM},
 address = {New York, NY, USA},
 keywords = {Google hangouts, peer tutoring},
}

@inproceedings{Patterson:2016:DCS:2970930.2970956,
 author = {Patterson, M. and Bond, R. and Mulvenna, M. and Reid, C. and McMahon, F. and McGowan, P. and Cowan, K. and Cormican, H.},
 title = {The Design of a Computer Simulator to Emulate Pathology Laboratory Workflows},
 booktitle = {Proceedings of the European Conference on Cognitive Ergonomics},
 series = {ECCE '16},
 year = {2016},
 isbn = {978-1-4503-4244-5},
 location = {Nottingham, United Kingdom},
 pages = {25:1--25:4},
 articleno = {25},
 numpages = {4},
 url = {http://doi.acm.org/10.1145/2970930.2970956},
 doi = {10.1145/2970930.2970956},
 acmid = {2970956},
 publisher = {ACM},
 address = {New York, NY, USA},
 keywords = {Computer simulation, laboratory process, optimization, pathology, workflow},
}

@inproceedings{Diana:2018:DGR:3170358.3170399,
 author = {Diana, Nicholas and Eagle, Michael and Stamper, John and Grover, Shuchi and Bienkowski, Marie and Basu, Satabdi},
 title = {Data-driven Generation of Rubric Criteria from an Educational Programming Environment},
 booktitle = {Proceedings of the 8th International Conference on Learning Analytics and Knowledge},
 series = {LAK '18},
 year = {2018},
 isbn = {978-1-4503-6400-3},
 location = {Sydney, New South Wales, Australia},
 pages = {16--20},
 numpages = {5},
 url = {http://doi.acm.org/10.1145/3170358.3170399},
 doi = {10.1145/3170358.3170399},
 acmid = {3170399},
 publisher = {ACM},
 address = {New York, NY, USA},
 keywords = {assessment, computer science education, data-driven, programming education},
}

@inproceedings{Osman:2019:FCM:3323771.3323790,
 author = {Osman, Siti Zuraidah Md and Masood, Mona and Mokmin, Nur Azlina Mohamed},
 title = {Flipped Classroom: Do Malaysian Polytechnic Lecturers Ready for Adoption?},
 booktitle = {Proceedings of the 2019 7th International Conference on Information and Education Technology},
 series = {ICIET 2019},
 year = {2019},
 isbn = {978-1-4503-6639-7},
 location = {Aizu-Wakamatsu, Japan},
 pages = {214--218},
 numpages = {5},
 url = {http://doi.acm.org/10.1145/3323771.3323790},
 doi = {10.1145/3323771.3323790},
 acmid = {3323790},
 publisher = {ACM},
 address = {New York, NY, USA},
 keywords = {Flipped Classroom, Malaysian Polytechnic, lecturer acceptance, lecturer perception},
}

@inproceedings{Boulet:1995:LSD:315891.315900,
 author = {Boulet, Marie-Mich\`{e}le},
 title = {Learner-controlled Situation with Distance Education},
 booktitle = {Proceedings of the 1995 ACM Symposium on Applied Computing},
 series = {SAC '95},
 year = {1995},
 isbn = {0-89791-658-1},
 location = {Nashville, Tennessee, USA},
 pages = {36--39},
 numpages = {4},
 url = {http://doi.acm.org/10.1145/315891.315900},
 doi = {10.1145/315891.315900},
 acmid = {315900},
 publisher = {ACM},
 address = {New York, NY, USA},
}

@Article{1978:964047,
 journal = {SIGCUE Outlook},
 year = {1978},
 issn = {0163-5735},
 volume = {12},
 number = {4},
 issue_date = {October 1978},
 publisher = {ACM},
 address = {New York, NY, USA},
key = {{$\!\!$}} ,
}

@article{Veal:2001:ALO:366413.364751,
 author = {Veal, D. and Maj, S. P. and Duley, Rick},
 title = {Assessing \&Ldquo;Hands on\&Rdquo; Skills on CS1 Computer \&Amp; Network Technology Units},
 journal = {SIGCSE Bull.},
 issue_date = {March 2001},
 volume = {33},
 number = {1},
 month = feb,
 year = {2001},
 issn = {0097-8418},
 pages = {381--385},
 numpages = {5},
 url = {http://doi.acm.org/10.1145/366413.364751},
 doi = {10.1145/366413.364751},
 acmid = {364751},
 publisher = {ACM},
 address = {New York, NY, USA},
 keywords = {competency based assessment, computer technology, constructivism},
}

@inproceedings{Veal:2001:ALO:364447.364751,
 author = {Veal, D. and Maj, S. P. and Duley, Rick},
 title = {Assessing \&Ldquo;Hands on\&Rdquo; Skills on CS1 Computer \&Amp; Network Technology Units},
 booktitle = {Proceedings of the Thirty-second SIGCSE Technical Symposium on Computer Science Education},
 series = {SIGCSE '01},
 year = {2001},
 isbn = {1-58113-329-4},
 location = {Charlotte, North Carolina, USA},
 pages = {381--385},
 numpages = {5},
 url = {http://doi.acm.org/10.1145/364447.364751},
 doi = {10.1145/364447.364751},
 acmid = {364751},
 publisher = {ACM},
 address = {New York, NY, USA},
 keywords = {competency based assessment, computer technology, constructivism},
}

@Article{1975:963575,
 journal = {SIGCUE Outlook},
 year = {1975},
 issn = {0163-5735},
 volume = {9},
 number = {4},
 issue_date = {October 1975},
 publisher = {ACM},
 address = {New York, NY, USA},
key = {{$\!\!$}} ,
}

@inproceedings{Wettasinghe:2007:ACR:1328491.1328534,
 author = {Wettasinghe, C. M. and Koh, T. H.},
 title = {The Analysis, Comparison, and Redesign of Curriculum for Special Education Using the Principles of Axiomatic Design},
 booktitle = {Proceedings of the 1st International Convention on Rehabilitation Engineering \&\#38; Assistive Technology: In Conjunction with 1st Tan Tock Seng Hospital Neurorehabilitation Meeting},
 series = {i-CREATe '07},
 year = {2007},
 isbn = {978-1-59593-852-7},
 location = {Singapore},
 pages = {169--173},
 numpages = {5},
 url = {http://doi.acm.org/10.1145/1328491.1328534},
 doi = {10.1145/1328491.1328534},
 acmid = {1328534},
 publisher = {ACM},
 address = {New York, NY, USA},
 keywords = {curriculum design, independence axiom, information axiom, special needs education},
}

@inproceedings{Tempelaar:2018:ILS:3170358.3170385,
 author = {Tempelaar, Dirk and Rienties, Bart and Nguyen, Quan},
 title = {Investigating Learning Strategies in a Dispositional Learning Analytics Context: The Case of Worked Examples},
 booktitle = {Proceedings of the 8th International Conference on Learning Analytics and Knowledge},
 series = {LAK '18},
 year = {2018},
 isbn = {978-1-4503-6400-3},
 location = {Sydney, New South Wales, Australia},
 pages = {201--205},
 numpages = {5},
 url = {http://doi.acm.org/10.1145/3170358.3170385},
 doi = {10.1145/3170358.3170385},
 acmid = {3170385},
 publisher = {ACM},
 address = {New York, NY, USA},
 keywords = {blended learning, dispositional learning analytics, learning strategies, prediction models, technology enhanced learning},
}

@inproceedings{Lagman:2018:DCD:3301551.3301598,
 author = {Lagman, Ace C. and Ballera, Melvin A. and Contreras, Jennifer O. and Raviz, Jennalyn G.},
 title = {Development of Converted Deterministic Finite Automaton of Decision Tree Rules of Student Graduation and Adaptive Learning Environment},
 booktitle = {Proceedings of the 6th International Conference on Information Technology: IoT and Smart City},
 series = {ICIT 2018},
 year = {2018},
 isbn = {978-1-4503-6629-8},
 location = {Hong Kong, Hong Kong},
 pages = {267--271},
 numpages = {5},
 url = {http://doi.acm.org/10.1145/3301551.3301598},
 doi = {10.1145/3301551.3301598},
 acmid = {3301598},
 publisher = {ACM},
 address = {New York, NY, USA},
 keywords = {Decision Tree Algorithm, Deterministic Finite Automata, Learning Management System, Student Graduation},
}

@inproceedings{Louhapensang:2018:IAS:3234825.3234829,
 author = {Louhapensang, Chaturong and Kangkhao, Surasak},
 title = {Innovative Application Software for Tourism Safety in World Heritage Site Si Satchanalai Historical Park},
 booktitle = {Proceedings of the 2018 The 3rd International Conference on Information and Education Innovations},
 series = {ICIEI 2018},
 year = {2018},
 isbn = {978-1-4503-6440-9},
 location = {London, United Kingdom},
 pages = {89--93},
 numpages = {5},
 url = {http://doi.acm.org/10.1145/3234825.3234829},
 doi = {10.1145/3234825.3234829},
 acmid = {3234829},
 publisher = {ACM},
 address = {New York, NY, USA},
 keywords = {Application Software, Experimental Study, Heritage Management, Mobile Application, Si Satchanalai Historical Park, Tourism Safety at UNESCO World Heritage Site},
}

@inproceedings{Stoycheva:2015:GMD:2855321.2855329,
 author = {Stoycheva, Milena and Ruskov, Petko},
 title = {Growth Mindset Development Pattern},
 booktitle = {Proceedings of the 20th European Conference on Pattern Languages of Programs},
 series = {EuroPLoP '15},
 year = {2015},
 isbn = {978-1-4503-3847-9},
 location = {Kaufbeuren, Germany},
 pages = {7:1--7:6},
 articleno = {7},
 numpages = {6},
 url = {http://doi.acm.org/10.1145/2855321.2855329},
 doi = {10.1145/2855321.2855329},
 acmid = {2855329},
 publisher = {ACM},
 address = {New York, NY, USA},
 keywords = {growth mindset development, mentoring insight},
}

@proceedings{Baron:2015:2723576,
 title = {LAK '15: Proceedings of the Fifth International Conference on Learning Analytics And Knowledge},
 year = {2015},
 isbn = {978-1-4503-3417-4},
 location = {Poughkeepsie, New York},
 publisher = {ACM},
 address = {New York, NY, USA},
}

@article{Isomottonen:2016:FBA:3003827.2934697,
 author = {Isom\"{o}tt\"{o}nen, Ville and Tirronen, Ville},
 title = {Flipping and Blending\&Mdash;An Action Research Project on Improving a Functional Programming Course},
 journal = {Trans. Comput. Educ.},
 issue_date = {January 2017},
 volume = {17},
 number = {1},
 month = sep,
 year = {2016},
 issn = {1946-6226},
 pages = {1:1--1:35},
 articleno = {1},
 numpages = {35},
 url = {http://doi.acm.org/10.1145/2934697},
 doi = {10.1145/2934697},
 acmid = {2934697},
 publisher = {ACM},
 address = {New York, NY, USA},
 keywords = {Action research, blended learning, flipped classroom, functional programming, independent study},
}

@article{Aimeur:2001:RCL:381234.381241,
 author = {A\"{\i}meur, Esma and Frasson, Claude and Lalonde, Michel},
 title = {The Role of Conflicts in the Learning Process},
 journal = {SIGCUE Outlook},
 issue_date = {March 2001},
 volume = {27},
 number = {2},
 month = mar,
 year = {2001},
 issn = {0163-5735},
 pages = {12--27},
 numpages = {16},
 url = {http://doi.acm.org/10.1145/381234.381241},
 doi = {10.1145/381234.381241},
 acmid = {381241},
 publisher = {ACM},
 address = {New York, NY, USA},
 keywords = {cognitive dissonance, conflicts, intelligent tutoring systems, learning strategies},
}

@inproceedings{Harpstead:2015:UEL:2793107.2793128,
 author = {Harpstead, Erik and Aleven, Vincent},
 title = {Using Empirical Learning Curve Analysis to Inform Design in an Educational Game},
 booktitle = {Proceedings of the 2015 Annual Symposium on Computer-Human Interaction in Play},
 series = {CHI PLAY '15},
 year = {2015},
 isbn = {978-1-4503-3466-2},
 location = {London, United Kingdom},
 pages = {197--207},
 numpages = {11},
 url = {http://doi.acm.org/10.1145/2793107.2793128},
 doi = {10.1145/2793107.2793128},
 acmid = {2793128},
 publisher = {ACM},
 address = {New York, NY, USA},
 keywords = {educational games, learning, learning curves},
}

@inproceedings{Butler:2015:AGP:2702123.2702330,
 author = {Butler, Eric and Andersen, Erik and Smith, Adam M. and Gulwani, Sumit and Popovi\'{c}, Zoran},
 title = {Automatic Game Progression Design Through Analysis of Solution Features},
 booktitle = {Proceedings of the 33rd Annual ACM Conference on Human Factors in Computing Systems},
 series = {CHI '15},
 year = {2015},
 isbn = {978-1-4503-3145-6},
 location = {Seoul, Republic of Korea},
 pages = {2407--2416},
 numpages = {10},
 url = {http://doi.acm.org/10.1145/2702123.2702330},
 doi = {10.1145/2702123.2702330},
 acmid = {2702330},
 publisher = {ACM},
 address = {New York, NY, USA},
 keywords = {education, games, procedural content generation},
}

@inproceedings{Lee:2015:CEO:2787622.2787709,
 author = {Lee, Michael J. and Ko, Andrew J.},
 title = {Comparing the Effectiveness of Online Learning Approaches on CS1 Learning Outcomes},
 booktitle = {Proceedings of the Eleventh Annual International Conference on International Computing Education Research},
 series = {ICER '15},
 year = {2015},
 isbn = {978-1-4503-3630-7},
 location = {Omaha, Nebraska, USA},
 pages = {237--246},
 numpages = {10},
 url = {http://doi.acm.org/10.1145/2787622.2787709},
 doi = {10.1145/2787622.2787709},
 acmid = {2787709},
 publisher = {ACM},
 address = {New York, NY, USA},
 keywords = {codecademy, computing education, debugging, educational game, gidget, learning outcomes, programming},
}

@article{Leyzberg:2018:EPL:3292529.3283453,
 author = {Leyzberg, Daniel and Ramachandran, Aditi and Scassellati, Brian},
 title = {The Effect of Personalization in Longer-Term Robot Tutoring},
 journal = {ACM Trans. Hum.-Robot Interact.},
 issue_date = {December 2018},
 volume = {7},
 number = {3},
 month = dec,
 year = {2018},
 issn = {2573-9522},
 pages = {19:1--19:19},
 articleno = {19},
 numpages = {19},
 url = {http://doi.acm.org/10.1145/3283453},
 doi = {10.1145/3283453},
 acmid = {3283453},
 publisher = {ACM},
 address = {New York, NY, USA},
 keywords = {English Language Learning (ELL), Human-robot interaction, personalization, tutoring},
}

@inproceedings{Rau:2013:WIL:2470654.2470670,
 author = {Rau, Martina A. and Aleven, Vincent and Rummel, Nikol and Rohrbach, Stacie},
 title = {Why Interactive Learning Environments Can Have It All: Resolving Design Conflicts Between Competing Goals},
 booktitle = {Proceedings of the SIGCHI Conference on Human Factors in Computing Systems},
 series = {CHI '13},
 year = {2013},
 isbn = {978-1-4503-1899-0},
 location = {Paris, France},
 pages = {109--118},
 numpages = {10},
 url = {http://doi.acm.org/10.1145/2470654.2470670},
 doi = {10.1145/2470654.2470670},
 acmid = {2470670},
 publisher = {ACM},
 address = {New York, NY, USA},
 keywords = {cognitive tutors, design conflicts, instructional design, interactive learning environments},
}

@inproceedings{Modesitt:1977:CIC:1499402.1499501,
 author = {Modesitt, Kenneth L.},
 title = {A Community of Individuals: Cooperation and Individualization in Computer Science Education},
 booktitle = {Proceedings of the June 13-16, 1977, National Computer Conference},
 series = {AFIPS '77},
 year = {1977},
 location = {Dallas, Texas},
 pages = {561--567},
 numpages = {7},
 url = {http://doi.acm.org/10.1145/1499402.1499501},
 doi = {10.1145/1499402.1499501},
 acmid = {1499501},
 publisher = {ACM},
 address = {New York, NY, USA},
}

@article{Jin:2008:PAT:1352322.1352231,
 author = {Jin, Wei},
 title = {Pre-programming Analysis Tutors Help Students Learn Basic Programming Concepts},
 journal = {SIGCSE Bull.},
 issue_date = {March 2008},
 volume = {40},
 number = {1},
 month = mar,
 year = {2008},
 issn = {0097-8418},
 pages = {276--280},
 numpages = {5},
 url = {http://doi.acm.org/10.1145/1352322.1352231},
 doi = {10.1145/1352322.1352231},
 acmid = {1352231},
 publisher = {ACM},
 address = {New York, NY, USA},
 keywords = {CS1, active learning, cognitive tutors, curriculum development, introduction to programming, pedagogy, scaffolding},
}

@inproceedings{Jin:2008:PAT:1352135.1352231,
 author = {Jin, Wei},
 title = {Pre-programming Analysis Tutors Help Students Learn Basic Programming Concepts},
 booktitle = {Proceedings of the 39th SIGCSE Technical Symposium on Computer Science Education},
 series = {SIGCSE '08},
 year = {2008},
 isbn = {978-1-59593-799-5},
 location = {Portland, OR, USA},
 pages = {276--280},
 numpages = {5},
 url = {http://doi.acm.org/10.1145/1352135.1352231},
 doi = {10.1145/1352135.1352231},
 acmid = {1352231},
 publisher = {ACM},
 address = {New York, NY, USA},
 keywords = {CS1, active learning, cognitive tutors, curriculum development, introduction to programming, pedagogy, scaffolding},
}

@inproceedings{Baker:2004:LDR:1149126.1149131,
 author = {Baker, Ryan Shaun and Corbett, Albert T. and Koedinger, Kenneth R.},
 title = {Learning to Distinguish Between Representations of Data: A Cognitive Tutor That Uses Contrasting Cases},
 booktitle = {Proceedings of the 6th International Conference on Learning Sciences},
 series = {ICLS '04},
 year = {2004},
 location = {Santa Monica, California},
 pages = {58--65},
 numpages = {8},
 url = {http://dl.acm.org/citation.cfm?id=1149126.1149131},
 acmid = {1149131},
 publisher = {International Society of the Learning Sciences},
}

@inproceedings{Price:2017:ITI:3017680.3017762,
 author = {Price, Thomas W. and Dong, Yihuan and Lipovac, Dragan},
 title = {iSnap: Towards Intelligent Tutoring in Novice Programming Environments},
 booktitle = {Proceedings of the 2017 ACM SIGCSE Technical Symposium on Computer Science Education},
 series = {SIGCSE '17},
 year = {2017},
 isbn = {978-1-4503-4698-6},
 location = {Seattle, Washington, USA},
 pages = {483--488},
 numpages = {6},
 url = {http://doi.acm.org/10.1145/3017680.3017762},
 doi = {10.1145/3017680.3017762},
 acmid = {3017762},
 publisher = {ACM},
 address = {New York, NY, USA},
 keywords = {data-driven, hints, intelligent tutoring systems, logging, novice programming, snap},
}

@inproceedings{Bart:2019:POI:3287324.3287428,
 author = {Bart, Austin Cory and Sarver, Allie and Friend, Michael and Cox II, Larry},
 title = {PythonSneks: An Open-Source, Instructionally-Designed Introductory Curriculum with Action-Design Research},
 booktitle = {Proceedings of the 50th ACM Technical Symposium on Computer Science Education},
 series = {SIGCSE '19},
 year = {2019},
 isbn = {978-1-4503-5890-3},
 location = {Minneapolis, MN, USA},
 pages = {307--313},
 numpages = {7},
 url = {http://doi.acm.org/10.1145/3287324.3287428},
 doi = {10.1145/3287324.3287428},
 acmid = {3287428},
 publisher = {ACM},
 address = {New York, NY, USA},
 keywords = {instructional design, open curriculum, python},
}

@inproceedings{Peres:2015:MMG:2808580.2808656,
 author = {Peres, Paula and Mesquita, Anabela},
 title = {Master Model to Gain Time in Your Classroom: An Ongoing European Project},
 booktitle = {Proceedings of the 3rd International Conference on Technological Ecosystems for Enhancing Multiculturality},
 series = {TEEM '15},
 year = {2015},
 isbn = {978-1-4503-3442-6},
 location = {Porto, Portugal},
 pages = {499--504},
 numpages = {6},
 url = {http://doi.acm.org/10.1145/2808580.2808656},
 doi = {10.1145/2808580.2808656},
 acmid = {2808656},
 publisher = {ACM},
 address = {New York, NY, USA},
 keywords = {development of training courses, educational methods, new innovative curricula, open and distance learning, pedagogy and didactics},
}

@Article{1983:1045066,
 journal = {SIGCUE Outlook},
 year = {1983},
 issn = {0163-5735},
 volume = {17},
 number = {2},
 issue_date = {Spring 1983},
 publisher = {ACM},
 address = {New York, NY, USA},
key = {{$\!\!$}} ,
}

@inproceedings{Wang:2016:EER:2883851.2883910,
 author = {Wang, Yan and Ostrow, Korinn and Beck, Joseph and Heffernan, Neil},
 title = {Enhancing the Efficiency and Reliability of Group Differentiation Through Partial Credit},
 booktitle = {Proceedings of the Sixth International Conference on Learning Analytics \& Knowledge},
 series = {LAK '16},
 year = {2016},
 isbn = {978-1-4503-4190-5},
 location = {Edinburgh, United Kingdom},
 pages = {454--458},
 numpages = {5},
 url = {http://doi.acm.org/10.1145/2883851.2883910},
 doi = {10.1145/2883851.2883910},
 acmid = {2883910},
 publisher = {ACM},
 address = {New York, NY, USA},
 keywords = {data mining, group differentiation, partial credit, randomized controlled trial, resampling},
}

@inproceedings{Szabo:2014:NTG:2538862.2538910,
 author = {Szabo, Claudia and Falkner, Katrina},
 title = {Neo-piagetian Theory As a Guide to Curriculum Analysis},
 booktitle = {Proceedings of the 45th ACM Technical Symposium on Computer Science Education},
 series = {SIGCSE '14},
 year = {2014},
 isbn = {978-1-4503-2605-6},
 location = {Atlanta, Georgia, USA},
 pages = {115--120},
 numpages = {6},
 url = {http://doi.acm.org/10.1145/2538862.2538910},
 doi = {10.1145/2538862.2538910},
 acmid = {2538910},
 publisher = {ACM},
 address = {New York, NY, USA},
 keywords = {computer science education, curriculum mapping},
}

@inproceedings{Mejia:2015:OMM:2888619.2888807,
 author = {Mejia, Edwing Isaac and Yudkowsky, Rachel and Bui, James and Lineberry, Matthew and Luciano, Cristian},
 title = {Overview of Multimodality Motion Tracking for Training of Central Venous Catheter Placement},
 booktitle = {Proceedings of the 2015 Winter Simulation Conference},
 series = {WSC '15},
 year = {2015},
 isbn = {978-1-4673-9741-4},
 location = {Huntington Beach, California},
 pages = {1666--1677},
 numpages = {12},
 url = {http://dl.acm.org/citation.cfm?id=2888619.2888807},
 acmid = {2888807},
 publisher = {IEEE Press},
 address = {Piscataway, NJ, USA},
}

@inproceedings{Dumdumaya:2018:ISP:3213586.3225237,
 author = {Dumdumaya, Cristina E. and Banawan, Michelle P. and Rodrigo, Ma. Mercedes T.},
 title = {Identifying Students' Persistence Profiles in Problem Solving Task},
 booktitle = {Adjunct Publication of the 26th Conference on User Modeling, Adaptation and Personalization},
 series = {UMAP '18},
 year = {2018},
 isbn = {978-1-4503-5784-5},
 location = {Singapore, Singapore},
 pages = {281--286},
 numpages = {6},
 url = {http://doi.acm.org/10.1145/3213586.3225237},
 doi = {10.1145/3213586.3225237},
 acmid = {3225237},
 publisher = {ACM},
 address = {New York, NY, USA},
 keywords = {clustering, intelligent tutoring system, simstudent, task persistence},
}

@inproceedings{Holstein:2017:SIL:3027385.3027450,
 author = {Holstein, Kenneth and McLaren, Bruce M. and Aleven, Vincent},
 title = {SPACLE: Investigating Learning Across Virtual and Physical Spaces Using Spatial Replays},
 booktitle = {Proceedings of the Seventh International Learning Analytics \&\#38; Knowledge Conference},
 series = {LAK '17},
 year = {2017},
 isbn = {978-1-4503-4870-6},
 location = {Vancouver, British Columbia, Canada},
 pages = {358--367},
 numpages = {10},
 url = {http://doi.acm.org/10.1145/3027385.3027450},
 doi = {10.1145/3027385.3027450},
 acmid = {3027450},
 publisher = {ACM},
 address = {New York, NY, USA},
 keywords = {blended learning, causal modeling, classroom, intelligent tutoring systems, teachers, visualizations},
}

@inproceedings{Holz:2011:USM:2094131.2094148,
 author = {Holz, Jan and Leonhardt, Thiemo and Schroeder, Ulrik},
 title = {Using Smartphones to Motivate Secondary School Students for Informatics},
 booktitle = {Proceedings of the 11th Koli Calling International Conference on Computing Education Research},
 series = {Koli Calling '11},
 year = {2011},
 isbn = {978-1-4503-1052-9},
 location = {Koli, Finland},
 pages = {89--94},
 numpages = {6},
 url = {http://doi.acm.org/10.1145/2094131.2094148},
 doi = {10.1145/2094131.2094148},
 acmid = {2094148},
 publisher = {ACM},
 address = {New York, NY, USA},
 keywords = {Android smartphones, Arduino microcontroller, Lego Mindstorms NXT, active learning, gender-sensitive motivation, programming apps},
}

@inproceedings{Sobel:2017:ESF:2998181.2998231,
 author = {Sobel, Kiley and Kovacs, Geza and McQuillen, Galen and Cross, Andrew and Chandrasekaran, Nirupama and Riche, Nathalie Henry and Cutrell, Ed and Morris, Meredith Ringel},
 title = {EduFeed: A Social Feed to Engage Preliterate Children in Educational Activities},
 booktitle = {Proceedings of the 2017 ACM Conference on Computer Supported Cooperative Work and Social Computing},
 series = {CSCW '17},
 year = {2017},
 isbn = {978-1-4503-4335-0},
 location = {Portland, Oregon, USA},
 pages = {491--504},
 numpages = {14},
 url = {http://doi.acm.org/10.1145/2998181.2998231},
 doi = {10.1145/2998181.2998231},
 acmid = {2998231},
 publisher = {ACM},
 address = {New York, NY, USA},
 keywords = {CSCL, ICT4D, children, education, literacy, social feeds},
}

@article{Hiltz:1986:LMS:22339.22364,
 author = {Hiltz, S. R.},
 title = {Learning Modes and Subsequent Use of Computer-mediated Communication Systems},
 journal = {SIGCHI Bull.},
 issue_date = {April 1986},
 volume = {17},
 number = {4},
 month = apr,
 year = {1986},
 issn = {0736-6906},
 pages = {149--155},
 numpages = {7},
 url = {http://doi.acm.org/10.1145/22339.22364},
 doi = {10.1145/22339.22364},
 acmid = {22364},
 publisher = {ACM},
 address = {New York, NY, USA},
}

@inproceedings{Hiltz:1986:LMS:22627.22364,
 author = {Hiltz, S. R.},
 title = {Learning Modes and Subsequent Use of Computer-mediated Communication Systems},
 booktitle = {Proceedings of the SIGCHI Conference on Human Factors in Computing Systems},
 series = {CHI '86},
 year = {1986},
 isbn = {0-89791-180-6},
 location = {Boston, Massachusetts, USA},
 pages = {149--155},
 numpages = {7},
 url = {http://doi.acm.org/10.1145/22627.22364},
 doi = {10.1145/22627.22364},
 acmid = {22364},
 publisher = {ACM},
 address = {New York, NY, USA},
}

@inproceedings{Koedinger:1996:PGC:1161135.1161160,
 author = {Koedinger, Kenneth R. and Sueker, Erika L. F.},
 title = {PAT Goes to College: Evaluating a Cognitive Tutor for Developmental Mathematics},
 booktitle = {Proceedings of the 1996 International Conference on Learning Sciences},
 series = {ICLS '96},
 year = {1996},
 isbn = {1-880094-23-1},
 location = {Evanston, Illinois},
 pages = {180--187},
 numpages = {8},
 url = {http://dl.acm.org/citation.cfm?id=1161135.1161160},
 acmid = {1161160},
 publisher = {International Society of the Learning Sciences},
}

@inproceedings{Thies:2013:PUC:2445196.2445303,
 author = {Thies, Renate and Vahrenhold, Jan},
 title = {On Plugging "Unplugged" into CS Classes},
 booktitle = {Proceeding of the 44th ACM Technical Symposium on Computer Science Education},
 series = {SIGCSE '13},
 year = {2013},
 isbn = {978-1-4503-1868-6},
 location = {Denver, Colorado, USA},
 pages = {365--370},
 numpages = {6},
 url = {http://doi.acm.org/10.1145/2445196.2445303},
 doi = {10.1145/2445196.2445303},
 acmid = {2445303},
 publisher = {ACM},
 address = {New York, NY, USA},
 keywords = {assessment, computer science unplugged},
}

@inproceedings{Doherty:2013:IHB:2526667.2526677,
 author = {Doherty, Aiden and Williamson, Wilby and Hillsdon, Melvyn and Hodges, Steve and Foster, Charlie and Kelly, Paul},
 title = {Influencing Health-related Behaviour with Wearable Cameras: Strategies \&\#38; Ethical Considerations},
 booktitle = {Proceedings of the 4th International SenseCam \&\#38; Pervasive Imaging Conference},
 series = {SenseCam '13},
 year = {2013},
 isbn = {978-1-4503-2247-8},
 location = {San Diego, California, USA},
 pages = {60--67},
 numpages = {8},
 url = {http://doi.acm.org/10.1145/2526667.2526677},
 doi = {10.1145/2526667.2526677},
 acmid = {2526677},
 publisher = {ACM},
 address = {New York, NY, USA},
 keywords = {behaviour change, technology theory, wearable cameras},
}

@inproceedings{Shen:2016:RLS:2930238.2930247,
 author = {Shen, Shitian and Chi, Min},
 title = {Reinforcement Learning: The Sooner the Better, or the Later the Better?},
 booktitle = {Proceedings of the 2016 Conference on User Modeling Adaptation and Personalization},
 series = {UMAP '16},
 year = {2016},
 isbn = {978-1-4503-4368-8},
 location = {Halifax, Nova Scotia, Canada},
 pages = {37--44},
 numpages = {8},
 url = {http://doi.acm.org/10.1145/2930238.2930247},
 doi = {10.1145/2930238.2930247},
 acmid = {2930247},
 publisher = {ACM},
 address = {New York, NY, USA},
 keywords = {delayed reward, immediate reward, pedagogical strategy, problem solving, reinforcement learning, worked example},
}

@inproceedings{Cooper:2012:IRU:2325296.2325332,
 author = {Cooper, Stephen and Nam, Yoon Jae and Si, Luo},
 title = {Initial Results of Using an Intelligent Tutoring System with Alice},
 booktitle = {Proceedings of the 17th ACM Annual Conference on Innovation and Technology in Computer Science Education},
 series = {ITiCSE '12},
 year = {2012},
 isbn = {978-1-4503-1246-2},
 location = {Haifa, Israel},
 pages = {138--143},
 numpages = {6},
 url = {http://doi.acm.org/10.1145/2325296.2325332},
 doi = {10.1145/2325296.2325332},
 acmid = {2325332},
 publisher = {ACM},
 address = {New York, NY, USA},
 keywords = {alice, intelligent tutoring system, tutorial},
}

@inproceedings{Bostrom:1986:TEC:317210.317218,
 author = {Bostrom, Robert P. and Olfman, Lorne and Sein, Maung},
 title = {Training for End-user Computing: Are Basic Abilities Enough for Learning?},
 booktitle = {Proceedings of the Twenty-second Annual Computer Personnel Research Conference on Computer Personnel Research Conference},
 series = {SIGCPR '86},
 year = {1986},
 isbn = {0-89791-207-1},
 location = {Calgary, Canada},
 pages = {1--11},
 numpages = {11},
 url = {http://doi.acm.org/10.1145/317210.317218},
 doi = {10.1145/317210.317218},
 acmid = {317218},
 publisher = {ACM},
 address = {New York, NY, USA},
 keywords = {end user computer (EUC), training},
}

@inproceedings{Baker:2011:EPS:2021855.2021858,
 author = {Baker, Ryan S. J. D. and Pardos, Zachary A. and Gowda, Sujith M. and Nooraei, Bahador B. and Heffernan, Neil T.},
 title = {Ensembling Predictions of Student Knowledge Within Intelligent Tutoring Systems},
 booktitle = {Proceedings of the 19th International Conference on User Modeling, Adaption, and Personalization},
 series = {UMAP'11},
 year = {2011},
 isbn = {978-3-642-22361-7},
 location = {Girona, Spain},
 pages = {13--24},
 numpages = {12},
 url = {http://dl.acm.org/citation.cfm?id=2021855.2021858},
 acmid = {2021858},
 publisher = {Springer-Verlag},
 address = {Berlin, Heidelberg},
 keywords = {Bayesian knowledge-tracing, cognitive tutor, ensemble methods, performance factors analysis, student modeling},
}

@inproceedings{Verenikina:2003:CPC:1082060.1082076,
 author = {Verenikina, Irina and Harris, Pauline and Lysaght, Pauline},
 title = {Child's Play: Computer Games, Theories of Play and Children's Development},
 booktitle = {Proceedings of the International Federation for Information Processing Working Group 3.5 Open Conference on Young Children and Learning Technologies - Volume 34},
 series = {CRPIT '03},
 year = {2003},
 isbn = {1-920682-16-3},
 location = {Sydney, Australia},
 pages = {99--106},
 numpages = {8},
 url = {http://dl.acm.org/citation.cfm?id=1082060.1082076},
 acmid = {1082076},
 publisher = {Australian Computer Society, Inc.},
 address = {Darlinghurst, Australia, Australia},
 keywords = {early childhood education, evaluation, professional development, research, teacher education},
}

@article{Pardos:2012:SGP:2207243.2207249,
 author = {Pardos, Zachary A and Gowda, Sujith M. and Baker, Ryan S.J.d. and Heffernan, Neil T.},
 title = {The Sum is Greater Than the Parts: Ensembling Models of Student Knowledge in Educational Software},
 journal = {SIGKDD Explor. Newsl.},
 issue_date = {December 2011},
 volume = {13},
 number = {2},
 month = may,
 year = {2012},
 issn = {1931-0145},
 pages = {37--44},
 numpages = {8},
 url = {http://doi.acm.org/10.1145/2207243.2207249},
 doi = {10.1145/2207243.2207249},
 acmid = {2207249},
 publisher = {ACM},
 address = {New York, NY, USA},
}

@inproceedings{Botelho:2019:RTC:3303772.3303806,
 author = {Botelho, Anthony F. and Varatharaj, Ashvini and Inwegen, Eric G. Van and Heffernan, Neil T.},
 title = {Refusing to Try: Characterizing Early Stopout on Student Assignments},
 booktitle = {Proceedings of the 9th International Conference on Learning Analytics \& Knowledge},
 series = {LAK19},
 year = {2019},
 isbn = {978-1-4503-6256-6},
 location = {Tempe, AZ, USA},
 pages = {391--400},
 numpages = {10},
 url = {http://doi.acm.org/10.1145/3303772.3303806},
 doi = {10.1145/3303772.3303806},
 acmid = {3303806},
 publisher = {ACM},
 address = {New York, NY, USA},
 keywords = {Dropout, Persistence, Refusal, Stopout, Student Attrition},
}

@inproceedings{Ehlenz:2018:LWD:3279720.3279724,
 author = {Ehlenz, Matthias and Leonhardt, Thiemo and Cherek, Christian and Wilkowska, Wiktoria and Schroeder, Ulrik},
 title = {The Lone Wolf Dies, the Pack Survives?: Analyzing a Computer Science Learning Application on a Multitouch-Tabletop},
 booktitle = {Proceedings of the 18th Koli Calling International Conference on Computing Education Research},
 series = {Koli Calling '18},
 year = {2018},
 isbn = {978-1-4503-6535-2},
 location = {Koli, Finland},
 pages = {4:1--4:8},
 articleno = {4},
 numpages = {8},
 url = {http://doi.acm.org/10.1145/3279720.3279724},
 doi = {10.1145/3279720.3279724},
 acmid = {3279724},
 publisher = {ACM},
 address = {New York, NY, USA},
 keywords = {big five inventory, collaborative learning, learning game, multi touch, pattern recognition, regular expressions, serious games, tabletops},
}

@inproceedings{Wu:2018:SBL:3291078.3291087,
 author = {Wu, Lingjuan},
 title = {A Survey of Blended Learning for EGP Writing Supported by MOOCs and Juku},
 booktitle = {Proceedings of the 2018 2Nd International Conference on Education and E-Learning},
 series = {ICEEL 2018},
 year = {2018},
 isbn = {978-1-4503-6577-2},
 location = {Bali, Indonesia},
 pages = {98--103},
 numpages = {6},
 url = {http://doi.acm.org/10.1145/3291078.3291087},
 doi = {10.1145/3291078.3291087},
 acmid = {3291087},
 publisher = {ACM},
 address = {New York, NY, USA},
 keywords = {EGP writing, Juku, MOOCs, blended learning, in-class activities},
}

@inproceedings{Pardos:2017:IKR:3079628.3079689,
 author = {Pardos, Zachary A. and Dadu, Anant},
 title = {Imputing KCs with Representations of Problem Content and Context},
 booktitle = {Proceedings of the 25th Conference on User Modeling, Adaptation and Personalization},
 series = {UMAP '17},
 year = {2017},
 isbn = {978-1-4503-4635-1},
 location = {Bratislava, Slovakia},
 pages = {148--155},
 numpages = {8},
 url = {http://doi.acm.org/10.1145/3079628.3079689},
 doi = {10.1145/3079628.3079689},
 acmid = {3079689},
 publisher = {ACM},
 address = {New York, NY, USA},
 keywords = {assistments, bag-of-words, kc prediction, representation learning, skill tagging, skip-gram},
}

@inproceedings{Luxton-Reilly:2018:IPS:3293881.3295779,
 author = {Luxton-Reilly, Andrew and Simon and Albluwi, Ibrahim and Becker, Brett A. and Giannakos, Michail and Kumar, Amruth N. and Ott, Linda and Paterson, James and Scott, Michael James and Sheard, Judy and Szabo, Claudia},
 title = {Introductory Programming: A Systematic Literature Review},
 booktitle = {Proceedings Companion of the 23rd Annual ACM Conference on Innovation and Technology in Computer Science Education},
 series = {ITiCSE 2018 Companion},
 year = {2018},
 isbn = {978-1-4503-6223-8},
 location = {Larnaca, Cyprus},
 pages = {55--106},
 numpages = {52},
 url = {http://doi.acm.org/10.1145/3293881.3295779},
 doi = {10.1145/3293881.3295779},
 acmid = {3295779},
 publisher = {ACM},
 address = {New York, NY, USA},
 keywords = {CS1, ITiCSE working group, SLR, introductory programming, literature review, novice programming, overview, review, systematic literature review, systematic review},
}

@inproceedings{Uchidiuno:2018:DAL:3209811.3209881,
 author = {Uchidiuno, Judith and Yarzebinski, Evelyn and Madaio, Michael and Maheshwari, Nupur and Koedinger, Ken and Ogan, Amy},
 title = {Designing Appropriate Learning Technologies for School vs Home Settings in Tanzanian Rural Villages},
 booktitle = {Proceedings of the 1st ACM SIGCAS Conference on Computing and Sustainable Societies},
 series = {COMPASS '18},
 year = {2018},
 isbn = {978-1-4503-5816-3},
 location = {Menlo Park and San Jose, CA, USA},
 pages = {9:1--9:11},
 articleno = {9},
 numpages = {11},
 url = {http://doi.acm.org/10.1145/3209811.3209881},
 doi = {10.1145/3209811.3209881},
 acmid = {3209881},
 publisher = {ACM},
 address = {New York, NY, USA},
 keywords = {Early Literacy, Educational Technology, Sub-Saharan Africa},
}

@inproceedings{Wilhelm-Weidner:2018:STC:3279720.3279734,
 author = {Wilhelm-Weidner, Arno and Bergner, Nadine},
 title = {On Supplementing Theoretical Computer Science Courses Using E-Learning},
 booktitle = {Proceedings of the 18th Koli Calling International Conference on Computing Education Research},
 series = {Koli Calling '18},
 year = {2018},
 isbn = {978-1-4503-6535-2},
 location = {Koli, Finland},
 pages = {14:1--14:10},
 articleno = {14},
 numpages = {10},
 url = {http://doi.acm.org/10.1145/3279720.3279734},
 doi = {10.1145/3279720.3279734},
 acmid = {3279734},
 publisher = {ACM},
 address = {New York, NY, USA},
 keywords = {Blended Learning, E-Learning, Learning Management System, Theoretical Computer Science},
}

@inproceedings{Leinonen:2017:CTM:3105726.3106181,
 author = {Leinonen, Juho and Lepp\"{a}nen, Leo and Ihantola, Petri and Hellas, Arto},
 title = {Comparison of Time Metrics in Programming},
 booktitle = {Proceedings of the 2017 ACM Conference on International Computing Education Research},
 series = {ICER '17},
 year = {2017},
 isbn = {978-1-4503-4968-0},
 location = {Tacoma, Washington, USA},
 pages = {200--208},
 numpages = {9},
 url = {http://doi.acm.org/10.1145/3105726.3106181},
 doi = {10.1145/3105726.3106181},
 acmid = {3106181},
 publisher = {ACM},
 address = {New York, NY, USA},
 keywords = {academic success prediction, educational data mining, multi-source data analysis, time metrics, time on task},
}

@inproceedings{Fancsali:2018:UEF:3170358.3170392,
 author = {Fancsali, Stephen E. and Zheng, Guoguo and Tan, Yanyan and Ritter, Steven and Berman, Susan R. and Galyardt, April},
 title = {Using Embedded Formative Assessment to Predict State Summative Test Scores},
 booktitle = {Proceedings of the 8th International Conference on Learning Analytics and Knowledge},
 series = {LAK '18},
 year = {2018},
 isbn = {978-1-4503-6400-3},
 location = {Sydney, New South Wales, Australia},
 pages = {161--170},
 numpages = {10},
 url = {http://doi.acm.org/10.1145/3170358.3170392},
 doi = {10.1145/3170358.3170392},
 acmid = {3170392},
 publisher = {ACM},
 address = {New York, NY, USA},
 keywords = {accountability, assessment, formative assessment, intelligent tutoring systems, mathematics education, predictive modeling},
}

@inproceedings{Bassen:2018:OEI:3231644.3231669,
 author = {Bassen, Jonathan and Howley, Iris and Fast, Ethan and Mitchell, John and Thille, Candace},
 title = {OARS: Exploring Instructor Analytics for Online Learning},
 booktitle = {Proceedings of the Fifth Annual ACM Conference on Learning at Scale},
 series = {L@S '18},
 year = {2018},
 isbn = {978-1-4503-5886-6},
 location = {London, United Kingdom},
 pages = {55:1--55:10},
 articleno = {55},
 numpages = {10},
 url = {http://doi.acm.org/10.1145/3231644.3231669},
 doi = {10.1145/3231644.3231669},
 acmid = {3231669},
 publisher = {ACM},
 address = {New York, NY, USA},
 keywords = {instructor-centered design, learning analytics, real-time systems},
}

@inproceedings{Brooks:2014:DCU:2556325.2566243,
 author = {Brooks, Michael and Basu, Sumit and Jacobs, Charles and Vanderwende, Lucy},
 title = {Divide and Correct: Using Clusters to Grade Short Answers at Scale},
 booktitle = {Proceedings of the First ACM Conference on Learning @ Scale Conference},
 series = {L@S '14},
 year = {2014},
 isbn = {978-1-4503-2669-8},
 location = {Atlanta, Georgia, USA},
 pages = {89--98},
 numpages = {10},
 url = {http://doi.acm.org/10.1145/2556325.2566243},
 doi = {10.1145/2556325.2566243},
 acmid = {2566243},
 publisher = {ACM},
 address = {New York, NY, USA},
 keywords = {assessment, clustering, clustering interfaces, grading, grading interfaces, moocs, user interfaces},
}

@inproceedings{Bodily:2018:OLM:3170358.3170409,
 author = {Bodily, Robert and Kay, Judy and Aleven, Vincent and Jivet, Ioana and Davis, Dan and Xhakaj, Franceska and Verbert, Katrien},
 title = {Open Learner Models and Learning Analytics Dashboards: A Systematic Review},
 booktitle = {Proceedings of the 8th International Conference on Learning Analytics and Knowledge},
 series = {LAK '18},
 year = {2018},
 isbn = {978-1-4503-6400-3},
 location = {Sydney, New South Wales, Australia},
 pages = {41--50},
 numpages = {10},
 url = {http://doi.acm.org/10.1145/3170358.3170409},
 doi = {10.1145/3170358.3170409},
 acmid = {3170409},
 publisher = {ACM},
 address = {New York, NY, USA},
 keywords = {learning analytics dashboards, literature review, open learner models, open student models},
}

@inproceedings{Balapumi:2016:FIU:2843043.2843067,
 author = {Balapumi, Rohini and von Konsky, Brian R. and Aitken, Ashley and McMeekin, David A.},
 title = {Factors Influencing University Students' Self-regulation of Learning: An Exploratory Study},
 booktitle = {Proceedings of the Australasian Computer Science Week Multiconference},
 series = {ACSW '16},
 year = {2016},
 isbn = {978-1-4503-4042-7},
 location = {Canberra, Australia},
 pages = {5:1--5:9},
 articleno = {5},
 numpages = {9},
 url = {http://doi.acm.org/10.1145/2843043.2843067},
 doi = {10.1145/2843043.2843067},
 acmid = {2843067},
 publisher = {ACM},
 address = {New York, NY, USA},
 keywords = {australia, higher education, self-regulated learning (SRL)},
}

@inproceedings{Long:2018:ESL:3170358.3170411,
 author = {Long, Yanjin and Holstein, Kenneth and Aleven, Vincent},
 title = {What Exactly Do Students Learn when They Practice Equation Solving?: Refining Knowledge Components with the Additive Factors Model},
 booktitle = {Proceedings of the 8th International Conference on Learning Analytics and Knowledge},
 series = {LAK '18},
 year = {2018},
 isbn = {978-1-4503-6400-3},
 location = {Sydney, New South Wales, Australia},
 pages = {399--408},
 numpages = {10},
 url = {http://doi.acm.org/10.1145/3170358.3170411},
 doi = {10.1145/3170358.3170411},
 acmid = {3170411},
 publisher = {ACM},
 address = {New York, NY, USA},
 keywords = {K-12, educational data mining, equation solving, intelligent tutoring systems, knowledge components, student modeling},
}

@article{Lindell:2014:CIE:2584567.2584591,
 author = {Lindell, Rikard},
 title = {Crafting Interaction: The Epistemology of Modern Programming},
 journal = {Personal Ubiquitous Comput.},
 issue_date = {March     2014},
 volume = {18},
 number = {3},
 month = mar,
 year = {2014},
 issn = {1617-4909},
 pages = {613--624},
 numpages = {12},
 url = {http://dx.doi.org/10.1007/s00779-013-0687-6},
 doi = {10.1007/s00779-013-0687-6},
 acmid = {2584591},
 publisher = {Springer-Verlag},
 address = {London, UK, UK},
 keywords = {Craft, Design, Engineering, Epistemology, Interaction design, Material, Materiality, Programming, Software engineering},
}

@inproceedings{Szabo:2014:ECD:2674683.2674691,
 author = {Szabo, Claudia and Falkner, Katrina and Falkner, Nickolas},
 title = {Experiences in Course Design Using Neo-piagetian Theory},
 booktitle = {Proceedings of the 14th Koli Calling International Conference on Computing Education Research},
 series = {Koli Calling '14},
 year = {2014},
 isbn = {978-1-4503-3065-7},
 location = {Koli, Finland},
 pages = {81--90},
 numpages = {10},
 url = {http://doi.acm.org/10.1145/2674683.2674691},
 doi = {10.1145/2674683.2674691},
 acmid = {2674691},
 publisher = {ACM},
 address = {New York, NY, USA},
 keywords = {computer science education, course design, neo-piaget},
}

@inproceedings{O'Rourke:2014:BPG:2556288.2557157,
 author = {O'Rourke, Eleanor and Haimovitz, Kyla and Ballweber, Christy and Dweck, Carol and Popovi\'{c}, Zoran},
 title = {Brain Points: A Growth Mindset Incentive Structure Boosts Persistence in an Educational Game},
 booktitle = {Proceedings of the SIGCHI Conference on Human Factors in Computing Systems},
 series = {CHI '14},
 year = {2014},
 isbn = {978-1-4503-2473-1},
 location = {Toronto, Ontario, Canada},
 pages = {3339--3348},
 numpages = {10},
 url = {http://doi.acm.org/10.1145/2556288.2557157},
 doi = {10.1145/2556288.2557157},
 acmid = {2557157},
 publisher = {ACM},
 address = {New York, NY, USA},
 keywords = {educational games, growth mindset, incentive structures},
}

@inproceedings{O'Rourke:2014:BPG:2611222.2557157,
 author = {O'Rourke, Eleanor and Haimovitz, Kyla and Ballweber, Christy and Dweck, Carol and Popovi\'{c}, Zoran},
 title = {Brain Points: A Growth Mindset Incentive Structure Boosts Persistence in an Educational Game},
 booktitle = {Proceedings of the 32Nd Annual ACM Conference on Human Factors in Computing Systems},
 series = {CHI '14},
 year = {2014},
 isbn = {978-1-4503-2473-1},
 location = {Toronto, Ontario, Canada},
 pages = {3339--3348},
 numpages = {10},
 url = {http://doi.acm.org/10.1145/2556288.2557157},
 doi = {10.1145/2556288.2557157},
 acmid = {2557157},
 publisher = {ACM},
 address = {New York, NY, USA},
 keywords = {educational games, growth mindset, incentive structures},
}

@inproceedings{Fan:2017:MLS:3025453.3025544,
 author = {Fan, Xiangmin and Luo, Wencan and Wang, Jingtao},
 title = {Mastery Learning of Second Language Through Asynchronous Modeling of Native Speakers in a Collaborative Mobile Game},
 booktitle = {Proceedings of the 2017 CHI Conference on Human Factors in Computing Systems},
 series = {CHI '17},
 year = {2017},
 isbn = {978-1-4503-4655-9},
 location = {Denver, Colorado, USA},
 pages = {4887--4898},
 numpages = {12},
 url = {http://doi.acm.org/10.1145/3025453.3025544},
 doi = {10.1145/3025453.3025544},
 acmid = {3025544},
 publisher = {ACM},
 address = {New York, NY, USA},
 keywords = {collaborative learning, evaluation, mandarin tones, mobile learning, serious games},
}

@inproceedings{Kim:2017:MDO:2998181.2998195,
 author = {Kim, Joy and Agrawala, Maneesh and Bernstein, Michael S.},
 title = {Mosaic: Designing Online Creative Communities for Sharing Works-in-Progress},
 booktitle = {Proceedings of the 2017 ACM Conference on Computer Supported Cooperative Work and Social Computing},
 series = {CSCW '17},
 year = {2017},
 isbn = {978-1-4503-4335-0},
 location = {Portland, Oregon, USA},
 pages = {246--258},
 numpages = {13},
 url = {http://doi.acm.org/10.1145/2998181.2998195},
 doi = {10.1145/2998181.2998195},
 acmid = {2998195},
 publisher = {ACM},
 address = {New York, NY, USA},
 keywords = {art, creative collaboration, creativity, social computing},
}

@inproceedings{Salovaara:2007:AMC:1240624.1240794,
 author = {Salovaara, Antti},
 title = {Appropriation of a MMS-based Comic Creator: From System Functionalities to Resources for Action},
 booktitle = {Proceedings of the SIGCHI Conference on Human Factors in Computing Systems},
 series = {CHI '07},
 year = {2007},
 isbn = {978-1-59593-593-9},
 location = {San Jose, California, USA},
 pages = {1117--1126},
 numpages = {10},
 url = {http://doi.acm.org/10.1145/1240624.1240794},
 doi = {10.1145/1240624.1240794},
 acmid = {1240794},
 publisher = {ACM},
 address = {New York, NY, USA},
 keywords = {appropriation, evolving use, interpersonal communication, mobile technology, resources, temporal analysis},
}

@inproceedings{Ostrow:2016:ALI:2883851.2883872,
 author = {Ostrow, Korinn S. and Selent, Doug and Wang, Yan and Van Inwegen, Eric G. and Heffernan, Neil T. and Williams, Joseph Jay},
 title = {The Assessment of Learning Infrastructure (ALI): The Theory, Practice, and Scalability of Automated Assessment},
 booktitle = {Proceedings of the Sixth International Conference on Learning Analytics \& Knowledge},
 series = {LAK '16},
 year = {2016},
 isbn = {978-1-4503-4190-5},
 location = {Edinburgh, United Kingdom},
 pages = {279--288},
 numpages = {10},
 url = {http://doi.acm.org/10.1145/2883851.2883872},
 doi = {10.1145/2883851.2883872},
 acmid = {2883872},
 publisher = {ACM},
 address = {New York, NY, USA},
 keywords = {assessment of learning infrastructure, automated analysis, randomized controlled experiments at scale, the assistments testbed, tools for learning analytics, universal data reporting},
}

@article{Funk:2005:AOL:1082215.1082221,
 author = {Funk, JoAnn T.},
 title = {At-risk Online Learners: Reducing Barriers to Success},
 journal = {eLearn},
 issue_date = {August 2005},
 volume = {2005},
 number = {8},
 month = aug,
 year = {2005},
 issn = {1535-394X},
 pages = {3--},
 url = {http://doi.acm.org/10.1145/1082215.1082221},
 doi = {10.1145/1082215.1082221},
 acmid = {1082221},
 publisher = {ACM},
 address = {New York, NY, USA},
}

@article{Williams:1992:MRW:142386.142393,
 author = {Williams, Thomas R. and Farkas, David K.},
 title = {Minimalism Reconsidered: Should We Design Documentation for Exploratory Learning?},
 journal = {SIGCHI Bull.},
 issue_date = {April 1992},
 volume = {24},
 number = {2},
 month = apr,
 year = {1992},
 issn = {0736-6906},
 pages = {41--50},
 numpages = {10},
 url = {http://doi.acm.org/10.1145/142386.142393},
 doi = {10.1145/142386.142393},
 acmid = {142393},
 publisher = {ACM},
 address = {New York, NY, USA},
}

@inproceedings{Krisler:2008:TTM:1463160.1463186,
 author = {Krisler, Brian and Alterman, Richard},
 title = {Training Towards Mastery: Overcoming the Active User Paradox},
 booktitle = {Proceedings of the 5th Nordic Conference on Human-computer Interaction: Building Bridges},
 series = {NordiCHI '08},
 year = {2008},
 isbn = {978-1-59593-704-9},
 location = {Lund, Sweden},
 pages = {239--248},
 numpages = {10},
 url = {http://doi.acm.org/10.1145/1463160.1463186},
 doi = {10.1145/1463160.1463186},
 acmid = {1463186},
 publisher = {ACM},
 address = {New York, NY, USA},
 keywords = {active user paradox, activity theory, design, mastery, skill acquisition, training},
}

@inproceedings{Syed:2019:ICL:3303772.3303803,
 author = {Syed, Munira and Anggara, Trunojoyo and Lanski, Alison and Duan, Xiaojing and Ambrose, G. Alex and Chawla, Nitesh V.},
 title = {Integrated Closed-loop Learning Analytics Scheme in a First Year Experience Course},
 booktitle = {Proceedings of the 9th International Conference on Learning Analytics \& Knowledge},
 series = {LAK19},
 year = {2019},
 isbn = {978-1-4503-6256-6},
 location = {Tempe, AZ, USA},
 pages = {521--530},
 numpages = {10},
 url = {http://doi.acm.org/10.1145/3303772.3303803},
 doi = {10.1145/3303772.3303803},
 acmid = {3303803},
 publisher = {ACM},
 address = {New York, NY, USA},
 keywords = {advising, at-risk students, first year experience, first year seminars, intervention, learning analytics},
}

@article{John:1996:GFU:235833.236054,
 author = {John, Bonnie E. and Kieras, David E.},
 title = {The GOMS Family of User Interface Analysis Techniques: Comparison and Contrast},
 journal = {ACM Trans. Comput.-Hum. Interact.},
 issue_date = {Dec. 1996},
 volume = {3},
 number = {4},
 month = dec,
 year = {1996},
 issn = {1073-0516},
 pages = {320--351},
 numpages = {32},
 url = {http://doi.acm.org/10.1145/235833.236054},
 doi = {10.1145/235833.236054},
 acmid = {236054},
 publisher = {ACM},
 address = {New York, NY, USA},
 keywords = {GOMS, cognitive modeling, usability engineering},
}

@Article{1983:1045078,
 journal = {SIGCUE Outlook},
 year = {1983},
 issn = {0163-5735},
 volume = {17},
 number = {3},
 issue_date = {Summer 1983},
 publisher = {ACM},
 address = {New York, NY, USA},
key = {{$\!\!$}} ,
}

@article{Magana:2013:IDC:2543488.2534971,
 author = {Magana, Alejandra J. and Falk, Michael L. and Reese,Jr., Michael J.},
 title = {Introducing Discipline-Based Computing in Undergraduate Engineering Education},
 journal = {Trans. Comput. Educ.},
 issue_date = {November 2013},
 volume = {13},
 number = {4},
 month = nov,
 year = {2013},
 issn = {1946-6226},
 pages = {16:1--16:22},
 articleno = {16},
 numpages = {22},
 url = {http://doi.acm.org/10.1145/2534971},
 doi = {10.1145/2534971},
 acmid = {2534971},
 publisher = {ACM},
 address = {New York, NY, USA},
 keywords = {Innovative pedagogies, discipline-based computing, engineering domains, how people learn framework, student-centered pedagogies},
}

@inproceedings{Szabo:2018:UEL:3174781.3174787,
 author = {Szabo, Claudia and Falkner, Nickolas and Knutas, Antti and Dorodchi, Mohsen},
 title = {Understanding the Effects of Lecturer Intervention on Computer Science Student Behaviour},
 booktitle = {Proceedings of the 2017 ITiCSE Conference on Working Group Reports},
 series = {ITiCSE-WGR '17},
 year = {2017},
 isbn = {978-1-4503-5627-5},
 location = {Bologna, Italy},
 pages = {105--124},
 numpages = {20},
 url = {http://doi.acm.org/10.1145/3174781.3174787},
 doi = {10.1145/3174781.3174787},
 acmid = {3174787},
 publisher = {ACM},
 address = {New York, NY, USA},
 keywords = {intervention, systematic literature review},
}

@article{Dahlberg:2011:SAV:2037276.2037282,
 author = {Dahlberg, Teresa and Barnes, Tiffany and Buch, Kim and Rorrer, Audrey},
 title = {The STARS Alliance: Viable Strategies for Broadening Participation in Computing},
 journal = {Trans. Comput. Educ.},
 issue_date = {October 2011},
 volume = {11},
 number = {3},
 month = oct,
 year = {2011},
 issn = {1946-6226},
 pages = {18:1--18:25},
 articleno = {18},
 numpages = {25},
 url = {http://doi.acm.org/10.1145/2037276.2037282},
 doi = {10.1145/2037276.2037282},
 acmid = {2037282},
 publisher = {ACM},
 address = {New York, NY, USA},
 keywords = {BPC, Broadening participation in computing, computing curricula, education, service-learning},
}

@article{Shih:2018:GPB:3283809.3193180,
 author = {Shih, Timothy K. and Gunarathne, W. K. T. M. and Ochirbat, Ankhtuya and Su, Huang-Ming},
 title = {Grouping Peers Based on Complementary Degree and Social Relationship Using Genetic Algorithm},
 journal = {ACM Trans. Internet Technol.},
 issue_date = {March 2019},
 volume = {19},
 number = {1},
 month = oct,
 year = {2018},
 issn = {1533-5399},
 pages = {2:1--2:29},
 articleno = {2},
 numpages = {29},
 url = {http://doi.acm.org/10.1145/3193180},
 doi = {10.1145/3193180},
 acmid = {3193180},
 publisher = {ACM},
 address = {New York, NY, USA},
 keywords = {Automatic grouping, MOOCs, cooperative learning, genetic algorithm},
}

@article{Long:2017:EGI:3086563.3057889,
 author = {Long, Yanjin and Aleven, Vincent},
 title = {Educational Game and Intelligent Tutoring System: A Classroom Study and Comparative Design Analysis},
 journal = {ACM Trans. Comput.-Hum. Interact.},
 issue_date = {July 2017},
 volume = {24},
 number = {3},
 month = apr,
 year = {2017},
 issn = {1073-0516},
 pages = {20:1--20:27},
 articleno = {20},
 numpages = {27},
 url = {http://doi.acm.org/10.1145/3057889},
 doi = {10.1145/3057889},
 acmid = {3057889},
 publisher = {ACM},
 address = {New York, NY, USA},
 keywords = {<i>dragonbox 12+</i>, <i>lynnette</i>, Educational games, classroom experiment, enjoyment, intelligent tutoring systems, out-of-system transfer of learning},
}

@article{D'mello:2013:AAA:2395123.2395128,
 author = {D'mello, Sidney and Graesser, Art},
 title = {AutoTutor and Affective Autotutor: Learning by Talking with Cognitively and Emotionally Intelligent Computers That Talk Back},
 journal = {ACM Trans. Interact. Intell. Syst.},
 issue_date = {December 2012},
 volume = {2},
 number = {4},
 month = jan,
 year = {2013},
 issn = {2160-6455},
 pages = {23:1--23:39},
 articleno = {23},
 numpages = {39},
 url = {http://doi.acm.org/10.1145/2395123.2395128},
 doi = {10.1145/2395123.2395128},
 acmid = {2395128},
 publisher = {ACM},
 address = {New York, NY, USA},
 keywords = {Intelligent tutoring systems, affect detection and synthesis, affective computing, constructivism, deep learning, natural language understanding, student modeling, user modeling},
}

@article{Talon:2012:DCI:2275597.2275598,
 author = {Talon, B{\'e}n{\'e}dicte and Sagar, Mouldi and Kolski, Christophe},
 title = {Developing Competence in Interactive Systems: The GRASP Tool for the Design or Redesign of Pedagogical ICT Devices},
 journal = {Trans. Comput. Educ.},
 issue_date = {July 2012},
 volume = {12},
 number = {3},
 month = jul,
 year = {2012},
 issn = {1946-6226},
 pages = {9:1--9:43},
 articleno = {9},
 numpages = {43},
 url = {http://doi.acm.org/10.1145/2275597.2275598},
 doi = {10.1145/2275597.2275598},
 acmid = {2275598},
 publisher = {ACM},
 address = {New York, NY, USA},
 keywords = {GRASP, Pedagogical devices design, active pedagogy, competence training, design tool, interactive systems education and training},
}

@book{TaskGrouponInformationTechnologyCurricula:2017:ITC:3173161,
 author = {Task Group on Information Technology Curricula},
 title = {Information Technology Curricula 2017: Curriculum Guidelines for Baccalaureate Degree Programs in Information Technology},
 year = {2017},
 isbn = {978-1-4503-6416-4},
 publisher = {ACM},
 address = {New York, NY, USA},
}

