@article{Ko:2005:HFA:1082983.1083245,
 author = {Ko, Andrew J. and Myers, Brad A.},
 title = {Human Factors Affecting Dependability in End-user Programming},
 journal = {SIGSOFT Softw. Eng. Notes},
 issue_date = {July 2005},
 volume = {30},
 number = {4},
 month = may,
 year = {2005},
 issn = {0163-5948},
 pages = {1--4},
 numpages = {4},
 url = {http://doi.acm.org/10.1145/1082983.1083245},
 doi = {10.1145/1082983.1083245},
 acmid = {1083245},
 publisher = {ACM},
 address = {New York, NY, USA},
 keywords = {end-user programming, human factors},
}

@inproceedings{Ko:2005:HFA:1083231.1083245,
 author = {Ko, Andrew J. and Myers, Brad A.},
 title = {Human Factors Affecting Dependability in End-user Programming},
 booktitle = {Proceedings of the First Workshop on End-user Software Engineering},
 series = {WEUSE I},
 year = {2005},
 isbn = {1-59593-131-7},
 location = {St. Louis, Missouri},
 pages = {1--4},
 numpages = {4},
 url = {http://doi.acm.org/10.1145/1082983.1083245},
 doi = {10.1145/1082983.1083245},
 acmid = {1083245},
 publisher = {ACM},
 address = {New York, NY, USA},
 keywords = {end-user programming, human factors},
}

@inproceedings{Myers:2006:IRO:1125451.1125472,
 author = {Myers, Brad A. and Ko, Andrew J. and Burnett, Margaret M.},
 title = {Invited Research Overview: End-user Programming},
 booktitle = {CHI '06 Extended Abstracts on Human Factors in Computing Systems},
 series = {CHI EA '06},
 year = {2006},
 isbn = {1-59593-298-4},
 location = {Montr\&\#233;al, Qu\&\#233;bec, Canada},
 pages = {75--80},
 numpages = {6},
 url = {http://doi.acm.org/10.1145/1125451.1125472},
 doi = {10.1145/1125451.1125472},
 acmid = {1125472},
 publisher = {ACM},
 address = {New York, NY, USA},
 keywords = {empirical studies of programmers (ESP), end-user software engineering, natural programming, programming by demonstration, programming by example, psychology of programming, visual programming},
}

@inproceedings{Myers:2008:MNE:1370847.1370854,
 author = {Myers, Brad A. and Ko, Andrew J. and Park, Sun Young and Stylos, Jeffrey and LaToza, Thomas D. and Beaton, Jack},
 title = {More Natural End-user Software Engineering},
 booktitle = {Proceedings of the 4th International Workshop on End-user Software Engineering},
 series = {WEUSE '08},
 year = {2008},
 isbn = {978-1-60558-034-0},
 location = {Leipzig, Germany},
 pages = {30--34},
 numpages = {5},
 url = {http://doi.acm.org/10.1145/1370847.1370854},
 doi = {10.1145/1370847.1370854},
 acmid = {1370854},
 publisher = {ACM},
 address = {New York, NY, USA},
 keywords = {authoring, designer, end-user software engineering, interactive behaviors, natural programming, programming by demonstration, survey},
}

@inproceedings{Yoon:2011:CAL:2089155.2089163,
 author = {Yoon, YoungSeok and Myers, Brad A.},
 title = {Capturing and Analyzing Low-level Events from the Code Editor},
 booktitle = {Proceedings of the 3rd ACM SIGPLAN Workshop on Evaluation and Usability of Programming Languages and Tools},
 series = {PLATEAU '11},
 year = {2011},
 isbn = {978-1-4503-1024-6},
 location = {Portland, Oregon, USA},
 pages = {25--30},
 numpages = {6},
 url = {http://doi.acm.org/10.1145/2089155.2089163},
 doi = {10.1145/2089155.2089163},
 acmid = {2089163},
 publisher = {ACM},
 address = {New York, NY, USA},
 keywords = {code editor, editing strategies, event logger},
}

@inproceedings{Ko:2004:DWD:985692.985712,
 author = {Ko, Andrew J. and Myers, Brad A.},
 title = {Designing the Whyline: A Debugging Interface for Asking Questions About Program Behavior},
 booktitle = {Proceedings of the SIGCHI Conference on Human Factors in Computing Systems},
 series = {CHI '04},
 year = {2004},
 isbn = {1-58113-702-8},
 location = {Vienna, Austria},
 pages = {151--158},
 numpages = {8},
 url = {http://doi.acm.org/10.1145/985692.985712},
 doi = {10.1145/985692.985712},
 acmid = {985712},
 publisher = {ACM},
 address = {New York, NY, USA},
 keywords = {Alice, debugging, program slicing},
}

@inproceedings{Robertson:2004:IIS:985692.985729,
 author = {Robertson, T. J. and Prabhakararao, Shrinu and Burnett, Margaret and Cook, Curtis and Ruthruff, Joseph R. and Beckwith, Laura and Phalgune, Amit},
 title = {Impact of Interruption Style on End-user Debugging},
 booktitle = {Proceedings of the SIGCHI Conference on Human Factors in Computing Systems},
 series = {CHI '04},
 year = {2004},
 isbn = {1-58113-702-8},
 location = {Vienna, Austria},
 pages = {287--294},
 numpages = {8},
 url = {http://doi.acm.org/10.1145/985692.985729},
 doi = {10.1145/985692.985729},
 acmid = {985729},
 publisher = {ACM},
 address = {New York, NY, USA},
 keywords = {debugging, end-user programming, end-user software engineering, interruptions, surprise-explain-reward},
}

@inproceedings{Kandogan:2005:AEP:1095034.1095070,
 author = {Kandogan, Eser and Haber, Eben and Barrett, Rob and Cypher, Allen and Maglio, Paul and Zhao, Haixia},
 title = {A1: End-user Programming for Web-based System Administration},
 booktitle = {Proceedings of the 18th Annual ACM Symposium on User Interface Software and Technology},
 series = {UIST '05},
 year = {2005},
 isbn = {1-59593-271-2},
 location = {Seattle, WA, USA},
 pages = {211--220},
 numpages = {10},
 url = {http://doi.acm.org/10.1145/1095034.1095070},
 doi = {10.1145/1095034.1095070},
 acmid = {1095070},
 publisher = {ACM},
 address = {New York, NY, USA},
 keywords = {end-user programming, spreadsheets, system management, web-portal user interfaces},
}

@inproceedings{Das:2016:EFP:2935334.2935349,
 author = {Das, Sauvik and Wiese, Jason and Hong, Jason I.},
 title = {Epistenet: Facilitating Programmatic Access \&\#38; Processing of Semantically Related Mobile Personal Data},
 booktitle = {Proceedings of the 18th International Conference on Human-Computer Interaction with Mobile Devices and Services},
 series = {MobileHCI '16},
 year = {2016},
 isbn = {978-1-4503-4408-1},
 location = {Florence, Italy},
 pages = {244--253},
 numpages = {10},
 url = {http://doi.acm.org/10.1145/2935334.2935349},
 doi = {10.1145/2935334.2935349},
 acmid = {2935349},
 publisher = {ACM},
 address = {New York, NY, USA},
}

@article{Taipalus:2018:ECS:3266362.3231712,
 author = {Taipalus, Toni and Siponen, Mikko and Vartiainen, Tero},
 title = {Errors and Complications in SQL Query Formulation},
 journal = {ACM Trans. Comput. Educ.},
 issue_date = {September 2018},
 volume = {18},
 number = {3},
 month = aug,
 year = {2018},
 issn = {1946-6226},
 pages = {15:1--15:29},
 articleno = {15},
 numpages = {29},
 url = {http://doi.acm.org/10.1145/3231712},
 doi = {10.1145/3231712},
 acmid = {3231712},
 publisher = {ACM},
 address = {New York, NY, USA},
 keywords = {Human factors, SQL, errors, exercise design, languages, query languages, standardization},
}

