@inproceedings{Denis:2005:MEG:1178477.1178581,
 author = {Denis, Guillaume and Jouvelot, Pierre},
 title = {Motivation-driven Educational Game Design: Applying Best Practices to Music Education},
 booktitle = {Proceedings of the 2005 ACM SIGCHI International Conference on Advances in Computer Entertainment Technology},
 series = {ACE '05},
 year = {2005},
 isbn = {1-59593-110-4},
 location = {Valencia, Spain},
 pages = {462--465},
 numpages = {4},
 url = {http://doi.acm.org/10.1145/1178477.1178581},
 doi = {10.1145/1178477.1178581},
 acmid = {1178581},
 publisher = {ACM},
 address = {New York, NY, USA},
 keywords = {educational games, fun, learning, motivation, music},
}

@inproceedings{Xiuqin:2019:AGE:3318396.3318434,
 author = {Xiuqin, Yang},
 title = {Achievement Gains from Educational Policy Reform: The Case of China's Education Policy},
 booktitle = {Proceedings of the 2019 8th International Conference on Educational and Information Technology},
 series = {ICEIT 2019},
 year = {2019},
 isbn = {978-1-4503-6267-2},
 location = {Cambridge, United Kingdom},
 pages = {203--208},
 numpages = {6},
 url = {http://doi.acm.org/10.1145/3318396.3318434},
 doi = {10.1145/3318396.3318434},
 acmid = {3318434},
 publisher = {ACM},
 address = {New York, NY, USA},
 keywords = {Academic achievement, Educational policy, Learning motivation, Learning strategy, Tuition policy},
}

@inproceedings{Cordero-Brito:2018:GSE:3284179.3284286,
 author = {Cordero-Brito, Staling and Mena, Juanjo},
 title = {Gamification in the Social Environment: A Tool for Motivation and Engagement},
 booktitle = {Proceedings of the Sixth International Conference on Technological Ecosystems for Enhancing Multiculturality},
 series = {TEEM'18},
 year = {2018},
 isbn = {978-1-4503-6518-5},
 location = {Salamanca, Spain},
 pages = {640--643},
 numpages = {4},
 url = {http://doi.acm.org/10.1145/3284179.3284286},
 doi = {10.1145/3284179.3284286},
 acmid = {3284286},
 publisher = {ACM},
 address = {New York, NY, USA},
 keywords = {Gamification motivation, learning through active methodologies, social environment},
}

@inproceedings{Tindall:2018:EYA:3167918.3167919,
 author = {Tindall, Alan and Patterson, Dale and Costain, Sean},
 title = {Educate Your Avatar, Educate Your Mind: Motivating Learning Through Play},
 booktitle = {Proceedings of the Australasian Computer Science Week Multiconference},
 series = {ACSW '18},
 year = {2018},
 isbn = {978-1-4503-5436-3},
 location = {Brisband, Queensland, Australia},
 pages = {46:1--46:7},
 articleno = {46},
 numpages = {7},
 url = {http://doi.acm.org/10.1145/3167918.3167919},
 doi = {10.1145/3167918.3167919},
 acmid = {3167919},
 publisher = {ACM},
 address = {New York, NY, USA},
 keywords = {computer game, education},
}

@inproceedings{Edelson:2004:ILD:1149126.1149145,
 author = {Edelson, Daniel C. and Joseph, Diana M.},
 title = {The Interest-driven Learning Design Framework: Motivating Learning Through Usefulness},
 booktitle = {Proceedings of the 6th International Conference on Learning Sciences},
 series = {ICLS '04},
 year = {2004},
 location = {Santa Monica, California},
 pages = {166--173},
 numpages = {8},
 url = {http://dl.acm.org/citation.cfm?id=1149126.1149145},
 acmid = {1149145},
 publisher = {International Society of the Learning Sciences},
}

@inproceedings{Jacq:2016:BSL:2906831.2906874,
 author = {Jacq, Alexis D. and Lemaignan, S{\'e}verin and Garcia, Fernando and Dillenbourg, Pierre and Paiva, Ana},
 title = {Building Successful Long Child-Robot Interactions in a Learning Context},
 booktitle = {The Eleventh ACM/IEEE International Conference on Human Robot Interaction},
 series = {HRI '16},
 year = {2016},
 isbn = {978-1-4673-8370-7},
 location = {Christchurch, New Zealand},
 pages = {239--246},
 numpages = {8},
 url = {http://dl.acm.org/citation.cfm?id=2906831.2906874},
 acmid = {2906874},
 publisher = {IEEE Press},
 address = {Piscataway, NJ, USA},
 keywords = {child-robot interaction, children self-confidence, extrinsic motivation, learning by teaching, protg effect, robotic handwriting learning},
}

@inproceedings{Zhang:2010:MLG:1913790.1913851,
 author = {Zhang, Huiliang and Shen, Zhiqi and Miao, Chunyan and Luo, Xudong},
 title = {Motivated Learning for Goal Selection in Goal Nets},
 booktitle = {Proceedings of the 2010 IEEE/WIC/ACM International Conference on Web Intelligence and Intelligent Agent Technology - Volume 02},
 series = {WI-IAT '10},
 year = {2010},
 isbn = {978-0-7695-4191-4},
 pages = {252--255},
 numpages = {4},
 url = {https://doi.org/10.1109/WI-IAT.2010.176},
 doi = {10.1109/WI-IAT.2010.176},
 acmid = {1913851},
 publisher = {IEEE Computer Society},
 address = {Washington, DC, USA},
 keywords = {agent, goal net, machine learning, Q-learning},
}

@inproceedings{Teng:2014:IML:2682646.2682678,
 author = {Teng, Teck Hou and Tan, Ah Hwee and Starzyk, Janusz A. and Tan, Yuan Sin and Teow, Loo Nin},
 title = {Integrating Motivated Learning and k-Winner-Take-All to Coordinate Multi-agent Reinforcement Learning},
 booktitle = {Proceedings of the 2014 IEEE/WIC/ACM International Joint Conferences on Web Intelligence (WI) and Intelligent Agent Technologies (IAT) - Volume 03},
 series = {WI-IAT '14},
 year = {2014},
 isbn = {978-1-4799-4143-8},
 pages = {190--197},
 numpages = {8},
 url = {https://doi.org/10.1109/WI-IAT.2014.167},
 doi = {10.1109/WI-IAT.2014.167},
 acmid = {2682678},
 publisher = {IEEE Computer Society},
 address = {Washington, DC, USA},
 keywords = {Multi-Agent System, Reinforcement Learning, Motivated Learning, k-Winner-Take-All, Real-Time Strategy Game},
}

@inproceedings{Vargas:2016:CSU:2908961.2908982,
 author = {Vargas, Danilo Vasconcellos and Murata, Junichi},
 title = {Curious: Searching for Unknown Regions of Space with a Subpopulation-based Algorithm},
 booktitle = {Proceedings of the 2016 on Genetic and Evolutionary Computation Conference Companion},
 series = {GECCO '16 Companion},
 year = {2016},
 isbn = {978-1-4503-4323-7},
 location = {Denver, Colorado, USA},
 pages = {145--146},
 numpages = {2},
 url = {http://doi.acm.org/10.1145/2908961.2908982},
 doi = {10.1145/2908961.2908982},
 acmid = {2908982},
 publisher = {ACM},
 address = {New York, NY, USA},
 keywords = {differential evolution, general subpopulation framework, intrinsic motivation, learning-based novelty search, multiobjectivization, novelty search, prediction error},
}

@inproceedings{Pirker:2014:MAL:2538862.2544285,
 author = {Pirker, Johanna and G\"{u}tl, Christian},
 title = {Motivational Active Learning for Computer Science Education (Abstract Only)},
 booktitle = {Proceedings of the 45th ACM Technical Symposium on Computer Science Education},
 series = {SIGCSE '14},
 year = {2014},
 isbn = {978-1-4503-2605-6},
 location = {Atlanta, Georgia, USA},
 pages = {711--711},
 numpages = {1},
 url = {http://doi.acm.org/10.1145/2538862.2544285},
 doi = {10.1145/2538862.2544285},
 acmid = {2544285},
 publisher = {ACM},
 address = {New York, NY, USA},
 keywords = {computer science education, interactive learning, motivational learning, teachnology enabled active learning},
}

@inproceedings{Ioannou:2017:RGA:3136907.3136925,
 author = {Ioannou, Ioanna and Kyza, Eleni A.},
 title = {The Role of Gamification in Activating Primary School Students' Intrinsic and Extrinsic Motivation at a Museum},
 booktitle = {Proceedings of the 16th World Conference on Mobile and Contextual Learning},
 series = {mLearn 2017},
 year = {2017},
 isbn = {978-1-4503-5255-0},
 location = {Larnaca, Cyprus},
 pages = {8:1--8:4},
 articleno = {8},
 numpages = {4},
 url = {http://doi.acm.org/10.1145/3136907.3136925},
 doi = {10.1145/3136907.3136925},
 acmid = {3136925},
 publisher = {ACM},
 address = {New York, NY, USA},
 keywords = {Gamification, extrinsic and intrinsic motivation, historical knowledge, internal motivation, learning, museum},
}

@inproceedings{Lomas:2017:DOE:3025453.3025638,
 author = {Lomas, J. Derek and Koedinger, Kenneth and Patel, Nirmal and Shodhan, Sharan and Poonwala, Nikhil and Forlizzi, Jodi L.},
 title = {Is Difficulty Overrated?: The Effects of Choice, Novelty and Suspense on Intrinsic Motivation in Educational Games},
 booktitle = {Proceedings of the 2017 CHI Conference on Human Factors in Computing Systems},
 series = {CHI '17},
 year = {2017},
 isbn = {978-1-4503-4655-9},
 location = {Denver, Colorado, USA},
 pages = {1028--1039},
 numpages = {12},
 url = {http://doi.acm.org/10.1145/3025453.3025638},
 doi = {10.1145/3025453.3025638},
 acmid = {3025638},
 publisher = {ACM},
 address = {New York, NY, USA},
 keywords = {a/b testing, challenge, difficulty, education, experiments, flow, games, intrinsic motivation, learning, near win, novelty, suspense, theory},
}

@article{Baker:2009:LTR:1578012.1578013,
 author = {Baker, Ken A.},
 title = {Learning Theory and the Re-education of Older Software Engineers},
 journal = {SIGITERes. IT},
 issue_date = {July 2009},
 volume = {6},
 number = {2},
 month = jul,
 year = {2009},
 issn = {1944-0278},
 pages = {2--10},
 numpages = {9},
 url = {http://doi.acm.org/10.1145/1578012.1578013},
 doi = {10.1145/1578012.1578013},
 acmid = {1578013},
 publisher = {ACM},
 address = {New York, NY, USA},
 keywords = {behaviorist, cognitive, cognitive load theory, learning theory, memory and motivation, paradigm shift, social learning},
}

@inproceedings{Young:2004:FSO:979968.980015,
 author = {Young, Stuart and McSporran, Mae},
 title = {Facilitating Successful Online Computing Courses While Minimising Extra Tutor Workload},
 booktitle = {Proceedings of the Sixth Australasian Conference on Computing Education - Volume 30},
 series = {ACE '04},
 year = {2004},
 location = {Dunedin, New Zealand},
 pages = {349--356},
 numpages = {8},
 url = {http://dl.acm.org/citation.cfm?id=979968.980015},
 acmid = {980015},
 publisher = {Australian Computer Society, Inc.},
 address = {Darlinghurst, Australia, Australia},
 keywords = {Blackboard CourseInfo, Learning Management Environments (LMEs), WebCT, bulletin board, discussion forum, flexible learning, online learning, student motivation},
}

@inproceedings{Pirker:2014:MAL:2591708.2591750,
 author = {Pirker, Johanna and Riffnaller-Schiefer, Maria and G\"{u}tl, Christian},
 title = {Motivational Active Learning: Engaging University Students in Computer Science Education},
 booktitle = {Proceedings of the 2014 Conference on Innovation \&\#38; Technology in Computer Science Education},
 series = {ITiCSE '14},
 year = {2014},
 isbn = {978-1-4503-2833-3},
 location = {Uppsala, Sweden},
 pages = {297--302},
 numpages = {6},
 url = {http://doi.acm.org/10.1145/2591708.2591750},
 doi = {10.1145/2591708.2591750},
 acmid = {2591750},
 publisher = {ACM},
 address = {New York, NY, USA},
 keywords = {active learning, cs education, game-based learning, gamification, interactive learning, motivation, motivational active learning, motivational learning, pedagogy},
}

@inproceedings{Rocha:2013:SDA:2577101.2577188,
 author = {Rocha, Lu\'{\i}s Cl\'{a}udio Gouveia and de Andrade, Adja Ferreira and da Silva, Bruno Santana},
 title = {Simula\c{C}\~{A}O De Atendimentos Para Apoio Ao Ensino De Medicina},
 booktitle = {Proceedings of the 12th Brazilian Symposium on Human Factors in Computing Systems},
 series = {IHC '13},
 year = {2013},
 isbn = {978-85-7669-278-2},
 location = {Manaus, Brazil},
 pages = {331--332},
 numpages = {2},
 url = {http://dl.acm.org/citation.cfm?id=2577101.2577188},
 acmid = {2577188},
 publisher = {Brazilian Computer Society},
 address = {Porto Alegre, Brazil, Brazil},
 keywords = {design de jogos, ensino de medicina, simula\c{c}\~{a}o},
}

@article{Jackson:2012:MAD:2184451.2184479,
 author = {Jackson, Stoney and Ellis, Heidi and Postner, Lori and Kurkovsky, Stan and Mustafaraj, Eni},
 title = {Mobile Application Development in Computing Curricula},
 journal = {J. Comput. Sci. Coll.},
 issue_date = {June 2012},
 volume = {27},
 number = {6},
 month = jun,
 year = {2012},
 issn = {1937-4771},
 pages = {110--112},
 numpages = {3},
 url = {http://dl.acm.org/citation.cfm?id=2184451.2184479},
 acmid = {2184479},
 publisher = {Consortium for Computing Sciences in Colleges},
 address = {USA},
}

@inproceedings{Zheng:2015:USM:2675133.2675217,
 author = {Zheng, Saijing and Rosson, Mary Beth and Shih, Patrick C. and Carroll, John M.},
 title = {Understanding Student Motivation, Behaviors and Perceptions in MOOCs},
 booktitle = {Proceedings of the 18th ACM Conference on Computer Supported Cooperative Work \&\#38; Social Computing},
 series = {CSCW '15},
 year = {2015},
 isbn = {978-1-4503-2922-4},
 location = {Vancouver, BC, Canada},
 pages = {1882--1895},
 numpages = {14},
 url = {http://doi.acm.org/10.1145/2675133.2675217},
 doi = {10.1145/2675133.2675217},
 acmid = {2675217},
 publisher = {ACM},
 address = {New York, NY, USA},
 keywords = {learning experiences, learning motivation, massive open online courses, moocs, online learning, student retention},
}

@article{Langford:2005:TPP:1046920.1058111,
 author = {Langford, John},
 title = {Tutorial on Practical Prediction Theory for Classification},
 journal = {J. Mach. Learn. Res.},
 issue_date = {12/1/2005},
 volume = {6},
 month = dec,
 year = {2005},
 issn = {1532-4435},
 pages = {273--306},
 numpages = {34},
 url = {http://dl.acm.org/citation.cfm?id=1046920.1058111},
 acmid = {1058111},
 publisher = {JMLR.org},
}

@article{Harley:1998:FES:332925.332931,
 author = {Harley, Hope D. and Seals, Cheryl D. and Rosson, Mary Beth},
 title = {A Formative Evaluation of Scenario-based Tools for Learning Object-oriented Design},
 journal = {XRDS},
 issue_date = {September 1998},
 volume = {5},
 number = {1},
 month = sep,
 year = {1998},
 issn = {1528-4972},
 pages = {9--15},
 numpages = {7},
 url = {http://doi.acm.org/10.1145/332925.332931},
 doi = {10.1145/332925.332931},
 acmid = {332931},
 publisher = {ACM},
 address = {New York, NY, USA},
}

@inproceedings{Alaoutinen:2010:SSP:1822090.1822135,
 author = {Alaoutinen, Satu and Smolander, Kari},
 title = {Student Self-assessment in a Programming Course Using Bloom's Revised Taxonomy},
 booktitle = {Proceedings of the Fifteenth Annual Conference on Innovation and Technology in Computer Science Education},
 series = {ITiCSE '10},
 year = {2010},
 isbn = {978-1-60558-820-9},
 location = {Bilkent, Ankara, Turkey},
 pages = {155--159},
 numpages = {5},
 url = {http://doi.acm.org/10.1145/1822090.1822135},
 doi = {10.1145/1822090.1822135},
 acmid = {1822135},
 publisher = {ACM},
 address = {New York, NY, USA},
 keywords = {bloom's revised taxonomy, programming, self-assessment},
}

@article{Balcan:2011:LDG:1998549.1998553,
 author = {Balcan, Maria Florina},
 title = {Leading Dynamics to Good Behavior},
 journal = {SIGecom Exch.},
 issue_date = {June 2011},
 volume = {10},
 number = {2},
 month = jun,
 year = {2011},
 issn = {1551-9031},
 pages = {19--22},
 numpages = {4},
 url = {http://doi.acm.org/10.1145/1998549.1998553},
 doi = {10.1145/1998549.1998553},
 acmid = {1998553},
 publisher = {ACM},
 address = {New York, NY, USA},
 keywords = {dynamics, equilibrium quality, game theory, learning},
}

@inproceedings{Crowston:2017:GSH:3022198.3026329,
 author = {Crowston, Kevin},
 title = {Gravity Spy: Humans, Machines and The Future of Citizen Science},
 booktitle = {Companion of the 2017 ACM Conference on Computer Supported Cooperative Work and Social Computing},
 series = {CSCW '17 Companion},
 year = {2017},
 isbn = {978-1-4503-4688-7},
 location = {Portland, Oregon, USA},
 pages = {163--166},
 numpages = {4},
 url = {http://doi.acm.org/10.1145/3022198.3026329},
 doi = {10.1145/3022198.3026329},
 acmid = {3026329},
 publisher = {ACM},
 address = {New York, NY, USA},
 keywords = {citizen science, learning, machine learning, training},
}

@inproceedings{VidalDuarte:2017:RMT:3059009.3072974,
 author = {Vidal Duarte, Elizabeth and Castro Gutierrez, Eveling and Aedo, Marco},
 title = {When the Robot Meets the Turtle: A Gentle Introduction to Algorithms and Functions},
 booktitle = {Proceedings of the 2017 ACM Conference on Innovation and Technology in Computer Science Education},
 series = {ITiCSE '17},
 year = {2017},
 isbn = {978-1-4503-4704-4},
 location = {Bologna, Italy},
 pages = {78--79},
 numpages = {2},
 url = {http://doi.acm.org/10.1145/3059009.3072974},
 doi = {10.1145/3059009.3072974},
 acmid = {3072974},
 publisher = {ACM},
 address = {New York, NY, USA},
 keywords = {first programming course, game-oriented, motivation, pedagogical tool, specific assignments, teaching},
}

@inproceedings{Wurst:2014:TOS:2538862.2544248,
 author = {Wurst, Karl and Postner, Lori and Jackson, Stoney},
 title = {Teaching Open Source (Software) (Abstract Only)},
 booktitle = {Proceedings of the 45th ACM Technical Symposium on Computer Science Education},
 series = {SIGCSE '14},
 year = {2014},
 isbn = {978-1-4503-2605-6},
 location = {Atlanta, Georgia, USA},
 pages = {734--734},
 numpages = {1},
 url = {http://doi.acm.org/10.1145/2538862.2544248},
 doi = {10.1145/2538862.2544248},
 acmid = {2544248},
 publisher = {ACM},
 address = {New York, NY, USA},
 keywords = {teaching open source software},
}

@inproceedings{Qian:2016:PSL:2839509.2850552,
 author = {Qian, Kai and Lo, Dan and Chen, Wei and Qian, Ying},
 title = {Promote Self-efficacy in Learning of Mobile App and Security with Real-world Relevant Laboratory (Abstract Only)},
 booktitle = {Proceedings of the 47th ACM Technical Symposium on Computing Science Education},
 series = {SIGCSE '16},
 year = {2016},
 isbn = {978-1-4503-3685-7},
 location = {Memphis, Tennessee, USA},
 pages = {691--691},
 numpages = {1},
 url = {http://doi.acm.org/10.1145/2839509.2850552},
 doi = {10.1145/2839509.2850552},
 acmid = {2850552},
 publisher = {ACM},
 address = {New York, NY, USA},
 keywords = {authentic learning, lab, mobile, real world},
}

@inproceedings{Goldman:2013:PII:2485760.2485818,
 author = {Goldman, Alexander and Chen, Monchu},
 title = {Pirate Island: An Immersion-style Language-learning RPG},
 booktitle = {Proceedings of the 12th International Conference on Interaction Design and Children},
 series = {IDC '13},
 year = {2013},
 isbn = {978-1-4503-1918-8},
 location = {New York, New York, USA},
 pages = {404--407},
 numpages = {4},
 url = {http://doi.acm.org/10.1145/2485760.2485818},
 doi = {10.1145/2485760.2485818},
 acmid = {2485818},
 publisher = {ACM},
 address = {New York, NY, USA},
 keywords = {active learning, foreign language acquisition, game mechanics, immersion language learning, intrinsic motivation, observational learning, role-playing games, self-learning, serious games, spatial memory},
}

@inproceedings{Radenski:2009:FCM:1562877.1562891,
 author = {Radenski, Atanas},
 title = {Freedom of Choice As Motivational Factor for Active Learning},
 booktitle = {Proceedings of the 14th Annual ACM SIGCSE Conference on Innovation and Technology in Computer Science Education},
 series = {ITiCSE '09},
 year = {2009},
 isbn = {978-1-60558-381-5},
 location = {Paris, France},
 pages = {21--25},
 numpages = {5},
 url = {http://doi.acm.org/10.1145/1562877.1562891},
 doi = {10.1145/1562877.1562891},
 acmid = {1562891},
 publisher = {ACM},
 address = {New York, NY, USA},
 keywords = {CS1/2, active learning, compiler construction, java, labs, moodle, programming languages, projects, python, study pack},
}

@article{Radenski:2009:FCM:1595496.1562891,
 author = {Radenski, Atanas},
 title = {Freedom of Choice As Motivational Factor for Active Learning},
 journal = {SIGCSE Bull.},
 issue_date = {September 2009},
 volume = {41},
 number = {3},
 month = jul,
 year = {2009},
 issn = {0097-8418},
 pages = {21--25},
 numpages = {5},
 url = {http://doi.acm.org/10.1145/1595496.1562891},
 doi = {10.1145/1595496.1562891},
 acmid = {1562891},
 publisher = {ACM},
 address = {New York, NY, USA},
 keywords = {CS1/2, active learning, compiler construction, java, labs, moodle, programming languages, projects, python, study pack},
}

@inproceedings{Ennouamani:2019:CSL:3320326.3320351,
 author = {Ennouamani, Soukaina and Mahani, Zouhir},
 title = {A Comparative Study of the Learner Model in Adaptive Mobile Learning Systems},
 booktitle = {Proceedings of the 2Nd International Conference on Networking, Information Systems \& Security},
 series = {NISS19},
 year = {2019},
 isbn = {978-1-4503-6645-8},
 location = {Rabat, Morocco},
 pages = {19:1--19:11},
 articleno = {19},
 numpages = {11},
 url = {http://doi.acm.org/10.1145/3320326.3320351},
 doi = {10.1145/3320326.3320351},
 acmid = {3320351},
 publisher = {ACM},
 address = {New York, NY, USA},
 keywords = {Adaptive Computing, Context, E-Learning, Learner Model, Mobile Learning Applications},
}

@inproceedings{Law:2017:DCI:3027063.3027064,
 author = {Law, Edith and Oudeyer, Pierre-Yves and Yin, Ming and Schaekermann, Mike and Williams, Alex C.},
 title = {Designing for Curiosity: An Interdisciplinary Workshop},
 booktitle = {Proceedings of the 2017 CHI Conference Extended Abstracts on Human Factors in Computing Systems},
 series = {CHI EA '17},
 year = {2017},
 isbn = {978-1-4503-4656-6},
 location = {Denver, Colorado, USA},
 pages = {586--592},
 numpages = {7},
 url = {http://doi.acm.org/10.1145/3027063.3027064},
 doi = {10.1145/3027063.3027064},
 acmid = {3027064},
 publisher = {ACM},
 address = {New York, NY, USA},
 keywords = {curiosity, design, interdisciplinary},
}

@inproceedings{Qian:2017:BSM:3017680.3022438,
 author = {Qian, Kai and Shahriar, Hossain and Wu, Fan and Thomas, Cassandra and Agu, Emmanuel},
 title = {Broadening Secure Mobile Software Development (SMSD) Through Curriculum Development (Abstract Only)},
 booktitle = {Proceedings of the 2017 ACM SIGCSE Technical Symposium on Computer Science Education},
 series = {SIGCSE '17},
 year = {2017},
 isbn = {978-1-4503-4698-6},
 location = {Seattle, Washington, USA},
 pages = {715--715},
 numpages = {1},
 url = {http://doi.acm.org/10.1145/3017680.3022438},
 doi = {10.1145/3017680.3022438},
 acmid = {3022438},
 publisher = {ACM},
 address = {New York, NY, USA},
 keywords = {lab, mobile, software development, software security},
}

@inproceedings{Jackson:2013:PMA:2445196.2445230,
 author = {Jackson, Stoney and Kurkovsky, Stan and Mustafaraj, Eni and Postner, Lori},
 title = {Panel: Mobile Application Development in Computing Curricula},
 booktitle = {Proceeding of the 44th ACM Technical Symposium on Computer Science Education},
 series = {SIGCSE '13},
 year = {2013},
 isbn = {978-1-4503-1868-6},
 location = {Denver, Colorado, USA},
 pages = {107--108},
 numpages = {2},
 url = {http://doi.acm.org/10.1145/2445196.2445230},
 doi = {10.1145/2445196.2445230},
 acmid = {2445230},
 publisher = {ACM},
 address = {New York, NY, USA},
 keywords = {mobile application development},
}

@inproceedings{Qian:2017:LSM:3059009.3072983,
 author = {Qian, Kai and Shahriar, Hossain and Wu, Fan and Tao, Lixin and Bhattacharya, Prabir},
 title = {Labware for Secure Mobile Software Development (SMSD) Education},
 booktitle = {Proceedings of the 2017 ACM Conference on Innovation and Technology in Computer Science Education},
 series = {ITiCSE '17},
 year = {2017},
 isbn = {978-1-4503-4704-4},
 location = {Bologna, Italy},
 pages = {375--375},
 numpages = {1},
 url = {http://doi.acm.org/10.1145/3059009.3072983},
 doi = {10.1145/3059009.3072983},
 acmid = {3072983},
 publisher = {ACM},
 address = {New York, NY, USA},
 keywords = {android, labware, secure mobile software development},
}

@inproceedings{Schmitz:2011:GBL:2043594.2043601,
 author = {Schmitz, Birgit and Czauderna, Andr{\'e} and Klemke, Roland and Specht, Marcus},
 title = {Game Based Learning for Computer Science Education},
 booktitle = {Computer Science Education Research Conference},
 series = {CSERC '11},
 year = {2011},
 isbn = {978 90 358 1987 0},
 location = {Heerlen, Netherlands},
 pages = {81--86},
 numpages = {6},
 url = {http://dl.acm.org/citation.cfm?id=2043594.2043601},
 acmid = {2043601},
 publisher = {Open Universiteit, Heerlen},
 address = {Open Univ., Heerlen, The Netherlands, The Netherlands},
 keywords = {IT knowledge, game based learning, game design, learners difficult to reach},
}

@inproceedings{Escudeiro:2015:VTB:2808580.2808618,
 author = {Escudeiro, Paula and Escudeiro, Nuno and Norberto, Marcelo and Lopes, Jorge},
 title = {Virtualsign Translator As a Base for a Serious Game},
 booktitle = {Proceedings of the 3rd International Conference on Technological Ecosystems for Enhancing Multiculturality},
 series = {TEEM '15},
 year = {2015},
 isbn = {978-1-4503-3442-6},
 location = {Porto, Portugal},
 pages = {251--255},
 numpages = {5},
 url = {http://doi.acm.org/10.1145/2808580.2808618},
 doi = {10.1145/2808580.2808618},
 acmid = {2808618},
 publisher = {ACM},
 address = {New York, NY, USA},
 keywords = {Portuguese sign language, VirtualSign, information interfaces and presentation, kinect, serious games},
}

@article{Citron:1984:TCL:989341.989352,
 author = {Citron, Judith},
 title = {Teaching Cobol: Less Listening, More Doing},
 journal = {SIGCSE Bull.},
 issue_date = {June 1984},
 volume = {16},
 number = {2},
 month = jun,
 year = {1984},
 issn = {0097-8418},
 pages = {42--47},
 numpages = {6},
 url = {http://doi.acm.org/10.1145/989341.989352},
 doi = {10.1145/989341.989352},
 acmid = {989352},
 publisher = {ACM},
 address = {New York, NY, USA},
}

@inproceedings{Peters:2017:GTC:3025171.3025188,
 author = {Peters, Rifca and Broekens, Joost and Neerincx, Mark A.},
 title = {Guidelines for Tree-based Collaborative Goal Setting},
 booktitle = {Proceedings of the 22Nd International Conference on Intelligent User Interfaces},
 series = {IUI '17},
 year = {2017},
 isbn = {978-1-4503-4348-0},
 location = {Limassol, Cyprus},
 pages = {401--405},
 numpages = {5},
 url = {http://doi.acm.org/10.1145/3025171.3025188},
 doi = {10.1145/3025171.3025188},
 acmid = {3025188},
 publisher = {ACM},
 address = {New York, NY, USA},
 keywords = {collaboration, diabetes, education, healthcare, knowledge-base, learning goal -setting -attainment, personalization, visualization},
}

@inproceedings{Suthaharan:2014:FCE:2656450.2656464,
 author = {Suthaharan, Shan},
 title = {FLaSKU - a Classroom Experience with Teaching Computer Networking: Is It Useful to Others in the Field?},
 booktitle = {Proceedings of the 15th Annual Conference on Information Technology Education},
 series = {SIGITE '14},
 year = {2014},
 isbn = {978-1-4503-2686-5},
 location = {Atlanta, Georgia, USA},
 pages = {15--20},
 numpages = {6},
 url = {http://doi.acm.org/10.1145/2656450.2656464},
 doi = {10.1145/2656450.2656464},
 acmid = {2656464},
 publisher = {ACM},
 address = {New York, NY, USA},
 keywords = {computer networking, conceptualized learning, incremental learning, independent learning},
}

@inproceedings{Cahill:2007:SRR:1610163.1610168,
 author = {Cahill, Aoife and Forst, Martin and Rohrer, Christian},
 title = {Stochastic Realisation Ranking for a Free Word Order Language},
 booktitle = {Proceedings of the Eleventh European Workshop on Natural Language Generation},
 series = {ENLG '07},
 year = {2007},
 location = {Germany},
 pages = {17--24},
 numpages = {8},
 url = {http://dl.acm.org/citation.cfm?id=1610163.1610168},
 acmid = {1610168},
 publisher = {Association for Computational Linguistics},
 address = {Stroudsburg, PA, USA},
}

@inproceedings{Cano:2015:MAS:2829875.2829885,
 author = {Cano, Sandra and Arteaga, Jaime Mu\~{n}oz and Collazos, C{\'e}sar A. and Amador, Viviana Bustos},
 title = {Model for Analysis of Serious Games for Literacy in Deaf Children from a User Experience Approach},
 booktitle = {Proceedings of the XVI International Conference on Human Computer Interaction},
 series = {Interacci\&\#243;n '15},
 year = {2015},
 isbn = {978-1-4503-3463-1},
 location = {Vilanova i la Geltru, Spain},
 pages = {18:1--18:9},
 articleno = {18},
 numpages = {9},
 url = {http://doi.acm.org/10.1145/2829875.2829885},
 doi = {10.1145/2829875.2829885},
 acmid = {2829885},
 publisher = {ACM},
 address = {New York, NY, USA},
 keywords = {Deaf Children, Serious games, Tablet App, User Experience, User Profile},
}

@inproceedings{Park:2014:AMM:2729485.2729500,
 author = {Park, Minjae and Cho, Jundong},
 title = {Any Meeting: Mobile Application System for Investigating Students' Engagement},
 booktitle = {Proceedings of HCI Korea},
 series = {HCIK '15},
 year = {2014},
 isbn = {978-89-6848-752-1},
 location = {Seoul, Republic of Korea},
 pages = {88--91},
 numpages = {4},
 url = {http://dl.acm.org/citation.cfm?id=2729485.2729500},
 acmid = {2729500},
 publisher = {Hanbit Media, Inc.},
 address = {South Korea},
 keywords = {class interaction, investigating students' engagement, mobile applications system, team discussion},
}

@inproceedings{Pesare:2015:SLE:2695664.2696069,
 author = {Pesare, Enrica},
 title = {Smart Learning Environments for Social Learning},
 booktitle = {Proceedings of the 30th Annual ACM Symposium on Applied Computing},
 series = {SAC '15},
 year = {2015},
 isbn = {978-1-4503-3196-8},
 location = {Salamanca, Spain},
 pages = {273--274},
 numpages = {2},
 url = {http://doi.acm.org/10.1145/2695664.2696069},
 doi = {10.1145/2695664.2696069},
 acmid = {2696069},
 publisher = {ACM},
 address = {New York, NY, USA},
}

@article{Theodoropoulos:2016:DCS:3003827.2940330,
 author = {Theodoropoulos, Anastasios and Antoniou, Angeliki and Lepouras, George},
 title = {How Do Different Cognitive Styles Affect Learning Programming? Insights from a Game-Based Approach in Greek Schools},
 journal = {Trans. Comput. Educ.},
 issue_date = {January 2017},
 volume = {17},
 number = {1},
 month = sep,
 year = {2016},
 issn = {1946-6226},
 pages = {3:1--3:25},
 articleno = {3},
 numpages = {25},
 url = {http://doi.acm.org/10.1145/2940330},
 doi = {10.1145/2940330},
 acmid = {2940330},
 publisher = {ACM},
 address = {New York, NY, USA},
 keywords = {CS education, cognitive style, digital game-based learning, hour of code, secondary education},
}

@inproceedings{Zheng:2018:MMC:3184558.3186349,
 author = {Zheng, Yunhao and Zhang, Xi and Xiao, Yuting},
 title = {Making the Most Cost-effective Decision in Online Paid Q\&\#38;A Community: An Expert Recommender System with Motivation Modeling and Knowledge Pricing},
 booktitle = {Companion Proceedings of the The Web Conference 2018},
 series = {WWW '18},
 year = {2018},
 isbn = {978-1-4503-5640-4},
 location = {Lyon, France},
 pages = {365--372},
 numpages = {8},
 url = {https://doi.org/10.1145/3184558.3186349},
 doi = {10.1145/3184558.3186349},
 acmid = {3186349},
 publisher = {International World Wide Web Conferences Steering Committee},
 address = {Republic and Canton of Geneva, Switzerland},
 keywords = {expert recommendation, knowledge pricing, motivation modeling},
}

@inproceedings{Luckner:2019:LDC:3328320.3328379,
 author = {Luckner, Naemi and Purgathofer, Peter and Fitzpatrick, Geraldine},
 title = {Learning About Deadlines from a Community of Learners},
 booktitle = {Proceedings of the 9th International Conference on Communities \& Technologies - Transforming Communities},
 series = {C\&\#38;T '19},
 year = {2019},
 isbn = {978-1-4503-7162-9},
 location = {Vienna, Austria},
 pages = {189--193},
 numpages = {5},
 url = {http://doi.acm.org/10.1145/3328320.3328379},
 doi = {10.1145/3328320.3328379},
 acmid = {3328379},
 publisher = {ACM},
 address = {New York, NY, USA},
 keywords = {community of learners, deadlines, design-based research, education, peer feedback, peer review, self-directed learning},
}

@inproceedings{Astrachan:2009:PP:1508865.1508933,
 author = {Astrachan, Owen},
 title = {Pander to Ponder},
 booktitle = {Proceedings of the 40th ACM Technical Symposium on Computer Science Education},
 series = {SIGCSE '09},
 year = {2009},
 isbn = {978-1-60558-183-5},
 location = {Chattanooga, TN, USA},
 pages = {192--196},
 numpages = {5},
 url = {http://doi.acm.org/10.1145/1508865.1508933},
 doi = {10.1145/1508865.1508933},
 acmid = {1508933},
 publisher = {ACM},
 address = {New York, NY, USA},
 keywords = {computational thinking, computers and society, ethics, non-majors, problem-centric learning},
}

@article{Astrachan:2009:PP:1539024.1508933,
 author = {Astrachan, Owen},
 title = {Pander to Ponder},
 journal = {SIGCSE Bull.},
 issue_date = {March 2009},
 volume = {41},
 number = {1},
 month = mar,
 year = {2009},
 issn = {0097-8418},
 pages = {192--196},
 numpages = {5},
 url = {http://doi.acm.org/10.1145/1539024.1508933},
 doi = {10.1145/1539024.1508933},
 acmid = {1508933},
 publisher = {ACM},
 address = {New York, NY, USA},
 keywords = {computational thinking, computers and society, ethics, non-majors, problem-centric learning},
}

@inproceedings{Prost:2007:SDC:1362550.1362566,
 author = {Prost, Lor\`{e}ne and Cerf, Marianne and Jeuffroy, Marie H{\'e} l\`{e}ne},
 title = {Sharing the Design of a Cognitive Tool Between Researchers and Potential Users},
 booktitle = {Proceedings of the 14th European Conference on Cognitive Ergonomics: Invent! Explore!},
 series = {ECCE '07},
 year = {2007},
 isbn = {978-1-84799-849-1},
 location = {London, United Kingdom},
 pages = {67--74},
 numpages = {8},
 url = {http://doi.acm.org/10.1145/1362550.1362566},
 doi = {10.1145/1362550.1362566},
 acmid = {1362566},
 publisher = {ACM},
 address = {New York, NY, USA},
 keywords = {agriculture, cognitive tool, design, participation},
}

