@inproceedings{Pranata:2011:DMS:2077489.2077495,
 author = {Pranata, Ilung and Skinner, Geoff and Athauda, Rukshan},
 title = {A Distributed Mechanism for Secure Collaboration in Digital Ecosystems},
 booktitle = {Proceedings of the International Conference on Management of Emergent Digital EcoSystems},
 series = {MEDES '11},
 year = {2011},
 isbn = {978-1-4503-1047-5},
 location = {San Francisco, California},
 pages = {33--39},
 numpages = {7},
 url = {http://doi.acm.org/10.1145/2077489.2077495},
 doi = {10.1145/2077489.2077495},
 acmid = {2077495},
 publisher = {ACM},
 address = {New York, NY, USA},
 keywords = {access control, authentication, authorisation, digital ecosystems},
}

@inproceedings{Pranata:2011:TME:2077489.2077492,
 author = {Pranata, Ilung and Skinner, Geoff and Athauda, Rukshan},
 title = {TIDE: Measuring and Evaluating Trustworthiness and Credibility of Enterprises in Digital Ecosystem},
 booktitle = {Proceedings of the International Conference on Management of Emergent Digital EcoSystems},
 series = {MEDES '11},
 year = {2011},
 isbn = {978-1-4503-1047-5},
 location = {San Francisco, California},
 pages = {9--16},
 numpages = {8},
 url = {http://doi.acm.org/10.1145/2077489.2077492},
 doi = {10.1145/2077489.2077492},
 acmid = {2077492},
 publisher = {ACM},
 address = {New York, NY, USA},
 keywords = {digital ecosystems, distributed, trust management, trustworthiness},
}

@inproceedings{Martin:2001:SMC:564124.564222,
 author = {Martin, Phillip and Watson, Christopher and Skinner, Andy},
 title = {A Simulation of the Mission Crew Workload in a Multi Mission Aircraft},
 booktitle = {Proceedings of the 33Nd Conference on Winter Simulation},
 series = {WSC '01},
 year = {2001},
 isbn = {0-7803-7309-X},
 location = {Arlington, Virginia},
 pages = {684--690},
 numpages = {7},
 url = {http://dl.acm.org/citation.cfm?id=564124.564222},
 acmid = {564222},
 publisher = {IEEE Computer Society},
 address = {Washington, DC, USA},
}

@inproceedings{Qu:2001:SPP:564124.564295,
 author = {Qu, Peng and Skinner, Geoffrey E. and Mason, Scott J.},
 title = {Sizing a Pilot Production Line Using Simulation},
 booktitle = {Proceedings of the 33Nd Conference on Winter Simulation},
 series = {WSC '01},
 year = {2001},
 isbn = {0-7803-7309-X},
 location = {Arlington, Virginia},
 pages = {1188--1193},
 numpages = {6},
 url = {http://dl.acm.org/citation.cfm?id=564124.564295},
 acmid = {564295},
 publisher = {IEEE Computer Society},
 address = {Washington, DC, USA},
}

@inproceedings{Orsega:2012:EAV:2157136.2157296,
 author = {Orsega, Michael C. and Vander Zanden, Bradley T. and Skinner, Christopher H.},
 title = {Experiments with Algorithm Visualization Tool Development},
 booktitle = {Proceedings of the 43rd ACM Technical Symposium on Computer Science Education},
 series = {SIGCSE '12},
 year = {2012},
 isbn = {978-1-4503-1098-7},
 location = {Raleigh, North Carolina, USA},
 pages = {559--564},
 numpages = {6},
 url = {http://doi.acm.org/10.1145/2157136.2157296},
 doi = {10.1145/2157136.2157296},
 acmid = {2157296},
 publisher = {ACM},
 address = {New York, NY, USA},
 keywords = {iSketchmate},
}

@inproceedings{Craighill:1994:SOT:192593.192618,
 author = {Craighill, E. and Fong, M. and Skinner, K. and Lang, R. and Gruenefeldt, K.},
 title = {Scoot: An Object-oriented Toolkit for Multimedia Collaboration},
 booktitle = {Proceedings of the Second ACM International Conference on Multimedia},
 series = {MULTIMEDIA '94},
 year = {1994},
 isbn = {0-89791-686-7},
 location = {San Francisco, California, USA},
 pages = {41--49},
 numpages = {9},
 url = {http://doi.acm.org/10.1145/192593.192618},
 doi = {10.1145/192593.192618},
 acmid = {192618},
 publisher = {ACM},
 address = {New York, NY, USA},
}

@inproceedings{Cornelius:2014:WSK:2594368.2594369,
 author = {Cornelius, Cory and Peterson, Ronald and Skinner, Joseph and Halter, Ryan and Kotz, David},
 title = {A Wearable System That Knows Who Wears It},
 booktitle = {Proceedings of the 12th Annual International Conference on Mobile Systems, Applications, and Services},
 series = {MobiSys '14},
 year = {2014},
 isbn = {978-1-4503-2793-0},
 location = {Bretton Woods, New Hampshire, USA},
 pages = {55--67},
 numpages = {13},
 url = {http://doi.acm.org/10.1145/2594368.2594369},
 doi = {10.1145/2594368.2594369},
 acmid = {2594369},
 publisher = {ACM},
 address = {New York, NY, USA},
 keywords = {bioimpedance, biometric, wearable},
}

@inproceedings{Molina-Markham:2014:PEC:2594368.2601454,
 author = {Molina-Markham, Andres and Peterson, Ronald A. and Skinner, Joseph and Halter, Ryan J. and Sorber, Jacob and Kotz, David},
 title = {Poster: Enabling Computational Jewelry for mHealth Applications},
 booktitle = {Proceedings of the 12th Annual International Conference on Mobile Systems, Applications, and Services},
 series = {MobiSys '14},
 year = {2014},
 isbn = {978-1-4503-2793-0},
 location = {Bretton Woods, New Hampshire, USA},
 pages = {374--375},
 numpages = {2},
 url = {http://doi.acm.org/10.1145/2594368.2601454},
 doi = {10.1145/2594368.2601454},
 acmid = {2601454},
 publisher = {ACM},
 address = {New York, NY, USA},
 keywords = {mhealth, trustworthy, wearable},
}

@inproceedings{Molina-Markham:2014:ASA:2676431.2676432,
 author = {Molina-Markham, Andres and Peterson, Ronald and Skinner, Joseph and Yun, Tianlong and Golla, Bhargav and Freeman, Kevin and Peters, Travis and Sorber, Jacob and Halter, Ryan and Kotz, David},
 title = {Amulet: A Secure Architecture for mHealth Applications for Low-power Wearable Devices},
 booktitle = {Proceedings of the 1st Workshop on Mobile Medical Applications},
 series = {MMA '14},
 year = {2014},
 isbn = {978-1-4503-3190-6},
 location = {Memphis, Tennessee},
 pages = {16--21},
 numpages = {6},
 url = {http://doi.acm.org/10.1145/2676431.2676432},
 doi = {10.1145/2676431.2676432},
 acmid = {2676432},
 publisher = {ACM},
 address = {New York, NY, USA},
 keywords = {low-power, mHealth, secure architecture, wearable devices},
}

@inproceedings{Hester:2016:AWP:2994551.2996527,
 author = {Hester, Josiah and Peters, Travis and Yun, Tianlong and Peterson, Ronald and Skinner, Joseph and Golla, Bhargav and Storer, Kevin and Hearndon, Steven and Lord, Sarah and Halter, Ryan and Kotz, David and Sorber, Jacob},
 title = {The Amulet Wearable Platform: Demo Abstract},
 booktitle = {Proceedings of the 14th ACM Conference on Embedded Network Sensor Systems CD-ROM},
 series = {SenSys '16},
 year = {2016},
 isbn = {978-1-4503-4263-6},
 location = {Stanford, CA, USA},
 pages = {290--291},
 numpages = {2},
 url = {http://doi.acm.org/10.1145/2994551.2996527},
 doi = {10.1145/2994551.2996527},
 acmid = {2996527},
 publisher = {ACM},
 address = {New York, NY, USA},
}

@inproceedings{Hester:2016:AEM:2994551.2994554,
 author = {Hester, Josiah and Peters, Travis and Yun, Tianlong and Peterson, Ronald and Skinner, Joseph and Golla, Bhargav and Storer, Kevin and Hearndon, Steven and Freeman, Kevin and Lord, Sarah and Halter, Ryan and Kotz, David and Sorber, Jacob},
 title = {Amulet: An Energy-Efficient, Multi-Application Wearable Platform},
 booktitle = {Proceedings of the 14th ACM Conference on Embedded Network Sensor Systems CD-ROM},
 series = {SenSys '16},
 year = {2016},
 isbn = {978-1-4503-4263-6},
 location = {Stanford, CA, USA},
 pages = {216--229},
 numpages = {14},
 url = {http://doi.acm.org/10.1145/2994551.2994554},
 doi = {10.1145/2994551.2994554},
 acmid = {2994554},
 publisher = {ACM},
 address = {New York, NY, USA},
 keywords = {Energy, Low power, Mobile health, Wearables},
}

@inproceedings{Bi:2017:PAW:3081333.3089320,
 author = {Bi, Shengjie and Davernport, Ellen and Gong, Jun and Peterson, Ronald and Skinner, Joseph and Storer, Kevin and Wang, Tao and Caine, Kelly and Halter, Ryan and Kotz, David and Odame, Kofi and Sorber, Jacob and Yang, Xing-Dong},
 title = {Poster: Auracle: A Wearable Device for Detecting and Monitoring Eating Behavior},
 booktitle = {Proceedings of the 15th Annual International Conference on Mobile Systems, Applications, and Services},
 series = {MobiSys '17},
 year = {2017},
 isbn = {978-1-4503-4928-4},
 location = {Niagara Falls, New York, USA},
 pages = {176--176},
 numpages = {1},
 url = {http://doi.acm.org/10.1145/3081333.3089320},
 doi = {10.1145/3081333.3089320},
 acmid = {3089320},
 publisher = {ACM},
 address = {New York, NY, USA},
}

@article{Walwema:2018:BR:3282665.3282677,
 author = {Walwema, Josephine},
 title = {Book Review},
 journal = {Commun. Des. Q. Rev},
 issue_date = {Summer 2018},
 volume = {6},
 number = {2},
 month = oct,
 year = {2018},
 issn = {2166-1200},
 pages = {119--123},
 numpages = {5},
 url = {http://doi.acm.org/10.1145/3282665.3282677},
 doi = {10.1145/3282665.3282677},
 acmid = {3282677},
 publisher = {ACM},
 address = {New York, NY, USA},
}

