@inproceedings{Casanova:1984:FDB:588011.588028,
 author = {Casanova, Marco A. and Veloso, Paulo A. S. and Furtado, Antonio L.},
 title = {Formal Data Base Specification: An Eclectic Perspective},
 booktitle = {Proceedings of the 3rd ACM SIGACT-SIGMOD Symposium on Principles of Database Systems},
 series = {PODS '84},
 year = {1984},
 isbn = {0-89791-128-8},
 location = {Waterloo, Ontario, Canada},
 pages = {110--118},
 numpages = {9},
 url = {http://doi.acm.org/10.1145/588011.588028},
 doi = {10.1145/588011.588028},
 acmid = {588028},
 publisher = {ACM},
 address = {New York, NY, USA},
}

@inproceedings{Seiter:2013:MLP:2493394.2493403,
 author = {Seiter, Linda and Foreman, Brendan},
 title = {Modeling the Learning Progressions of Computational Thinking of Primary Grade Students},
 booktitle = {Proceedings of the Ninth Annual International ACM Conference on International Computing Education Research},
 series = {ICER '13},
 year = {2013},
 isbn = {978-1-4503-2243-0},
 location = {San Diego, San California, USA},
 pages = {59--66},
 numpages = {8},
 url = {http://doi.acm.org/10.1145/2493394.2493403},
 doi = {10.1145/2493394.2493403},
 acmid = {2493403},
 publisher = {ACM},
 address = {New York, NY, USA},
 keywords = {assessment, computational thinking, programming, scratch},
}

@inproceedings{Rashid:2008:ARE:1370828.1370836,
 author = {Rashid, Awais and Chitchyan, Ruzanna},
 title = {Aspect-oriented Requirements Engineering: A Roadmap},
 booktitle = {Proceedings of the 13th International Workshop on Early Aspects},
 series = {EA '08},
 year = {2008},
 isbn = {978-1-60558-032-6},
 location = {Leipzig, Germany},
 pages = {35--41},
 numpages = {7},
 url = {http://doi.acm.org/10.1145/1370828.1370836},
 doi = {10.1145/1370828.1370836},
 acmid = {1370836},
 publisher = {ACM},
 address = {New York, NY, USA},
 keywords = {aspect-oriented requirements engineering, crosscutting concerns, requirements analysis, requirements composition},
}

@inproceedings{Chick:2003:IZS:1030818.1030882,
 author = {Chick, Stephen E.},
 title = {Indifference Zone Selection Procedures: Expected Opportunity Cost Guarantees and Indifference Zone Selection Procedures},
 booktitle = {Proceedings of the 35th Conference on Winter Simulation: Driving Innovation},
 series = {WSC '03},
 year = {2003},
 isbn = {0-7803-8132-7},
 location = {New Orleans, Louisiana},
 pages = {465--473},
 numpages = {9},
 url = {http://dl.acm.org/citation.cfm?id=1030818.1030882},
 acmid = {1030882},
 publisher = {Winter Simulation Conference},
}

@inproceedings{Cardoso:2012:LAP:2162049.2162071,
 author = {Cardoso, Jo\~{a}o M.P. and Carvalho, Tiago and Coutinho, Jos{\'e} G.F. and Luk, Wayne and Nobre, Ricardo and Diniz, Pedro and Petrov, Zlatko},
 title = {LARA: An Aspect-oriented Programming Language for Embedded Systems},
 booktitle = {Proceedings of the 11th Annual International Conference on Aspect-oriented Software Development},
 series = {AOSD '12},
 year = {2012},
 isbn = {978-1-4503-1092-5},
 location = {Potsdam, Germany},
 pages = {179--190},
 numpages = {12},
 url = {http://doi.acm.org/10.1145/2162049.2162071},
 doi = {10.1145/2162049.2162071},
 acmid = {2162071},
 publisher = {ACM},
 address = {New York, NY, USA},
 keywords = {FPGAs, aspect-oriented programming, compilers, domain-specific languages, embedded systems, reconfigurable computing},
}

@inproceedings{Anbalagan:2007:AIP:1248820.1248846,
 author = {Anbalagan, Prasanth and Xie, Tao},
 title = {Automated Inference of Pointcuts in Aspect-Oriented Refactoring},
 booktitle = {Proceedings of the 29th International Conference on Software Engineering},
 series = {ICSE '07},
 year = {2007},
 isbn = {0-7695-2828-7},
 pages = {127--136},
 numpages = {10},
 url = {https://doi.org/10.1109/ICSE.2007.19},
 doi = {10.1109/ICSE.2007.19},
 acmid = {1248846},
 publisher = {IEEE Computer Society},
 address = {Washington, DC, USA},
}

@inproceedings{Heffernan:2006:DGT:1194816.1194829,
 author = {Heffernan, Mark and Wilken, Kent and Shobaki, Ghassan},
 title = {Data-Dependency Graph Transformations for Superblock Scheduling},
 booktitle = {Proceedings of the 39th Annual IEEE/ACM International Symposium on Microarchitecture},
 series = {MICRO 39},
 year = {2006},
 isbn = {0-7695-2732-9},
 pages = {77--88},
 numpages = {12},
 url = {https://doi.org/10.1109/MICRO.2006.16},
 doi = {10.1109/MICRO.2006.16},
 acmid = {1194829},
 publisher = {IEEE Computer Society},
 address = {Washington, DC, USA},
}

@inproceedings{Eysholdt:2010:XIY:1869542.1869625,
 author = {Eysholdt, Moritz and Behrens, Heiko},
 title = {Xtext: Implement Your Language Faster Than the Quick and Dirty Way},
 booktitle = {Proceedings of the ACM International Conference Companion on Object Oriented Programming Systems Languages and Applications Companion},
 series = {OOPSLA '10},
 year = {2010},
 isbn = {978-1-4503-0240-1},
 location = {Reno/Tahoe, Nevada, USA},
 pages = {307--309},
 numpages = {3},
 url = {http://doi.acm.org/10.1145/1869542.1869625},
 doi = {10.1145/1869542.1869625},
 acmid = {1869625},
 publisher = {ACM},
 address = {New York, NY, USA},
 keywords = {DSL, EMF, Eclipse, MDSD, Xtext, modeling},
}

@inproceedings{Painter:1996:MIB:256562.256953,
 author = {Painter, Michael K. and Fernandes, Ronald and Padmanaban, Natarajan and Mayer, Richard J.},
 title = {A Methodology for Integrating Business Process and Information Infrastructure Models},
 booktitle = {Proceedings of the 28th Conference on Winter Simulation},
 series = {WSC '96},
 year = {1996},
 isbn = {0-7803-3383-7},
 location = {Coronado, California, USA},
 pages = {1305--1312},
 numpages = {8},
 url = {http://dx.doi.org/10.1145/256562.256953},
 doi = {10.1145/256562.256953},
 acmid = {256953},
 publisher = {IEEE Computer Society},
 address = {Washington, DC, USA},
}

@inproceedings{Coutinho:2012:ELA:2162110.2162129,
 author = {Coutinho, Jos{\'e} G.F. and Carvalho, Tiago and Durand, S{\'e}rgio and Cardoso, Jo\~{a}o M.P. and Nobre, Ricardo and Diniz, Pedro C. and Luk, Wayne},
 title = {Experiments with the LARA Aspect-oriented Approach},
 booktitle = {Proceedings of the 11th Annual International Conference on Aspect-oriented Software Development Companion},
 series = {AOSD Companion '12},
 year = {2012},
 isbn = {978-1-4503-1222-6},
 location = {Potsdam, Germany},
 pages = {27--30},
 numpages = {4},
 url = {http://doi.acm.org/10.1145/2162110.2162129},
 doi = {10.1145/2162110.2162129},
 acmid = {2162129},
 publisher = {ACM},
 address = {New York, NY, USA},
 keywords = {FPGAs, aspect-oriented programming, compilers, domain-specific languages, embedded systems, reconfigurable computing},
}

