@inproceedings{McCartney:2017:FPG:3017680.3017746,
 author = {McCartney, Robert and Boustedt, Jonas and Eckerdal, Anna and Sanders, Kate and Zander, Carol},
 title = {Folk Pedagogy and the Geek Gene: Geekiness Quotient},
 booktitle = {Proceedings of the 2017 ACM SIGCSE Technical Symposium on Computer Science Education},
 series = {SIGCSE '17},
 year = {2017},
 isbn = {978-1-4503-4698-6},
 location = {Seattle, Washington, USA},
 pages = {405--410},
 numpages = {6},
 url = {http://doi.acm.org/10.1145/3017680.3017746},
 doi = {10.1145/3017680.3017746},
 acmid = {3017746},
 publisher = {ACM},
 address = {New York, NY, USA},
 keywords = {fixed or growth mindset, folk pedagogy, geek gene, innate ability},
}

@article{Lister:2011:CER:1835428.1835434,
 author = {Lister, Raymond},
 title = {COMPUTING EDUCATION RESEARCH: Geek Genes and Bimodal Grades},
 journal = {ACM Inroads},
 issue_date = {September 2010},
 volume = {1},
 number = {3},
 month = sep,
 year = {2011},
 issn = {2153-2184},
 pages = {16--17},
 numpages = {2},
 url = {http://doi.acm.org/10.1145/1835428.1835434},
 doi = {10.1145/1835428.1835434},
 acmid = {1835434},
 publisher = {ACM},
 address = {New York, NY, USA},
}

@inproceedings{Ahadi:2013:GGP:2493394.2493416,
 author = {Ahadi, Alireza and Lister, Raymond},
 title = {Geek Genes, Prior Knowledge, Stumbling Points and Learning Edge Momentum: Parts of the One Elephant?},
 booktitle = {Proceedings of the Ninth Annual International ACM Conference on International Computing Education Research},
 series = {ICER '13},
 year = {2013},
 isbn = {978-1-4503-2243-0},
 location = {San Diego, San California, USA},
 pages = {123--128},
 numpages = {6},
 url = {http://doi.acm.org/10.1145/2493394.2493416},
 doi = {10.1145/2493394.2493416},
 acmid = {2493416},
 publisher = {ACM},
 address = {New York, NY, USA},
 keywords = {assessment, bimodal grade distribution, cs1, learning edge momentum, programming},
}

@inproceedings{Lodi:2017:GMC:3105726.3105736,
 author = {Lodi, Michael},
 title = {Growth Mindset in Computational Thinking Teaching and Teacher Training},
 booktitle = {Proceedings of the 2017 ACM Conference on International Computing Education Research},
 series = {ICER '17},
 year = {2017},
 isbn = {978-1-4503-4968-0},
 location = {Tacoma, Washington, USA},
 pages = {281--282},
 numpages = {2},
 url = {http://doi.acm.org/10.1145/3105726.3105736},
 doi = {10.1145/3105726.3105736},
 acmid = {3105736},
 publisher = {ACM},
 address = {New York, NY, USA},
 keywords = {computational thinking, growth mindset, teacher training},
}

