@inproceedings{Basawapatna:2019:ZPF:3287324.3287361,
 author = {Basawapatna, Ashok and Repenning, Alexander and Savignano, Mark},
 title = {The Zones of Proximal Flow Tutorial: Designing Computational Thinking Cliffhangers},
 booktitle = {Proceedings of the 50th ACM Technical Symposium on Computer Science Education},
 series = {SIGCSE '19},
 year = {2019},
 isbn = {978-1-4503-5890-3},
 location = {Minneapolis, MN, USA},
 pages = {428--434},
 numpages = {7},
 url = {http://doi.acm.org/10.1145/3287324.3287361},
 doi = {10.1145/3287324.3287361},
 acmid = {3287361},
 publisher = {ACM},
 address = {New York, NY, USA},
 keywords = {computational thinking, cyberlearning, exposure, flow, zone of proximal development, hour of code, retention, retention of flow, tutorial, zones of proximal flow},
}

@inproceedings{Koh:2013:SES:2445196.2445372,
 author = {Koh, Kyu Han and Repenning, Alexander and Nickerson, Hilarie and Endo, Yasko and Motter, Pate},
 title = {Will It Stick?: Exploring the Sustainability of Computational Thinking Education Through Game Design},
 booktitle = {Proceeding of the 44th ACM Technical Symposium on Computer Science Education},
 series = {SIGCSE '13},
 year = {2013},
 isbn = {978-1-4503-1868-6},
 location = {Denver, Colorado, USA},
 pages = {597--602},
 numpages = {6},
 url = {http://doi.acm.org/10.1145/2445196.2445372},
 doi = {10.1145/2445196.2445372},
 acmid = {2445372},
 publisher = {ACM},
 address = {New York, NY, USA},
 keywords = {computational thinking, game design, simulation design, sustainability, zone of proximal flow},
}

@inproceedings{Basawapatna:2013:ZPF:2493394.2493404,
 author = {Basawapatna, Ashok R. and Repenning, Alexander and Koh, Kyu Han and Nickerson, Hilarie},
 title = {The Zones of Proximal Flow: Guiding Students Through a Space of Computational Thinking Skills and Challenges},
 booktitle = {Proceedings of the Ninth Annual International ACM Conference on International Computing Education Research},
 series = {ICER '13},
 year = {2013},
 isbn = {978-1-4503-2243-0},
 location = {San Diego, San California, USA},
 pages = {67--74},
 numpages = {8},
 url = {http://doi.acm.org/10.1145/2493394.2493404},
 doi = {10.1145/2493394.2493404},
 acmid = {2493404},
 publisher = {ACM},
 address = {New York, NY, USA},
 keywords = {computational thinking, computational thinking patterns, computer science education, flow, scalable game design, simulations, zone of proximal development, zones of proximal flow},
}

