@article{Hazzan:2002:RAL:637610.544461,
 author = {Hazzan, Orit},
 title = {Reducing Abstraction Level when Learning Computability Theory Concepts},
 journal = {SIGCSE Bull.},
 issue_date = {September 2002},
 volume = {34},
 number = {3},
 month = jun,
 year = {2002},
 issn = {0097-8418},
 pages = {156--160},
 numpages = {5},
 url = {http://doi.acm.org/10.1145/637610.544461},
 doi = {10.1145/637610.544461},
 acmid = {544461},
 publisher = {ACM},
 address = {New York, NY, USA},
 keywords = {abstraction, computability, computer science education, mental processes},
}

@inproceedings{Hazzan:2002:RAL:544414.544461,
 author = {Hazzan, Orit},
 title = {Reducing Abstraction Level when Learning Computability Theory Concepts},
 booktitle = {Proceedings of the 7th Annual Conference on Innovation and Technology in Computer Science Education},
 series = {ITiCSE '02},
 year = {2002},
 isbn = {1-58113-499-1},
 location = {Aarhus, Denmark},
 pages = {156--160},
 numpages = {5},
 url = {http://doi.acm.org/10.1145/544414.544461},
 doi = {10.1145/544414.544461},
 acmid = {544461},
 publisher = {ACM},
 address = {New York, NY, USA},
 keywords = {abstraction, computability, computer science education, mental processes},
}

@article{Sakhnini:2008:RAH:1362787.1362789,
 author = {Sakhnini, Victoria and Hazzan, Orit},
 title = {Reducing Abstraction in High School Computer Science Education: The Case of Definition, Implementation, and Use of Abstract Data Types},
 journal = {J. Educ. Resour. Comput.},
 issue_date = {June 2008},
 volume = {8},
 number = {2},
 month = may,
 year = {2008},
 issn = {1531-4278},
 pages = {5:1--5:13},
 articleno = {5},
 numpages = {13},
 url = {http://doi.acm.org/10.1145/1362787.1362789},
 doi = {10.1145/1362787.1362789},
 acmid = {1362789},
 publisher = {ACM},
 address = {New York, NY, USA},
 keywords = {abstract data types, abstraction, computer science education, problem solving, reducing abstraction},
}

@inproceedings{Garcia-Perez:2013:DFK:2505879.2505887,
 author = {Garc\'{\i}a-P{\'e}rez, \'{A}lvaro and Nogueira, Pablo and Moreno-Navarro, Juan Jos{\'e}},
 title = {Deriving the Full-reducing Krivine Machine from the Small-step Operational Semantics of Normal Order},
 booktitle = {Proceedings of the 15th Symposium on Principles and Practice of Declarative Programming},
 series = {PPDP '13},
 year = {2013},
 isbn = {978-1-4503-2154-9},
 location = {Madrid, Spain},
 pages = {85--96},
 numpages = {12},
 url = {http://doi.acm.org/10.1145/2505879.2505887},
 doi = {10.1145/2505879.2505887},
 acmid = {2505887},
 publisher = {ACM},
 address = {New York, NY, USA},
 keywords = {abstract machines, closures, explicit substitutions, foundations, full reduction, lambda calculus, operational semantics, program transformation, programming languages, reduction semantics, reduction strategies, reduction-based normalisation, reduction-free normalisation},
}

@inproceedings{Ma:2018:MPF:3237383.3238052,
 author = {Ma, Hang and Wagner, Glenn and Felner, Ariel and Li, Jiaoyang and Kumar, T. K. Satish and Koenig, Sven},
 title = {Multi-Agent Path Finding with Deadlines: Preliminary Results},
 booktitle = {Proceedings of the 17th International Conference on Autonomous Agents and MultiAgent Systems},
 series = {AAMAS '18},
 year = {2018},
 location = {Stockholm, Sweden},
 pages = {2004--2006},
 numpages = {3},
 url = {http://dl.acm.org/citation.cfm?id=3237383.3238052},
 acmid = {3238052},
 publisher = {International Foundation for Autonomous Agents and Multiagent Systems},
 address = {Richland, SC},
 keywords = {multi-agent path finding, multi-agent systems, teamwork},
}

@inproceedings{Baskinger:2006:VNE:1151903.1151934,
 author = {Baskinger, Mark and Nam, Ki-Chol},
 title = {Visual Narratives: The Essential Role of Imagination in the Visualization Process},
 booktitle = {Proceedings of the 2006 Asia-Pacific Symposium on Information Visualisation - Volume 60},
 series = {APVis '06},
 year = {2006},
 isbn = {1-920682-41-4},
 location = {Tokyo, Japan},
 pages = {217--220},
 numpages = {4},
 url = {http://dl.acm.org/citation.cfm?id=1151903.1151934},
 acmid = {1151934},
 publisher = {Australian Computer Society, Inc.},
 address = {Darlinghurst, Australia, Australia},
 keywords = {"analog" visualization, conceptual models, graphical representations, visual narratives},
}

@inproceedings{Garcia-Perez:2013:SFC:2426890.2426911,
 author = {Garc\'{\i}a-P{\'e}rez, \'{A}lvaro and Nogueira, Pablo},
 title = {A Syntactic and Functional Correspondence Between Reduction Semantics and Reduction-free Full Normalisers},
 booktitle = {Proceedings of the ACM SIGPLAN 2013 Workshop on Partial Evaluation and Program Manipulation},
 series = {PEPM '13},
 year = {2013},
 isbn = {978-1-4503-1842-6},
 location = {Rome, Italy},
 pages = {107--116},
 numpages = {10},
 url = {http://doi.acm.org/10.1145/2426890.2426911},
 doi = {10.1145/2426890.2426911},
 acmid = {2426911},
 publisher = {ACM},
 address = {New York, NY, USA},
 keywords = {abstract machines, continuation-passing style (cps), continuations, cps transformation, defunctionalization, evaluation contexts, normalization by evaluation, program transformation, reduction contexts, reduction semantics, reduction strategies, reduction-based normalization, reduction-free normalization, refocusing, refunctionalization, syntactic theories},
}

@article{Helmert:2014:MAM:2628069.2559951,
 author = {Helmert, Malte and Haslum, Patrik and Hoffmann, J\"{o}rg and Nissim, Raz},
 title = {Merge-and-Shrink Abstraction: A Method for Generating Lower Bounds in Factored State Spaces},
 journal = {J. ACM},
 issue_date = {May 2014},
 volume = {61},
 number = {3},
 month = jun,
 year = {2014},
 issn = {0004-5411},
 pages = {16:1--16:63},
 articleno = {16},
 numpages = {63},
 url = {http://doi.acm.org/10.1145/2559951},
 doi = {10.1145/2559951},
 acmid = {2559951},
 publisher = {ACM},
 address = {New York, NY, USA},
 keywords = {AI planning, Abstraction heuristics, heuristic search},
}

@inproceedings{Peldszus:2015:ICJ:2807426.2807438,
 author = {Peldszus, Sven and Kulcs\'{a}r, G{\'e}za and Lochau, Malte and Schulze, Sandro},
 title = {Incremental Co-Evolution of Java Programs Based on Bidirectional Graph Transformation},
 booktitle = {Proceedings of the Principles and Practices of Programming on The Java Platform},
 series = {PPPJ '15},
 year = {2015},
 isbn = {978-1-4503-3712-0},
 location = {Melbourne, FL, USA},
 pages = {138--151},
 numpages = {14},
 url = {http://doi.acm.org/10.1145/2807426.2807438},
 doi = {10.1145/2807426.2807438},
 acmid = {2807438},
 publisher = {ACM},
 address = {New York, NY, USA},
 keywords = {bidirectional graph transformation, incremental synchronization, program evolution, program refactoring},
}

@article{Riccobene:2009:SMD:1550987.1550993,
 author = {Riccobene, Elvinia and Scandurra, Patrizia and Bocchio, Sara and Rosti, Alberto and Lavazza, Luigi and Mantellini, Luigi},
 title = {SystemC/C-based Model-driven Design for Embedded Systems},
 journal = {ACM Trans. Embed. Comput. Syst.},
 issue_date = {July 2009},
 volume = {8},
 number = {4},
 month = jul,
 year = {2009},
 issn = {1539-9087},
 pages = {30:1--30:37},
 articleno = {30},
 numpages = {37},
 url = {http://doi.acm.org/10.1145/1550987.1550993},
 doi = {10.1145/1550987.1550993},
 acmid = {1550993},
 publisher = {ACM},
 address = {New York, NY, USA},
 keywords = {C, ES, MDE, SoC, SystemC, UML},
}

