@inproceedings{Dastani:2003:PAD:860575.860592,
 author = {Dastani, Mehdi and de Boer, Frank and Dignum, Frank and Meyer, John-Jules},
 title = {Programming Agent Deliberation: An Approach Illustrated Using the 3APL Language},
 booktitle = {Proceedings of the Second International Joint Conference on Autonomous Agents and Multiagent Systems},
 series = {AAMAS '03},
 year = {2003},
 isbn = {1-58113-683-8},
 location = {Melbourne, Australia},
 pages = {97--104},
 numpages = {8},
 url = {http://doi.acm.org/10.1145/860575.860592},
 doi = {10.1145/860575.860592},
 acmid = {860592},
 publisher = {ACM},
 address = {New York, NY, USA},
 keywords = {agent deliberation, agent programming, planning},
}

@inproceedings{Fisler:2014:RRP:2632320.2632346,
 author = {Fisler, Kathi},
 title = {The Recurring Rainfall Problem},
 booktitle = {Proceedings of the Tenth Annual Conference on International Computing Education Research},
 series = {ICER '14},
 year = {2014},
 isbn = {978-1-4503-2755-8},
 location = {Glasgow, Scotland, United Kingdom},
 pages = {35--42},
 numpages = {8},
 url = {http://doi.acm.org/10.1145/2632320.2632346},
 doi = {10.1145/2632320.2632346},
 acmid = {2632346},
 publisher = {ACM},
 address = {New York, NY, USA},
 keywords = {functional programming, novice programmers, plan composition},
}

@inproceedings{Fisler:2016:MPS:2839509.2844556,
 author = {Fisler, Kathi and Krishnamurthi, Shriram and Siegmund, Janet},
 title = {Modernizing Plan-Composition Studies},
 booktitle = {Proceedings of the 47th ACM Technical Symposium on Computing Science Education},
 series = {SIGCSE '16},
 year = {2016},
 isbn = {978-1-4503-3685-7},
 location = {Memphis, Tennessee, USA},
 pages = {211--216},
 numpages = {6},
 url = {http://doi.acm.org/10.1145/2839509.2844556},
 doi = {10.1145/2839509.2844556},
 acmid = {2844556},
 publisher = {ACM},
 address = {New York, NY, USA},
 keywords = {functional programming, imperative programming, plan composition},
}

@inproceedings{Noel:2008:APD:1414004.1414053,
 author = {No\"{e}l, Ren{\'e} and Valdes, Gonzalo and Visconti, Marcello and Astudillo, Hern\'{a}n},
 title = {Adding Planned Design to Xp Might Help Novices' Productivity (or Might Not): Two Controlled Experiments},
 booktitle = {Proceedings of the Second ACM-IEEE International Symposium on Empirical Software Engineering and Measurement},
 series = {ESEM '08},
 year = {2008},
 isbn = {978-1-59593-971-5},
 location = {Kaiserslautern, Germany},
 pages = {285--287},
 numpages = {3},
 url = {http://doi.acm.org/10.1145/1414004.1414053},
 doi = {10.1145/1414004.1414053},
 acmid = {1414053},
 publisher = {ACM},
 address = {New York, NY, USA},
 keywords = {evolutionary software design, experimental studies, extreme programming, planned software design},
}

@inproceedings{Leppan:2007:SCP:1292491.1292499,
 author = {Leppan, Ronald and Cilliers, Charmain and Taljaard, Marinda},
 title = {Supporting CS1 with a Program Beacon Recognition Tool},
 booktitle = {Proceedings of the 2007 Annual Research Conference of the South African Institute of Computer Scientists and Information Technologists on IT Research in Developing Countries},
 series = {SAICSIT '07},
 year = {2007},
 isbn = {978-1-59593-775-9},
 location = {Port Elizabeth, South Africa},
 pages = {66--75},
 numpages = {10},
 url = {http://doi.acm.org/10.1145/1292491.1292499},
 doi = {10.1145/1292491.1292499},
 acmid = {1292499},
 publisher = {ACM},
 address = {New York, NY, USA},
 keywords = {CS1, introductory programming, program beacons, program comprehension, program plans},
}

@inproceedings{Kinneer:2018:MUS:3194133.3194145,
 author = {Kinneer, Cody and Coker, Zack and Wang, Jiacheng and Garlan, David and Goues, Claire Le},
 title = {Managing Uncertainty in Self-adaptive Systems with Plan Reuse and Stochastic Search},
 booktitle = {Proceedings of the 13th International Conference on Software Engineering for Adaptive and Self-Managing Systems},
 series = {SEAMS '18},
 year = {2018},
 isbn = {978-1-4503-5715-9},
 location = {Gothenburg, Sweden},
 pages = {40--50},
 numpages = {11},
 url = {http://doi.acm.org/10.1145/3194133.3194145},
 doi = {10.1145/3194133.3194145},
 acmid = {3194145},
 publisher = {ACM},
 address = {New York, NY, USA},
 keywords = {cloud services, genetic programming, plan reuse, planning, self-* systems, uncertainty},
}

@article{Beisse:1995:DPP:381977.381982,
 author = {Beisse, Fred},
 title = {Degree Program Planned in Computer User Support},
 journal = {3C ON-LINE},
 issue_date = {April 1995},
 volume = {2},
 number = {2},
 month = apr,
 year = {1995},
 issn = {1078-2192},
 pages = {18--19},
 numpages = {2},
 url = {http://doi.acm.org/10.1145/381977.381982},
 doi = {10.1145/381977.381982},
 acmid = {381982},
 publisher = {ACM},
 address = {New York, NY, USA},
}

@inproceedings{Berkowitz:1979:SPP:800177.810038,
 author = {Berkowitz, Murray R.},
 title = {Structured Program Planning and Design: Standardization Needs},
 booktitle = {Proceedings of the 1979 Annual Conference},
 series = {ACM '79},
 year = {1979},
 isbn = {0-89791-008-7},
 pages = {102--},
 url = {http://doi.acm.org/10.1145/800177.810038},
 doi = {10.1145/800177.810038},
 acmid = {810038},
 publisher = {ACM},
 address = {New York, NY, USA},
}

@inproceedings{Castro:2016:PMP:2960310.2960344,
 author = {Castro, Francisco Enrique Vicente G.},
 title = {Pedagogy and Measurement of Program Planning Skills},
 booktitle = {Proceedings of the 2016 ACM Conference on International Computing Education Research},
 series = {ICER '16},
 year = {2016},
 isbn = {978-1-4503-4449-4},
 location = {Melbourne, VIC, Australia},
 pages = {273--274},
 numpages = {2},
 url = {http://doi.acm.org/10.1145/2960310.2960344},
 doi = {10.1145/2960310.2960344},
 acmid = {2960344},
 publisher = {ACM},
 address = {New York, NY, USA},
 keywords = {plan composition, program design, programming pedagogy, student assessment},
}

@article{Quilici:1994:MAR:175290.175301,
 author = {Quilici, Alex},
 title = {A Memory-based Approach to Recognizing Programming Plans},
 journal = {Commun. ACM},
 issue_date = {May 1994},
 volume = {37},
 number = {5},
 month = may,
 year = {1994},
 issn = {0001-0782},
 pages = {84--93},
 numpages = {10},
 url = {http://doi.acm.org/10.1145/175290.175301},
 doi = {10.1145/175290.175301},
 acmid = {175301},
 publisher = {ACM},
 address = {New York, NY, USA},
}

@article{Randolph:2007:PEP:1345375.1345435,
 author = {Randolph, Justus J.},
 title = {Planning and Evaluating Programs in Computer Science Education},
 journal = {SIGCSE Bull.},
 issue_date = {December 2007},
 volume = {39},
 number = {4},
 month = dec,
 year = {2007},
 issn = {0097-8418},
 pages = {131--131},
 numpages = {1},
 url = {http://doi.acm.org/10.1145/1345375.1345435},
 doi = {10.1145/1345375.1345435},
 acmid = {1345435},
 publisher = {ACM},
 address = {New York, NY, USA},
 keywords = {computer science education, evaluation models, participatory research, program evaluation, program planning},
}

@inproceedings{Smetsers-Weeda:2017:PSA:3137065.3137080,
 author = {Smetsers-Weeda, Renske and Smetsers, Sjaak},
 title = {Problem Solving and Algorithmic Development with Flowcharts},
 booktitle = {Proceedings of the 12th Workshop on Primary and Secondary Computing Education},
 series = {WiPSCE '17},
 year = {2017},
 isbn = {978-1-4503-5428-8},
 location = {Nijmegen, Netherlands},
 pages = {25--34},
 numpages = {10},
 url = {http://doi.acm.org/10.1145/3137065.3137080},
 doi = {10.1145/3137065.3137080},
 acmid = {3137080},
 publisher = {ACM},
 address = {New York, NY, USA},
 keywords = {Algorithmic Development, Algorithmic Thinking, Flowcharts, Novice Programming, Plans, Problem Solving, Think-then-Act, Unplugged},
}

@inproceedings{Redmiles:1993:RVP:169059.169082,
 author = {Redmiles, David F.},
 title = {Reducing the Variability of Programmers' Performance Through Explained Examples},
 booktitle = {Proceedings of the INTERACT '93 and CHI '93 Conference on Human Factors in Computing Systems},
 series = {CHI '93},
 year = {1993},
 isbn = {0-89791-575-5},
 location = {Amsterdam, The Netherlands},
 pages = {67--73},
 numpages = {7},
 url = {http://doi.acm.org/10.1145/169059.169082},
 doi = {10.1145/169059.169082},
 acmid = {169082},
 publisher = {ACM},
 address = {New York, NY, USA},
 keywords = {analogy, knowledge representation, learning, programming plans, semantic networks, software engineering, user interface},
}

@article{Kossmann:2000:IDP:352958.352982,
 author = {Kossmann, Donald and Stocker, Konrad},
 title = {Iterative Dynamic Programming: A New Class of Query Optimization Algorithms},
 journal = {ACM Trans. Database Syst.},
 issue_date = {March 2000},
 volume = {25},
 number = {1},
 month = mar,
 year = {2000},
 issn = {0362-5915},
 pages = {43--82},
 numpages = {40},
 url = {http://doi.acm.org/10.1145/352958.352982},
 doi = {10.1145/352958.352982},
 acmid = {352982},
 publisher = {ACM},
 address = {New York, NY, USA},
 keywords = {dynamic programming, greedy algorithm, iterative dynamic programming, plan evaluation function, query optimization, randomized optimization},
}

@article{Lane:2003:CPP:792548.611955,
 author = {Lane, H. Chad and VanLehn, Kurt},
 title = {Coached Program Planning: Dialogue-based Support for Novice Program Design},
 journal = {SIGCSE Bull.},
 issue_date = {January 2003},
 volume = {35},
 number = {1},
 month = jan,
 year = {2003},
 issn = {0097-8418},
 pages = {148--152},
 numpages = {5},
 url = {http://doi.acm.org/10.1145/792548.611955},
 doi = {10.1145/792548.611955},
 acmid = {611955},
 publisher = {ACM},
 address = {New York, NY, USA},
 keywords = {coached program planning, dialogue systems, intelligent tutoring systems, novice programming, structured programming},
}

@inproceedings{Lane:2003:CPP:611892.611955,
 author = {Lane, H. Chad and VanLehn, Kurt},
 title = {Coached Program Planning: Dialogue-based Support for Novice Program Design},
 booktitle = {Proceedings of the 34th SIGCSE Technical Symposium on Computer Science Education},
 series = {SIGCSE '03},
 year = {2003},
 isbn = {1-58113-648-X},
 location = {Reno, Navada, USA},
 pages = {148--152},
 numpages = {5},
 url = {http://doi.acm.org/10.1145/611892.611955},
 doi = {10.1145/611892.611955},
 acmid = {611955},
 publisher = {ACM},
 address = {New York, NY, USA},
 keywords = {coached program planning, dialogue systems, intelligent tutoring systems, novice programming, structured programming},
}

@inproceedings{Grabau:1999:SAP:324898.325283,
 author = {Grabau, Mark R. and Clay, Gregory R.},
 title = {Simulation Assisted Product Development Program Planning},
 booktitle = {Proceedings of the 31st Conference on Winter Simulation: Simulation---a Bridge to the Future - Volume 2},
 series = {WSC '99},
 year = {1999},
 isbn = {0-7803-5780-9},
 location = {Phoenix, Arizona, USA},
 pages = {1393--1396},
 numpages = {4},
 url = {http://doi.acm.org/10.1145/324898.325283},
 doi = {10.1145/324898.325283},
 acmid = {325283},
 publisher = {ACM},
 address = {New York, NY, USA},
}

@inproceedings{Vaziri:2007:PPU:1351542.1351918,
 author = {Vaziri, Kabeh and Carr, Paul and Nozick, Linda},
 title = {Program Planning Under Uncertainty},
 booktitle = {Proceedings of the 39th Conference on Winter Simulation: 40 Years! The Best is Yet to Come},
 series = {WSC '07},
 year = {2007},
 isbn = {1-4244-1306-0},
 location = {Washington D.C.},
 pages = {2119--2127},
 numpages = {9},
 url = {http://dl.acm.org/citation.cfm?id=1351542.1351918},
 acmid = {1351918},
 publisher = {IEEE Press},
 address = {Piscataway, NJ, USA},
}

@inproceedings{Castro:2017:ISL:3141880.3141897,
 author = {Castro, Francisco Enrique Vicente and Krishnamurthi, Shriram and Fisler, Kathi},
 title = {The Impact of a Single Lecture on Program Plans in First-year CS},
 booktitle = {Proceedings of the 17th Koli Calling International Conference on Computing Education Research},
 series = {Koli Calling '17},
 year = {2017},
 isbn = {978-1-4503-5301-4},
 location = {Koli, Finland},
 pages = {118--122},
 numpages = {5},
 url = {http://doi.acm.org/10.1145/3141880.3141897},
 doi = {10.1145/3141880.3141897},
 acmid = {3141897},
 publisher = {ACM},
 address = {New York, NY, USA},
 keywords = {plan composition, program design, programming pedagogy},
}

@inproceedings{Logendran:1986:PPD:318242.318521,
 author = {Logendran, Rasaratnam and Terrell, M. Palmer},
 title = {Program Planning and Development of a National University Teleconference Network Using Simulation},
 booktitle = {Proceedings of the 18th Conference on Winter Simulation},
 series = {WSC '86},
 year = {1986},
 isbn = {0-911801-11-1},
 location = {Washington, D.C., USA},
 pages = {776--785},
 numpages = {10},
 url = {http://doi.acm.org/10.1145/318242.318521},
 doi = {10.1145/318242.318521},
 acmid = {318521},
 publisher = {ACM},
 address = {New York, NY, USA},
}

@inproceedings{Jin:2011:ECA:1953163.1953254,
 author = {Jin, Wei and Corbett, Albert},
 title = {Effectiveness of Cognitive Apprenticeship Learning (CAL) and Cognitive Tutors (CT) for Problem Solving Using Fundamental Programming Concepts},
 booktitle = {Proceedings of the 42Nd ACM Technical Symposium on Computer Science Education},
 series = {SIGCSE '11},
 year = {2011},
 isbn = {978-1-4503-0500-6},
 location = {Dallas, TX, USA},
 pages = {305--310},
 numpages = {6},
 url = {http://doi.acm.org/10.1145/1953163.1953254},
 doi = {10.1145/1953163.1953254},
 acmid = {1953254},
 publisher = {ACM},
 address = {New York, NY, USA},
 keywords = {CS1, cognitive apprenticeship learning, cognitive tutors, introduction to programming, pedagogy, scaffolding},
}

@article{Anger:1999:DNS:329155.329164,
 author = {Anger, Frank D.},
 title = {Directions for the NSF Software Engineering and Languages Program},
 journal = {SIGSOFT Softw. Eng. Notes},
 issue_date = {July 1999},
 volume = {24},
 number = {4},
 month = jul,
 year = {1999},
 issn = {0163-5948},
 pages = {50--52},
 numpages = {3},
 url = {http://doi.acm.org/10.1145/329155.329164},
 doi = {10.1145/329155.329164},
 acmid = {329164},
 publisher = {ACM},
 address = {New York, NY, USA},
}

@article{Frand:1989:FAU:63238.63242,
 author = {Frand, Jason L. and Britt, Julia A.},
 title = {Fifth Annual UCLA Survey of Business School Computer Usage},
 journal = {Commun. ACM},
 issue_date = {Jan. 1989},
 volume = {32},
 number = {1},
 month = jan,
 year = {1989},
 issn = {0001-0782},
 pages = {62--76},
 numpages = {15},
 url = {http://doi.acm.org/10.1145/63238.63242},
 doi = {10.1145/63238.63242},
 acmid = {63242},
 publisher = {ACM},
 address = {New York, NY, USA},
}

@article{Frand:1988:FAU:48511.48520,
 author = {Frand, Jason,L. and Britt, Julia,A. and Anderson, John,E. and McLean, Ephraim,R.},
 title = {Fourth Annual UCLA Survey of Business School Computer Usage},
 journal = {Commun. ACM},
 issue_date = {July 1988},
 volume = {31},
 number = {7},
 month = jul,
 year = {1988},
 issn = {0001-0782},
 pages = {896--910},
 numpages = {15},
 url = {http://doi.acm.org/10.1145/48511.48520},
 doi = {10.1145/48511.48520},
 acmid = {48520},
 publisher = {ACM},
 address = {New York, NY, USA},
}

@article{Beisse:1997:CUS:254599.254600,
 author = {Beisse, Fred},
 title = {Computer User Support Degree Program: An Alternative to Computer Programming},
 journal = {3C ON-LINE},
 issue_date = {April 1997},
 volume = {4},
 number = {2},
 month = apr,
 year = {1997},
 issn = {1078-2192},
 pages = {8--12},
 numpages = {5},
 url = {http://doi.acm.org/10.1145/254599.254600},
 doi = {10.1145/254599.254600},
 acmid = {254600},
 publisher = {ACM},
 address = {New York, NY, USA},
}

@inproceedings{Saacks:1989:TGT:75427.75466,
 author = {Saacks, M. and Hassell, J.},
 title = {Two-level Grammars As a Technique for Formalizing Programming Schemes},
 booktitle = {Proceedings of the 17th Conference on ACM Annual Computer Science Conference},
 series = {CSC '89},
 year = {1989},
 isbn = {0-89791-299-3},
 location = {Louisville, Kentucky},
 pages = {305--308},
 numpages = {4},
 url = {http://doi.acm.org/10.1145/75427.75466},
 doi = {10.1145/75427.75466},
 acmid = {75466},
 publisher = {ACM},
 address = {New York, NY, USA},
}

@article{Son:2006:DKA:1183278.1183279,
 author = {Son, Tran Cao and Baral, Chitta and Tran, Nam and Mcilraith, Sheila},
 title = {Domain-dependent Knowledge in Answer Set Planning},
 journal = {ACM Trans. Comput. Logic},
 issue_date = {October 2006},
 volume = {7},
 number = {4},
 month = oct,
 year = {2006},
 issn = {1529-3785},
 pages = {613--657},
 numpages = {45},
 url = {http://doi.acm.org/10.1145/1183278.1183279},
 doi = {10.1145/1183278.1183279},
 acmid = {1183279},
 publisher = {ACM},
 address = {New York, NY, USA},
 keywords = {Reasoning about actions, answer set planning, control knowledge, planning, procedural knowledge},
}

@proceedings{Gates:2010:1920261,
 title = {ACSAC '10: Proceedings of the 26th Annual Computer Security Applications Conference},
 year = {2010},
 isbn = {978-1-4503-0133-6},
 location = {Austin, Texas, USA},
 publisher = {ACM},
 address = {New York, NY, USA},
}

@inproceedings{Swindle:1979:UPN:800134.804386,
 author = {Swindle,Jr., D. W. and Gift, E. H. and Bustamante, F. M.},
 title = {Utilization of Probabilistic Network Analysis in Planning Long-range Engineering Projects},
 booktitle = {Proceedings of the 11th Conference on Winter Simulation - Volume 2},
 series = {WSC '79},
 year = {1979},
 location = {San Diego, CA, USA},
 pages = {569--575},
 numpages = {7},
 url = {http://dl.acm.org/citation.cfm?id=800134.804386},
 acmid = {804386},
 publisher = {IEEE Press},
 address = {Piscataway, NJ, USA},
}

@inproceedings{DeBenedictis:1988:DPS:62297.62348,
 author = {DeBenedictis, E. P.},
 title = {Distributed Programs and Subroutines for Multiprocessors},
 booktitle = {Proceedings of the Third Conference on Hypercube Concurrent Computers and Applications: Architecture, Software, Computer Systems, and General Issues - Volume 1},
 series = {C<sup>3</sup>P},
 year = {1988},
 isbn = {0-89791-278-0},
 location = {Pasadena, California, USA},
 pages = {451--457},
 numpages = {7},
 url = {http://doi.acm.org/10.1145/62297.62348},
 doi = {10.1145/62297.62348},
 acmid = {62348},
 publisher = {ACM},
 address = {New York, NY, USA},
}

@article{Zinn:1971:CSC:965872.965874,
 author = {Zinn, Karl L.},
 title = {Computer Science Contributions to Learning and Teaching},
 journal = {SIGCUE Outlook},
 issue_date = {August 1971},
 volume = {5},
 number = {4},
 month = aug,
 year = {1971},
 issn = {0163-5735},
 pages = {155--166},
 numpages = {12},
 url = {http://doi.acm.org/10.1145/965872.965874},
 doi = {10.1145/965872.965874},
 acmid = {965874},
 publisher = {ACM},
 address = {New York, NY, USA},
}

@inproceedings{Prange:1996:EDR:1119018.1119022,
 author = {Prange, John D.},
 title = {Evaluation Driven Research: The Foundation of the TIPSTER Text Program},
 booktitle = {Proceedings of a Workshop on Held at Vienna, Virginia: May 6-8, 1996},
 series = {TIPSTER '96},
 year = {1996},
 location = {Vienna, Virginia},
 pages = {13--22},
 numpages = {10},
 url = {https://doi.org/10.3115/1119018.1119022},
 doi = {10.3115/1119018.1119022},
 acmid = {1119022},
 publisher = {Association for Computational Linguistics},
 address = {Stroudsburg, PA, USA},
}

@inproceedings{Kontogiannis:1992:TPR:962198.962223,
 author = {Kontogiannis, Kostas},
 title = {Toward Program Representation and Program Understanding Using Process Algebras},
 booktitle = {Proceedings of the 1992 Conference of the Centre for Advanced Studies on Collaborative Research - Volume 1},
 series = {CASCON '92},
 year = {1992},
 location = {Toronto, Ontario, Canada},
 pages = {299--317},
 numpages = {19},
 url = {http://dl.acm.org/citation.cfm?id=962198.962223},
 acmid = {962223},
 publisher = {IBM Press},
}

@inproceedings{Zinn:1971:CSC:800184.810524,
 note = {Chairman-Zinn, Karl L.},
 title = {Computer Science Contributions to Learning and Teaching (Panel)},
 booktitle = {Proceedings of the 1971 26th Annual Conference},
 series = {ACM '71},
 year = {1971},
 pages = {560--563},
 numpages = {4},
 url = {http://doi.acm.org/10.1145/800184.810524},
 doi = {10.1145/800184.810524},
 acmid = {810524},
 publisher = {ACM},
 address = {New York, NY, USA},
}

@inproceedings{Kontogiannis:1993:DPD:962289.962308,
 author = {Kontogiannis, K. and Bernstein, M. and Merlo, E. and DeMori, R.},
 title = {The Development of a Partial Design Recovery Environment for Legacy Systems},
 booktitle = {Proceedings of the 1993 Conference of the Centre for Advanced Studies on Collaborative Research: Software Engineering - Volume 1},
 series = {CASCON '93},
 year = {1993},
 location = {Toronto, Ontario, Canada},
 pages = {206--216},
 numpages = {11},
 url = {http://dl.acm.org/citation.cfm?id=962289.962308},
 acmid = {962308},
 publisher = {IBM Press},
}

@inproceedings{Corbett:2000:IIC:332040.332412,
 author = {Corbett, Albert and Trask, Holly},
 title = {Instructional Interventions in Computer-based Tutoring: Differential Impact on Learning Time and Accuracy},
 booktitle = {Proceedings of the SIGCHI Conference on Human Factors in Computing Systems},
 series = {CHI '00},
 year = {2000},
 isbn = {1-58113-216-6},
 location = {The Hague, The Netherlands},
 pages = {97--104},
 numpages = {8},
 url = {http://doi.acm.org/10.1145/332040.332412},
 doi = {10.1145/332040.332412},
 acmid = {332412},
 publisher = {ACM},
 address = {New York, NY, USA},
 keywords = {animation, instructional interface design, intelligent tutoring systems, plan scaffolding, student modeling},
}

@inproceedings{Berkowitz:1981:SET:800175.809863,
 author = {Berkowitz, Murray R. and Davis, Gordon and Orr, Kenneth T. and Senn, James A. and Ward, Darrell},
 title = {Software Engineering Tutorial},
 booktitle = {Proceedings of the ACM '81 Conference},
 series = {ACM '81},
 year = {1981},
 isbn = {0-89791-049-4},
 pages = {169--173},
 numpages = {5},
 url = {http://doi.acm.org/10.1145/800175.809863},
 doi = {10.1145/800175.809863},
 acmid = {809863},
 publisher = {ACM},
 address = {New York, NY, USA},
}

@article{Lorton:1973:CIS:963553.963560,
 author = {Lorton, Paul},
 title = {Computer-based Instruction in Spelling: An Investigation of Optimal Strategies for Presenting Instructional Material},
 journal = {SIGCUE Outlook},
 issue_date = {July 1973},
 volume = {7},
 number = {3},
 month = jul,
 year = {1973},
 issn = {0163-5735},
 pages = {40--40},
 numpages = {1},
 url = {http://doi.acm.org/10.1145/963553.963560},
 doi = {10.1145/963553.963560},
 acmid = {963560},
 publisher = {ACM},
 address = {New York, NY, USA},
}

@article{Byckling:2006:RVP:1124706.1121470,
 author = {Byckling, Pauli and Sajaniemi, Jorma},
 title = {Roles of Variables and Programming Skills Improvement},
 journal = {SIGCSE Bull.},
 issue_date = {March 2006},
 volume = {38},
 number = {1},
 month = mar,
 year = {2006},
 issn = {0097-8418},
 pages = {413--417},
 numpages = {5},
 url = {http://doi.acm.org/10.1145/1124706.1121470},
 doi = {10.1145/1124706.1121470},
 acmid = {1121470},
 publisher = {ACM},
 address = {New York, NY, USA},
 keywords = {computer science education, roles of variables},
}

@inproceedings{Byckling:2006:RVP:1121341.1121470,
 author = {Byckling, Pauli and Sajaniemi, Jorma},
 title = {Roles of Variables and Programming Skills Improvement},
 booktitle = {Proceedings of the 37th SIGCSE Technical Symposium on Computer Science Education},
 series = {SIGCSE '06},
 year = {2006},
 isbn = {1-59593-259-3},
 location = {Houston, Texas, USA},
 pages = {413--417},
 numpages = {5},
 url = {http://doi.acm.org/10.1145/1121341.1121470},
 doi = {10.1145/1121341.1121470},
 acmid = {1121470},
 publisher = {ACM},
 address = {New York, NY, USA},
 keywords = {computer science education, roles of variables},
}

@inproceedings{Pinto:1988:PRK:57167.57210,
 author = {Pinto, J. and Soloway, E.},
 title = {Providing the Requisite Knowledge via Software Documentation},
 booktitle = {Proceedings of the SIGCHI Conference on Human Factors in Computing Systems},
 series = {CHI '88},
 year = {1988},
 isbn = {0-201-14237-6},
 location = {Washington, D.C., USA},
 pages = {257--261},
 numpages = {5},
 url = {http://doi.acm.org/10.1145/57167.57210},
 doi = {10.1145/57167.57210},
 acmid = {57210},
 publisher = {ACM},
 address = {New York, NY, USA},
}

@inproceedings{Kumar:2014:DGP:2656450.2656453,
 author = {Kumar, Sathish Alampalayam},
 title = {Designing a Graduate Program in Information Security and Analytics: Masters Program in Information Security and Analytics (MISA)},
 booktitle = {Proceedings of the 15th Annual Conference on Information Technology Education},
 series = {SIGITE '14},
 year = {2014},
 isbn = {978-1-4503-2686-5},
 location = {Atlanta, Georgia, USA},
 pages = {141--146},
 numpages = {6},
 url = {http://doi.acm.org/10.1145/2656450.2656453},
 doi = {10.1145/2656450.2656453},
 acmid = {2656453},
 publisher = {ACM},
 address = {New York, NY, USA},
 keywords = {analytics, cybersecurity, information technology education},
}

@article{Lee:2005:IRM:1063723.1063728,
 author = {Lee, Newton},
 note = {Interviewee-Mandler, Rick},
 title = {Interview with Rick Mandler},
 journal = {Comput. Entertain.},
 issue_date = {April 2005},
 volume = {3},
 number = {2},
 month = apr,
 year = {2005},
 issn = {1544-3574},
 pages = {2--2},
 numpages = {1},
 url = {http://doi.acm.org/10.1145/1063723.1063728},
 doi = {10.1145/1063723.1063728},
 acmid = {1063728},
 publisher = {ACM},
 address = {New York, NY, USA},
}

@inproceedings{Johnson:1984:PKP:800054.801994,
 author = {Johnson, W. Lewis and Soloway, Elliot},
 title = {PROUST: Knowledge-based Program Understanding},
 booktitle = {Proceedings of the 7th International Conference on Software Engineering},
 series = {ICSE '84},
 year = {1984},
 isbn = {0-8186-0528-6},
 location = {Orlando, Florida, USA},
 pages = {369--380},
 numpages = {12},
 url = {http://dl.acm.org/citation.cfm?id=800054.801994},
 acmid = {801994},
 publisher = {IEEE Press},
 address = {Piscataway, NJ, USA},
}

@article{Borning:1987:GDN:28189.1044814,
 author = {Borning, Alan and Borning, Alan},
 title = {Graphically Defining New Building Blocks in Thinglab},
 journal = {SIGCHI Bull.},
 issue_date = {July 1987},
 volume = {19},
 number = {1},
 month = jul,
 year = {1987},
 issn = {0736-6906},
 pages = {75--},
 url = {http://dl.acm.org/citation.cfm?id=28189.1044814},
 acmid = {1044814},
 publisher = {ACM},
 address = {New York, NY, USA},
}

@inproceedings{Jahnke:1998:SID:857205.858301,
 author = {Jahnke, J. H. and Zuendorf, A.},
 title = {Specification and Implementation of a Distributed Planning and Information System for Courses Based on Story Driven Modeling},
 booktitle = {Proceedings of the 9th International Workshop on Software Specification and Design},
 series = {IWSSD '98},
 year = {1998},
 isbn = {0-8186-8439-9},
 pages = {77--},
 url = {http://dl.acm.org/citation.cfm?id=857205.858301},
 acmid = {858301},
 publisher = {IEEE Computer Society},
 address = {Washington, DC, USA},
 keywords = {Object-Oriented Analysis, Object-Oriented Design, Unified Modelling Language, Software Development Methods, Software Specification Languages, Graph Grammars},
}

@inproceedings{Goda:2012:DMP:2380552.2380557,
 author = {Goda, Bryan S. and Friedman, Robert},
 title = {Designing a Masters Program in Cybersecurity and Leadership},
 booktitle = {Proceedings of the 13th Annual Conference on Information Technology Education},
 series = {SIGITE '12},
 year = {2012},
 isbn = {978-1-4503-1464-0},
 location = {Calgary, Alberta, Canada},
 pages = {9--12},
 numpages = {4},
 url = {http://doi.acm.org/10.1145/2380552.2380557},
 doi = {10.1145/2380552.2380557},
 acmid = {2380557},
 publisher = {ACM},
 address = {New York, NY, USA},
 keywords = {cybersecurity, information technology education},
}

@inproceedings{McGee:2019:ECE:3287324.3287415,
 author = {McGee, Steven and Greenberg, Ronald I. and McGee-Tekula, Randi and Duck, Jennifer and Rasmussen, Andrew M. and Dettori, Lucia and Reed, Dale F.},
 title = {An Examination of the Correlation of Exploring Computer Science Course Performance and the Development of Programming Expertise},
 booktitle = {Proceedings of the 50th ACM Technical Symposium on Computer Science Education},
 series = {SIGCSE '19},
 year = {2019},
 isbn = {978-1-4503-5890-3},
 location = {Minneapolis, MN, USA},
 pages = {1067--1073},
 numpages = {7},
 url = {http://doi.acm.org/10.1145/3287324.3287415},
 doi = {10.1145/3287324.3287415},
 acmid = {3287415},
 publisher = {ACM},
 address = {New York, NY, USA},
 keywords = {computer programming skills, exploring computer science, high school computer science},
}

@inproceedings{Berkowitz:1982:SES:800174.809776,
 author = {Berkowitz, Murray R.},
 title = {Software Engineering Session Overview and Introductory Comments},
 booktitle = {Proceedings of the ACM '82 Conference},
 series = {ACM '82},
 year = {1982},
 isbn = {0-89791-085-0},
 pages = {125--},
 url = {http://doi.acm.org/10.1145/800174.809776},
 doi = {10.1145/800174.809776},
 acmid = {809776},
 publisher = {ACM},
 address = {New York, NY, USA},
}

@inproceedings{Gill:2002:WKM:1658616.1658746,
 author = {Gill, Zann},
 title = {Webtanks for Knowledge Management: Web-based Collaborative Learning Environment},
 booktitle = {Proceedings of the Conference on Computer Support for Collaborative Learning: Foundations for a CSCL Community},
 series = {CSCL '02},
 year = {2002},
 location = {Boulder, Colorado},
 pages = {609--610},
 numpages = {2},
 url = {http://dl.acm.org/citation.cfm?id=1658616.1658746},
 acmid = {1658746},
 publisher = {International Society of the Learning Sciences},
 keywords = {collaborative learning, computer-supported, intranet, web-enabled},
}

@inproceedings{Duran:2018:TAP:3230977.3230986,
 author = {Duran, Rodrigo and Sorva, Juha and Leite, Sofia},
 title = {Towards an Analysis of Program Complexity From a Cognitive Perspective},
 booktitle = {Proceedings of the 2018 ACM Conference on International Computing Education Research},
 series = {ICER '18},
 year = {2018},
 isbn = {978-1-4503-5628-2},
 location = {Espoo, Finland},
 pages = {21--30},
 numpages = {10},
 url = {http://doi.acm.org/10.1145/3230977.3230986},
 doi = {10.1145/3230977.3230986},
 acmid = {3230986},
 publisher = {ACM},
 address = {New York, NY, USA},
 keywords = {cognitive load theory, complexity, model of hierarchical complexity, plan-composition strategies, program cognitive complexity},
}

@inproceedings{Aschermann:2018:LHS:3237383.3237980,
 author = {Aschermann, Malte and Dennisen, Sophie and Kraus, Philipp and M\"{u}ller, J\"{o}rg P.},
 title = {LightJason, a Highly Scalable and Concurrent Agent Framework: Overview and Application},
 booktitle = {Proceedings of the 17th International Conference on Autonomous Agents and MultiAgent Systems},
 series = {AAMAS '18},
 year = {2018},
 location = {Stockholm, Sweden},
 pages = {1794--1796},
 numpages = {3},
 url = {http://dl.acm.org/citation.cfm?id=3237383.3237980},
 acmid = {3237980},
 publisher = {International Foundation for Autonomous Agents and Multiagent Systems},
 address = {Richland, SC},
 keywords = {agent platform, agent-oriented programming and simulation, bdi modeling, scalability, traffic simulation},
}

@inproceedings{Soloway:1982:KTB:800174.809784,
 author = {Soloway, Elliot},
 title = {Kill Two Birds with One Stone: Teach Procedural Query Languages},
 booktitle = {Proceedings of the ACM '82 Conference},
 series = {ACM '82},
 year = {1982},
 isbn = {0-89791-085-0},
 pages = {158--},
 url = {http://doi.acm.org/10.1145/800174.809784},
 doi = {10.1145/800174.809784},
 acmid = {809784},
 publisher = {ACM},
 address = {New York, NY, USA},
}

@article{Sleeman:1986:CTC:6592.214913,
 author = {Sleeman, Derek},
 title = {The Challenges of Teaching Computer Programming},
 journal = {Commun. ACM},
 issue_date = {Sept. 1986},
 volume = {29},
 number = {9},
 month = sep,
 year = {1986},
 issn = {0001-0782},
 pages = {840--841},
 numpages = {2},
 url = {http://doi.acm.org/10.1145/6592.214913},
 doi = {10.1145/6592.214913},
 acmid = {214913},
 publisher = {ACM},
 address = {New York, NY, USA},
}

@inproceedings{Estrin:1987:UBR:41526.41533,
 author = {Estrin, T.},
 title = {The UCLA Brain Research Institute Data Processing Laboratory},
 booktitle = {Proceedings of ACM Conference on History of Medical Informatics},
 series = {HMI '87},
 year = {1987},
 isbn = {0-89791-248-9},
 location = {Bethesda, Maryland, USA},
 pages = {75--83},
 numpages = {9},
 url = {http://doi.acm.org/10.1145/41526.41533},
 doi = {10.1145/41526.41533},
 acmid = {41533},
 publisher = {ACM},
 address = {New York, NY, USA},
}

