@inproceedings{Zunjarwad:2009:HGD:1690388.1690466,
 author = {Zunjarwad, Renu M. and Takamura, John H.},
 title = {Handheld Gaming Devices for Baby Boomers},
 booktitle = {Proceedings of the International Conference on Advances in Computer Enterntainment Technology},
 series = {ACE '09},
 year = {2009},
 isbn = {978-1-60558-864-3},
 location = {Athens, Greece},
 pages = {383--386},
 numpages = {4},
 url = {http://doi.acm.org/10.1145/1690388.1690466},
 doi = {10.1145/1690388.1690466},
 acmid = {1690466},
 publisher = {ACM},
 address = {New York, NY, USA},
 keywords = {experience design, gaming culture, handheld games and baby boomers},
}

@article{Molina:2014:DRP:2584479.2584482,
 author = {Molina, Emilio and Barbancho, Ana M. and Tardon, Lorenzo J. and Barbancho, Isabel},
 title = {Dissonance Reduction In Polyphonic Audio Using Harmonic Reorganization},
 journal = {IEEE/ACM Trans. Audio, Speech and Lang. Proc.},
 issue_date = {February 2014},
 volume = {22},
 number = {2},
 month = feb,
 year = {2014},
 issn = {2329-9290},
 pages = {325--334},
 numpages = {10},
 url = {http://dx.doi.org/10.1109/TASLP.2013.2287056},
 doi = {10.1109/TASLP.2013.2287056},
 acmid = {2584482},
 publisher = {IEEE Press},
 address = {Piscataway, NJ, USA},
}

@inproceedings{Kim:2011:EIP:2347504.2347535,
 author = {Kim, Hyewon},
 title = {Enactment of Inter-subjectivity in Phenomenological Bodily Interaction: A Conceptual Framework},
 booktitle = {Proceedings of the 2011 Conference on Designing Pleasurable Products and Interfaces},
 series = {DPPI '11},
 year = {2011},
 isbn = {978-1-4503-1280-6},
 location = {Milano, Italy},
 pages = {28:1--28:8},
 articleno = {28},
 numpages = {8},
 url = {http://doi.acm.org/10.1145/2347504.2347535},
 doi = {10.1145/2347504.2347535},
 acmid = {2347535},
 publisher = {ACM},
 address = {New York, NY, USA},
 keywords = {bodily interaction, conceptual framework, digital artifact, methodology, phenomenology},
}

