@inproceedings{Abdullah:2011:CPA:2068783.2068784,
 author = {Abdullah, Nik Nailah Binti and Honiden, Shinichi and Sharp, Helen and Nuseibeh, Bashar and Notkin, David},
 title = {Communication Patterns of Agile Requirements Engineering},
 booktitle = {Proceedings of the 1st Workshop on Agile Requirements Engineering},
 series = {AREW '11},
 year = {2011},
 isbn = {978-1-4503-0890-8},
 location = {Lancaster, United Kingdom},
 pages = {1:1--1:4},
 articleno = {1},
 numpages = {4},
 url = {http://doi.acm.org/10.1145/2068783.2068784},
 doi = {10.1145/2068783.2068784},
 acmid = {2068784},
 publisher = {ACM},
 address = {New York, NY, USA},
 keywords = {collaboration, communication, situated cognition},
}

@inproceedings{Johri:2018:FPS:3233391.3233541,
 author = {Johri, Aditya},
 title = {How FLOSS Participation Supports Lifelong Learning and Working: Apprenticeship Across Time and Spatialities},
 booktitle = {Proceedings of the 14th International Symposium on Open Collaboration},
 series = {OpenSym '18},
 year = {2018},
 isbn = {978-1-4503-5936-8},
 location = {Paris, France},
 pages = {17:1--17:8},
 articleno = {17},
 numpages = {8},
 url = {http://doi.acm.org/10.1145/3233391.3233541},
 doi = {10.1145/3233391.3233541},
 acmid = {3233541},
 publisher = {ACM},
 address = {New York, NY, USA},
 keywords = {FLOSS, learning across scales, situated cognition},
}

@inproceedings{Singh:2019:USA:3304221.3319767,
 author = {Singh, Shaveen and Meyer, Bernd},
 title = {Using Social Annotations to Augment the Learning Space and Learner Experience},
 booktitle = {Proceedings of the 2019 ACM Conference on Innovation and Technology in Computer Science Education},
 series = {ITiCSE '19},
 year = {2019},
 isbn = {978-1-4503-6301-3},
 location = {Aberdeen, Scotland Uk},
 pages = {527--533},
 numpages = {7},
 url = {http://doi.acm.org/10.1145/3304221.3319767},
 doi = {10.1145/3304221.3319767},
 acmid = {3319767},
 publisher = {ACM},
 address = {New York, NY, USA},
 keywords = {annotations, digital education, engagement, situated cognition},
}

@inproceedings{Kelly:2011:IDP:2069618.2069693,
 author = {Kelly, Nick and Gero, John S.},
 title = {Interpretation As Driver for Psychological Creativity},
 booktitle = {Proceedings of the 8th ACM Conference on Creativity and Cognition},
 series = {C\&\#38;C '11},
 year = {2011},
 isbn = {978-1-4503-0820-5},
 location = {Atlanta, Georgia, USA},
 pages = {355--356},
 numpages = {2},
 url = {http://doi.acm.org/10.1145/2069618.2069693},
 doi = {10.1145/2069618.2069693},
 acmid = {2069693},
 publisher = {ACM},
 address = {New York, NY, USA},
 keywords = {P-creativity, interpretation, situated cognition, situated design},
}

@inproceedings{Bonnardel:2012:TSC:2448136.2448140,
 author = {Bonnardel, Nathalie and Moscardini, Laurence},
 title = {Toward a Situated Cognition Approach to Design: Effect of Emotional Context on Designers' Ideas},
 booktitle = {Proceedings of the 30th European Conference on Cognitive Ergonomics},
 series = {ECCE '12},
 year = {2012},
 isbn = {978-1-4503-1786-3},
 location = {Edinburgh, United Kingdom},
 pages = {15--21},
 numpages = {7},
 url = {http://doi.acm.org/10.1145/2448136.2448140},
 doi = {10.1145/2448136.2448140},
 acmid = {2448140},
 publisher = {ACM},
 address = {New York, NY, USA},
 keywords = {creativity, design, emotion, grounded cognition, situated cognition},
}

@inproceedings{Rieman:1993:DSW:169059.169255,
 author = {Rieman, John},
 title = {The Diary Study: A Workplace-oriented Research Tool to Guide Laboratory Efforts},
 booktitle = {Proceedings of the INTERACT '93 and CHI '93 Conference on Human Factors in Computing Systems},
 series = {CHI '93},
 year = {1993},
 isbn = {0-89791-575-5},
 location = {Amsterdam, The Netherlands},
 pages = {321--326},
 numpages = {6},
 url = {http://doi.acm.org/10.1145/169059.169255},
 doi = {10.1145/169059.169255},
 acmid = {169255},
 publisher = {ACM},
 address = {New York, NY, USA},
 keywords = {diary studies, exploratory learning, methodologies, participatory design, situated cognition},
}

@inproceedings{Cutts:2012:ATT:2361276.2361290,
 author = {Cutts, Quintin and Esper, Sarah and Fecho, Marlena and Foster, Stephen R. and Simon, Beth},
 title = {The Abstraction Transition Taxonomy: Developing Desired Learning Outcomes Through the Lens of Situated Cognition},
 booktitle = {Proceedings of the Ninth Annual International Conference on International Computing Education Research},
 series = {ICER '12},
 year = {2012},
 isbn = {978-1-4503-1604-0},
 location = {Auckland, New Zealand},
 pages = {63--70},
 numpages = {8},
 url = {http://doi.acm.org/10.1145/2361276.2361290},
 doi = {10.1145/2361276.2361290},
 acmid = {2361290},
 publisher = {ACM},
 address = {New York, NY, USA},
 keywords = {cognitive apprenticeship, cs0, cs1, cs2, deliberate practice, situated cognition, taxonomy},
}

@inproceedings{Hindriks:2008:CHS:1609170.1609176,
 author = {Hindriks, Koen V. and Jonker, Catholijn M.},
 title = {Creating Human-machine Synergy in Negotiation Support Systems: Towards the Pocket Negotiator},
 booktitle = {Proceedings of the 1st International Working Conference on Human Factors and Computational Models in Negotiation},
 series = {HuCom '08},
 year = {2009},
 isbn = {978-90-813811-1-6},
 location = {Delft, The Netherlands},
 pages = {47--54},
 numpages = {8},
 url = {http://doi.acm.org/10.1145/1609170.1609176},
 doi = {10.1145/1609170.1609176},
 acmid = {1609176},
 publisher = {ACM},
 address = {New York, NY, USA},
 keywords = {artificial intelligence, human computer interaction, negotiation, situated cognitive engineering},
}

@inproceedings{Garcia:2018:WLE:3173574.3173830,
 author = {Garcia, Brittany and Chu, Sharon Lynn and Nam, Beth and Banigan, Colin},
 title = {Wearables for Learning: Examining the Smartwatch As a Tool for Situated Science Reflection},
 booktitle = {Proceedings of the 2018 CHI Conference on Human Factors in Computing Systems},
 series = {CHI '18},
 year = {2018},
 isbn = {978-1-4503-5620-6},
 location = {Montreal QC, Canada},
 pages = {256:1--256:13},
 articleno = {256},
 numpages = {13},
 url = {http://doi.acm.org/10.1145/3173574.3173830},
 doi = {10.1145/3173574.3173830},
 acmid = {3173830},
 publisher = {ACM},
 address = {New York, NY, USA},
 keywords = {children, education, everyday cognition, science learning, situated cognition, smartwatch, wearables},
}

@inproceedings{vanDijk:2011:TCS:2069618.2069634,
 author = {van Dijk, Jelle and Vos, Gerrit Willem},
 title = {Traces in Creative Spaces},
 booktitle = {Proceedings of the 8th ACM Conference on Creativity and Cognition},
 series = {C\&\#38;C '11},
 year = {2011},
 isbn = {978-1-4503-0820-5},
 location = {Atlanta, Georgia, USA},
 pages = {91--94},
 numpages = {4},
 url = {http://doi.acm.org/10.1145/2069618.2069634},
 doi = {10.1145/2069618.2069634},
 acmid = {2069634},
 publisher = {ACM},
 address = {New York, NY, USA},
 keywords = {creativity, embodied, interaction, movement, shared understanding, situated cognition, traces},
}

@inproceedings{Lin:2019:SPS:3287324.3293712,
 author = {Lin, Kevin and DeLiema, David},
 title = {Subgoals, Problem Solving Phases, and Sources of Knowledge},
 booktitle = {Proceedings of the 50th ACM Technical Symposium on Computer Science Education},
 series = {SIGCSE '19},
 year = {2019},
 isbn = {978-1-4503-5890-3},
 location = {Minneapolis, MN, USA},
 pages = {1292--1292},
 numpages = {1},
 url = {http://doi.acm.org/10.1145/3287324.3293712},
 doi = {10.1145/3287324.3293712},
 acmid = {3293712},
 publisher = {ACM},
 address = {New York, NY, USA},
 keywords = {abstraction, computational thinking, debugging, education, problem solving, situated cognition},
}

@inproceedings{Craig:2012:SCA:2448136.2448172,
 author = {Craig, Paul and Roa-Seiler, N{\'e}na and Lepl\^{a}tre, Gr{\'e}gory},
 title = {A Situated Cognition Aware Approach to the Design of Information Retrieval Systems for Geospatial Data},
 booktitle = {Proceedings of the 30th European Conference on Cognitive Ergonomics},
 series = {ECCE '12},
 year = {2012},
 isbn = {978-1-4503-1786-3},
 location = {Edinburgh, United Kingdom},
 pages = {168--172},
 numpages = {5},
 url = {http://doi.acm.org/10.1145/2448136.2448172},
 doi = {10.1145/2448136.2448172},
 acmid = {2448172},
 publisher = {ACM},
 address = {New York, NY, USA},
 keywords = {geo-visualisation, information retrieval, information visualization, situated cognition},
}

@inproceedings{Lueg:1998:SSA:274644.274708,
 author = {Lueg, Christopher},
 title = {Supporting Situated Actions in High Volume Conversational Data Situations},
 booktitle = {Proceedings of the SIGCHI Conference on Human Factors in Computing Systems},
 series = {CHI '98},
 year = {1998},
 isbn = {0-201-30987-4},
 location = {Los Angeles, California, USA},
 pages = {472--479},
 numpages = {8},
 url = {http://dx.doi.org/10.1145/274644.274708},
 doi = {10.1145/274644.274708},
 acmid = {274708},
 publisher = {ACM Press/Addison-Wesley Publishing Co.},
 address = {New York, NY, USA},
 keywords = {Usenet news, information filtering, situated actions, situated cognition},
}

@inproceedings{deGreef:2013:SEE:2501907.2501935,
 author = {de Greef, Tjerk and Mohabir, Arvind and van der Poel, Ibo and Neerincx, Mark},
 title = {sCEthics: Embedding Ethical Values in Cognitive Engineering},
 booktitle = {Proceedings of the 31st European Conference on Cognitive Ergonomics},
 series = {ECCE '13},
 year = {2013},
 isbn = {978-1-4503-2251-5},
 location = {Toulouse, France},
 pages = {4:1--4:8},
 articleno = {4},
 numpages = {8},
 url = {http://doi.acm.org/10.1145/2501907.2501935},
 doi = {10.1145/2501907.2501935},
 acmid = {2501935},
 publisher = {ACM},
 address = {New York, NY, USA},
 keywords = {ethical values, situated cognitive engineering, value-sensitive design},
}

@article{Neerincx:2011:SCE:2003819.2003853,
 author = {Neerincx, Mark A.},
 title = {Situated Cognitive Engineering for Crew Support in Space},
 journal = {Personal Ubiquitous Comput.},
 issue_date = {June      2011},
 volume = {15},
 number = {5},
 month = jun,
 year = {2011},
 issn = {1617-4909},
 pages = {445--456},
 numpages = {12},
 url = {http://dx.doi.org/10.1007/s00779-010-0319-3},
 doi = {10.1007/s00779-010-0319-3},
 acmid = {2003853},
 publisher = {Springer-Verlag},
 address = {London, UK, UK},
 keywords = {Cognitive engineering, Crew support, Electronic partner, Human---machine collaboration, Space missions, Usability},
}

@inproceedings{Gero:2002:CMC:581710.581712,
 author = {Gero, John S},
 title = {Computational Models of Creative Designing Based on Situated Cognition},
 booktitle = {Proceedings of the 4th Conference on Creativity \& Cognition},
 series = {C\&\#38;C '02},
 year = {2002},
 isbn = {1-58113-465-7},
 location = {Loughborough, UK},
 pages = {3--10},
 numpages = {8},
 url = {http://doi.acm.org/10.1145/581710.581712},
 doi = {10.1145/581710.581712},
 acmid = {581712},
 publisher = {ACM},
 address = {New York, NY, USA},
 keywords = {artificial intelligence, cognitive simulation, computer-aided design, creativity, intelligent agents, multiagent systems},
}

@inproceedings{Rogerson:2018:CCM:3173574.3173767,
 author = {Rogerson, Melissa J. and Gibbs, Martin R. and Smith, Wally},
 title = {Cooperating to Compete: The Mutuality of Cooperation and Competition in Boardgame Play},
 booktitle = {Proceedings of the 2018 CHI Conference on Human Factors in Computing Systems},
 series = {CHI '18},
 year = {2018},
 isbn = {978-1-4503-5620-6},
 location = {Montreal QC, Canada},
 pages = {193:1--193:13},
 articleno = {193},
 numpages = {13},
 url = {http://doi.acm.org/10.1145/3173574.3173767},
 doi = {10.1145/3173574.3173767},
 acmid = {3173767},
 publisher = {ACM},
 address = {New York, NY, USA},
 keywords = {articulation work, boardgames, competition, cooperation, cscw, distributed cognition, games, human-computer interaction, play, players, situated cognition},
}

@inproceedings{Abdullah:2005:ICP:1082473.1082789,
 author = {Abdullah, Nik Nailah Binti},
 title = {The Induction of Communication Protocols},
 booktitle = {Proceedings of the Fourth International Joint Conference on Autonomous Agents and Multiagent Systems},
 series = {AAMAS '05},
 year = {2005},
 isbn = {1-59593-093-0},
 location = {The Netherlands},
 pages = {1381--1381},
 numpages = {1},
 url = {http://doi.acm.org/10.1145/1082473.1082789},
 doi = {10.1145/1082473.1082789},
 acmid = {1082789},
 publisher = {ACM},
 address = {New York, NY, USA},
 keywords = {FIPA-ACL, activity theory, agent communication, human learning and communication, situated cognition},
}

@inproceedings{Dijk:2011:NTS:2069618.2069646,
 author = {Dijk, Jelle van and Roest, Jirka van der and Lugt, Remko van der and Overbeeke, Kees C.J.},
 title = {NOOT: A Tool for Sharing Moments of Reflection During Creative Meetings},
 booktitle = {Proceedings of the 8th ACM Conference on Creativity and Cognition},
 series = {C\&\#38;C '11},
 year = {2011},
 isbn = {978-1-4503-0820-5},
 location = {Atlanta, Georgia, USA},
 pages = {157--164},
 numpages = {8},
 url = {http://doi.acm.org/10.1145/2069618.2069646},
 doi = {10.1145/2069618.2069646},
 acmid = {2069646},
 publisher = {ACM},
 address = {New York, NY, USA},
 keywords = {audio, creativity, design, embodied situated cognition, interactive systems, reflection, sense-making, tangible},
}

@inproceedings{Harman:2016:RID:3010915.3010945,
 author = {Harman, Joel and Brown, Ross and Johnson, Daniel},
 title = {The Role of Immersion During Situated Memory Recall Within Virtual Worlds},
 booktitle = {Proceedings of the 28th Australian Conference on Computer-Human Interaction},
 series = {OzCHI '16},
 year = {2016},
 isbn = {978-1-4503-4618-4},
 location = {Launceston, Tasmania, Australia},
 pages = {1--10},
 numpages = {10},
 url = {http://doi.acm.org/10.1145/3010915.3010945},
 doi = {10.1145/3010915.3010945},
 acmid = {3010945},
 publisher = {ACM},
 address = {New York, NY, USA},
 keywords = {3D virtual worlds, human-computer interaction, knowledge elicitation, situated cognition, virtual reality},
}

@inproceedings{Abrahamson:2006:WSS:1150034.1150226,
 author = {Abrahamson, Dor and diSessa, Andrea A. and Blikstein, Paulo and Wilensky, Uri and Uttal, David H. and Amaya, Meredith M. and Marulis, Loren M. and Collins, Allan M.},
 title = {What's a Situation in Situated Cognition?: A Constructionist Critique of Authentic Inquiry},
 booktitle = {Proceedings of the 7th International Conference on Learning Sciences},
 series = {ICLS '06},
 year = {2006},
 isbn = {0-8058-6174-2},
 location = {Bloomington, Indiana},
 pages = {1015--1021},
 numpages = {7},
 url = {http://dl.acm.org/citation.cfm?id=1150034.1150226},
 acmid = {1150226},
 publisher = {International Society of the Learning Sciences},
}

@inproceedings{Barsalou:2017:SCF:3136755.3137025,
 author = {Barsalou, Lawrence},
 title = {Situated Conceptualization: A Framework for Multimodal Interaction (Keynote)},
 booktitle = {Proceedings of the 19th ACM International Conference on Multimodal Interaction},
 series = {ICMI '17},
 year = {2017},
 isbn = {978-1-4503-5543-8},
 location = {Glasgow, UK},
 pages = {3--3},
 numpages = {1},
 url = {http://doi.acm.org/10.1145/3136755.3137025},
 doi = {10.1145/3136755.3137025},
 acmid = {3137025},
 publisher = {ACM},
 address = {New York, NY, USA},
 keywords = {Conceptual Processing, Embodied Cognition, Grounded Cognition, Multimodal Simulation, Pattern Completion Inference, Situated Cognition},
}

@inproceedings{Schouten:2014:CLS:2637248.2637282,
 author = {Schouten, Dylan G. M.},
 title = {Computer-Supported Learning of Societal Participation Skills by Low-Literates and Non-Natives},
 booktitle = {Proceedings of the 2014 European Conference on Cognitive Ergonomics},
 series = {ECCE '14},
 year = {2014},
 isbn = {978-1-4503-2874-6},
 location = {Vienna, Austria},
 pages = {34:1--34:2},
 articleno = {34},
 numpages = {2},
 url = {http://doi.acm.org/10.1145/2637248.2637282},
 doi = {10.1145/2637248.2637282},
 acmid = {2637282},
 publisher = {ACM},
 address = {New York, NY, USA},
 keywords = {Societal participation, computer support, learning support, low-literates, non-natives, situated Cognitive Engineering},
}

@inproceedings{Stubblefield:2007:SDE:1240866.1240911,
 author = {Stubblefield, William A. and Carson, Tania L.},
 title = {Software Design and Engineering As a Social Process},
 booktitle = {CHI '07 Extended Abstracts on Human Factors in Computing Systems},
 series = {CHI EA '07},
 year = {2007},
 isbn = {978-1-59593-642-4},
 location = {San Jose, CA, USA},
 pages = {1857--1862},
 numpages = {6},
 url = {http://doi.acm.org/10.1145/1240866.1240911},
 doi = {10.1145/1240866.1240911},
 acmid = {1240911},
 publisher = {ACM},
 address = {New York, NY, USA},
 keywords = {activity theory, agile methods, case study, distributed cognition, situated cognition, software process},
}

@article{Kirsh:2013:ECM:2442106.2442109,
 author = {Kirsh, David},
 title = {Embodied Cognition and the Magical Future of Interaction Design},
 journal = {ACM Trans. Comput.-Hum. Interact.},
 issue_date = {March 2013},
 volume = {20},
 number = {1},
 month = apr,
 year = {2013},
 issn = {1073-0516},
 pages = {3:1--3:30},
 articleno = {3},
 numpages = {30},
 url = {http://doi.acm.org/10.1145/2442106.2442109},
 doi = {10.1145/2442106.2442109},
 acmid = {2442109},
 publisher = {ACM},
 address = {New York, NY, USA},
 keywords = {Human-computer interaction, distributed cognition, embodied cognition, interaction design, mental simulation, physical computation, situated cognition, tangible interfaces},
}

@inproceedings{Hauer:2008:LTP:1379249.1379257,
 author = {Hauer, Amie and Daniels, Mats},
 title = {A Learning Theory Perspective on Running Open Ended Group Projects (OEGPs)},
 booktitle = {Proceedings of the Tenth Conference on Australasian Computing Education - Volume 78},
 series = {ACE '08},
 year = {2008},
 isbn = {978-1-920682-59-0},
 location = {Wollongong, NSW, Australia},
 pages = {85--91},
 numpages = {7},
 url = {http://dl.acm.org/citation.cfm?id=1379249.1379257},
 acmid = {1379257},
 publisher = {Australian Computer Society, Inc.},
 address = {Darlinghurst, Australia, Australia},
 keywords = {ill-structured problem solving, open ended problems, professional skills, real-world problems, situated cognition, theories of learning},
}

@inproceedings{Hautecouverture:2003:CAC:1063669.1063719,
 author = {Hautecouverture, Jean-Charles},
 title = {Coop{\'e}Era: Analysis of a Collaborative Platform Usage},
 booktitle = {Proceedings of the 15th Conference on L'Interaction Homme-Machine},
 series = {IHM '03},
 year = {2003},
 isbn = {1-58113-803-2},
 location = {Caen, France},
 pages = {287--290},
 numpages = {4},
 url = {http://doi.acm.org/10.1145/1063669.1063719},
 doi = {10.1145/1063669.1063719},
 acmid = {1063719},
 publisher = {ACM},
 address = {New York, NY, USA},
 keywords = {clinical approach of the activity, cognition and emotion, cultural psychology, distributed and situated cognition, human-machine interactions},
}

@inproceedings{Fischer:1994:SEG:191666.191770,
 author = {Fischer, Gerhard and McCall, Ray and Ostwald, Jonathan and Reeves, Brent and Shipman, Frank},
 title = {Seeding, Evolutionary Growth and Reseeding: Supporting the Incremental Development of Design Environments},
 booktitle = {Proceedings of the SIGCHI Conference on Human Factors in Computing Systems},
 series = {CHI '94},
 year = {1994},
 isbn = {0-89791-650-6},
 location = {Boston, Massachusetts, USA},
 pages = {292--298},
 numpages = {7},
 url = {http://doi.acm.org/10.1145/191666.191770},
 doi = {10.1145/191666.191770},
 acmid = {191770},
 publisher = {ACM},
 address = {New York, NY, USA},
 keywords = {annotation, collaborative design, design environments, domain-orientation, end-user modifiability, evolution of information spaces, incremental formalization, reseeding, seeds, situated cognition, tacit knowledge},
}

@inproceedings{vanDijk:2011:DCE:2069618.2069741,
 author = {van Dijk, Jelle and Frens, Joep},
 title = {Being There, Doing It: The Challenge of Embodied Cognition for Design},
 booktitle = {Proceedings of the 8th ACM Conference on Creativity and Cognition},
 series = {C\&\#38;C '11},
 year = {2011},
 isbn = {978-1-4503-0820-5},
 location = {Atlanta, Georgia, USA},
 pages = {443--444},
 numpages = {2},
 url = {http://doi.acm.org/10.1145/2069618.2069741},
 doi = {10.1145/2069618.2069741},
 acmid = {2069741},
 publisher = {ACM},
 address = {New York, NY, USA},
 keywords = {cardboard modeling, embodied cognition, interaction},
}

@inproceedings{vanOijen:2012:ACB:2343896.2343910,
 author = {van Oijen, Joost and Dignum, Frank},
 title = {Agent Communication for Believable Human-like Interactions Between Virtual Characters},
 booktitle = {Proceedings of the 11th International Conference on Autonomous Agents and Multiagent Systems - Volume 3},
 series = {AAMAS '12},
 year = {2012},
 isbn = {0-9817381-3-3, 978-0-9817381-3-0},
 location = {Valencia, Spain},
 pages = {1181--1182},
 numpages = {2},
 url = {http://dl.acm.org/citation.cfm?id=2343896.2343910},
 acmid = {2343910},
 publisher = {International Foundation for Autonomous Agents and Multiagent Systems},
 address = {Richland, SC},
 keywords = {agent communication, intelligent virtual agents},
}

@inproceedings{Whittemore:2013:BLP:2507065.2507097,
 author = {Whittemore, Stewart},
 title = {Browsing As a Learning Practice in the Information Management Work of Technical Communicators},
 booktitle = {Proceedings of the 31st ACM International Conference on Design of Communication},
 series = {SIGDOC '13},
 year = {2013},
 isbn = {978-1-4503-2131-0},
 location = {Greenville, North Carolina, USA},
 pages = {197--198},
 numpages = {2},
 url = {http://doi.acm.org/10.1145/2507065.2507097},
 doi = {10.1145/2507065.2507097},
 acmid = {2507097},
 publisher = {ACM},
 address = {New York, NY, USA},
 keywords = {file browsing, information management, searching, technical communication},
}

@inproceedings{Whittemore:2011:BLP:2038476.2038539,
 author = {Whittemore, Stewart},
 title = {Browsing As a Learning Practice in the Information Management Work of Technical Communicators},
 booktitle = {Proceedings of the 29th ACM International Conference on Design of Communication},
 series = {SIGDOC '11},
 year = {2011},
 isbn = {978-1-4503-0936-3},
 location = {Pisa, Italy},
 pages = {297--298},
 numpages = {2},
 url = {http://doi.acm.org/10.1145/2038476.2038539},
 doi = {10.1145/2038476.2038539},
 acmid = {2038539},
 publisher = {ACM},
 address = {New York, NY, USA},
 keywords = {file browsing, information management, searching, technical communication},
}

@article{DeClue:2009:TAC:1516595.1516620,
 author = {DeClue, Tim},
 title = {A Theory of Attrition in Computer Science Education Which Explores the Effect of Learning Theory, Gender, and Context},
 journal = {J. Comput. Sci. Coll.},
 issue_date = {May 2009},
 volume = {24},
 number = {5},
 month = may,
 year = {2009},
 issn = {1937-4771},
 pages = {115--121},
 numpages = {7},
 url = {http://dl.acm.org/citation.cfm?id=1516595.1516620},
 acmid = {1516620},
 publisher = {Consortium for Computing Sciences in Colleges},
 address = {USA},
}

@inproceedings{Ahner:2009:NWE:1995456.1995697,
 author = {Ahner, Darryl},
 title = {A Normalized Weighted Entropy Measure for Sensor Allocation Within Simulations},
 booktitle = {Winter Simulation Conference},
 series = {WSC '09},
 year = {2009},
 isbn = {978-1-4244-5771-7},
 location = {Austin, Texas},
 pages = {1753--1763},
 numpages = {11},
 url = {http://dl.acm.org/citation.cfm?id=1995456.1995697},
 acmid = {1995697},
 publisher = {Winter Simulation Conference},
}

@inproceedings{Magnusson:2006:ACS:1182475.1182532,
 author = {Magnusson, Thor},
 title = {Affordances and Constraints in Screen-based Musical Instruments},
 booktitle = {Proceedings of the 4th Nordic Conference on Human-computer Interaction: Changing Roles},
 series = {NordiCHI '06},
 year = {2006},
 isbn = {1-59593-325-5},
 location = {Oslo, Norway},
 pages = {441--444},
 numpages = {4},
 url = {http://doi.acm.org/10.1145/1182475.1182532},
 doi = {10.1145/1182475.1182532},
 acmid = {1182532},
 publisher = {ACM},
 address = {New York, NY, USA},
 keywords = {HCI, affordances, embodiment, mapping, screen-based musical instruments},
}

@inproceedings{Schreiber:2009:BGU:1613858.1613922,
 author = {Schreiber, Julia},
 title = {Bridging the Gap Between Useful and Aesthetic Maps in Car Navigation Systems},
 booktitle = {Proceedings of the 11th International Conference on Human-Computer Interaction with Mobile Devices and Services},
 series = {MobileHCI '09},
 year = {2009},
 isbn = {978-1-60558-281-8},
 location = {Bonn, Germany},
 pages = {51:1--51:4},
 articleno = {51},
 numpages = {4},
 url = {http://doi.acm.org/10.1145/1613858.1613922},
 doi = {10.1145/1613858.1613922},
 acmid = {1613922},
 publisher = {ACM},
 address = {New York, NY, USA},
 keywords = {aesthetics, automotive, cognitive load, digital map, map design, map function},
}

@article{Zacklad:2003:CAC:1027232.1027263,
 author = {Zacklad, Manuel},
 title = {Communities of Action: A Cognitive and Social Approach to the Design of CSCW Systems[21] (Abstract Only)},
 journal = {SIGGROUP Bull.},
 issue_date = {April 2003},
 volume = {24},
 number = {1},
 month = apr,
 year = {2003},
 issn = {2372-7403},
 pages = {12--12},
 numpages = {1},
 url = {http://doi.acm.org/10.1145/1027232.1027263},
 doi = {10.1145/1027232.1027263},
 acmid = {1027263},
 publisher = {ACM},
 address = {New York, NY, USA},
}

@inproceedings{BlansonHenkemans:2015:LPM:2826165.2826173,
 author = {Blanson Henkemans, Olivier A. and van Empelen, Pepijn and Paradies, Geerte L. and Looije, Rosemarijn and Neerincx, Mark A.},
 title = {Lost in Persuasion: A Multidisciplinary Approach for Developing Usable, Effective, and Reproducible Persuasive Technology for Health Promotion},
 booktitle = {Proceedings of the 9th International Conference on Pervasive Computing Technologies for Healthcare},
 series = {PervasiveHealth '15},
 year = {2015},
 isbn = {978-1-63190-045-7},
 location = {Istanbul, Turkey},
 pages = {49--56},
 numpages = {8},
 url = {http://dl.acm.org/citation.cfm?id=2826165.2826173},
 acmid = {2826173},
 publisher = {ICST (Institute for Computer Sciences, Social-Informatics and Telecommunications Engineering)},
 address = {ICST, Brussels, Belgium, Belgium},
 keywords = {behaviour change, evaluation, evidence-based intervention, system engineering, usability},
}

@inproceedings{Westera:2010:EUP:1962300.1962357,
 author = {Westera, Matthijs and Boschloo, Jimmy and van Diggelen, Jurriaan and Koelewijn, Laurens S. and Neerincx, Mark A. and Smets, Nanja J. J. M.},
 title = {Employing Use-cases for Piecewise Evaluation of Requirements and Claims},
 booktitle = {Proceedings of the 28th Annual European Conference on Cognitive Ergonomics},
 series = {ECCE '10},
 year = {2010},
 isbn = {978-1-60558-946-6},
 location = {Delft, Netherlands},
 pages = {279--286},
 numpages = {8},
 url = {http://doi.acm.org/10.1145/1962300.1962357},
 doi = {10.1145/1962300.1962357},
 acmid = {1962357},
 publisher = {ACM},
 address = {New York, NY, USA},
 keywords = {cognitive engineering, empirical requirements evaluation, piecewise evaluation, requirements clustering, use-case-based decomposition},
}

@inproceedings{Harmon:2008:CPB:1394445.1394458,
 author = {Harmon, Ellie and Nersessian, Nancy J.},
 title = {Cognitive Partnerships on the Bench Top: Designing to Support Scientific Researchers},
 booktitle = {Proceedings of the 7th ACM Conference on Designing Interactive Systems},
 series = {DIS '08},
 year = {2008},
 isbn = {978-1-60558-002-9},
 location = {Cape Town, South Africa},
 pages = {119--128},
 numpages = {10},
 url = {http://doi.acm.org/10.1145/1394445.1394458},
 doi = {10.1145/1394445.1394458},
 acmid = {1394458},
 publisher = {ACM},
 address = {New York, NY, USA},
 keywords = {appropriation, creativity, distributed cognition, ethnography, research laboratory, values},
}

@inproceedings{Cao:2011:EVW:2087756.2087857,
 author = {Cao, Ming-Liang and Li, Yi and Pan, Zhi-Geng},
 title = {Exploration of Virtual World for Functional Apparel Design Teaching},
 booktitle = {Proceedings of the 10th International Conference on Virtual Reality Continuum and Its Applications in Industry},
 series = {VRCAI '11},
 year = {2011},
 isbn = {978-1-4503-1060-4},
 location = {Hong Kong, China},
 pages = {527--532},
 numpages = {6},
 url = {http://doi.acm.org/10.1145/2087756.2087857},
 doi = {10.1145/2087756.2087857},
 acmid = {2087857},
 publisher = {ACM},
 address = {New York, NY, USA},
 keywords = {Second Life, functional apparel design, virtual world},
}

@inproceedings{Conlin:2010:FMI:1854360.1854396,
 author = {Conlin, Luke and Gupta, Ayush and Hammer, David},
 title = {Where to Find the Mind: Identifying the Scale of Cognitive Dynamics},
 booktitle = {Proceedings of the 9th International Conference of the Learning Sciences - Volume 1},
 series = {ICLS '10},
 year = {2010},
 location = {Chicago, Illinois},
 pages = {277--284},
 numpages = {8},
 url = {http://dl.acm.org/citation.cfm?id=1854360.1854396},
 acmid = {1854396},
 publisher = {International Society of the Learning Sciences},
}

@inproceedings{Zacklad:2003:CAC:958160.958190,
 author = {Zacklad, Manuel},
 title = {Communities of Action: A Cognitive and Social Approach to the Design of CSCW Systems},
 booktitle = {Proceedings of the 2003 International ACM SIGGROUP Conference on Supporting Group Work},
 series = {GROUP '03},
 year = {2003},
 isbn = {1-58113-693-5},
 location = {Sanibel Island, Florida, USA},
 pages = {190--197},
 numpages = {8},
 url = {http://doi.acm.org/10.1145/958160.958190},
 doi = {10.1145/958160.958190},
 acmid = {958190},
 publisher = {ACM},
 address = {New York, NY, USA},
 keywords = {co-operation, co-operation technologies, collective cognition, design, health network},
}

@inproceedings{Stanton:2007:NAC:1362550.1362552,
 author = {Stanton, Neville},
 title = {Network Analysis of Command and Control: Investigations into Psychological and Social Dimensions},
 booktitle = {Proceedings of the 14th European Conference on Cognitive Ergonomics: Invent! Explore!},
 series = {ECCE '07},
 year = {2007},
 isbn = {978-1-84799-849-1},
 location = {London, United Kingdom},
 pages = {3--4},
 numpages = {2},
 url = {http://doi.acm.org/10.1145/1362550.1362552},
 doi = {10.1145/1362550.1362552},
 acmid = {1362552},
 publisher = {ACM},
 address = {New York, NY, USA},
}

@inproceedings{Mioch:2014:IDP:2607023.2607037,
 author = {Mioch, Tina and Ledegang, Wietse and Paulissen, Rosie and Neerincx, Mark A. and van Diggelen, Jurriaan},
 title = {Interaction Design Patterns for Coherent and Re-usable Shape Specifications of Human-robot Collaboration},
 booktitle = {Proceedings of the 2014 ACM SIGCHI Symposium on Engineering Interactive Computing Systems},
 series = {EICS '14},
 year = {2014},
 isbn = {978-1-4503-2725-1},
 location = {Rome, Italy},
 pages = {75--83},
 numpages = {9},
 url = {http://doi.acm.org/10.1145/2607023.2607037},
 doi = {10.1145/2607023.2607037},
 acmid = {2607037},
 publisher = {ACM},
 address = {New York, NY, USA},
 keywords = {cognitive engineering, human-robot collaboration, interaction design patterns},
}

@inproceedings{Wang:2012:DES:2448136.2448184,
 author = {Wang, Wenxin and R\"{o}vekamp, Ton J. M. and Brinkman, Willem-Paul and Alpay, Laurence and van der Boog, Paul and Neerincx, Mark A.},
 title = {Designing and Evaluating a Self-management Support System for Renal Transplant Patients: The First Step},
 booktitle = {Proceedings of the 30th European Conference on Cognitive Ergonomics},
 series = {ECCE '12},
 year = {2012},
 isbn = {978-1-4503-1786-3},
 location = {Edinburgh, United Kingdom},
 pages = {D15--D19},
 url = {http://doi.acm.org/10.1145/2448136.2448184},
 doi = {10.1145/2448136.2448184},
 acmid = {2448184},
 publisher = {ACM},
 address = {New York, NY, USA},
 keywords = {ecoach, feedback, renal transplant patient, self-management support system, virtual coach},
}

@inproceedings{Long:2010:CST:1822348.1822364,
 author = {Long, Jeremy and Estey, Anthony and Bartle, David and Olsen, Sven and Gooch, Amy A.},
 title = {Catalyst: Seeing Through the Eyes of a Cat},
 booktitle = {Proceedings of the Fifth International Conference on the Foundations of Digital Games},
 series = {FDG '10},
 year = {2010},
 isbn = {978-1-60558-937-4},
 location = {Monterey, California},
 pages = {116--123},
 numpages = {8},
 url = {http://doi.acm.org/10.1145/1822348.1822364},
 doi = {10.1145/1822348.1822364},
 acmid = {1822364},
 publisher = {ACM},
 address = {New York, NY, USA},
 keywords = {digital game-based learning, simulation, visual systems},
}

@inproceedings{Smets:2010:CDO:1962300.1962340,
 author = {Smets, N. J. J. M. and Streefkerk, J. W. and Neerincx, M. A.},
 title = {Commanders Dashboard: Overview of Tactical Changes to Improve Situated Decision Making in the Field},
 booktitle = {Proceedings of the 28th Annual European Conference on Cognitive Ergonomics},
 series = {ECCE '10},
 year = {2010},
 isbn = {978-1-60558-946-6},
 location = {Delft, Netherlands},
 pages = {193--200},
 numpages = {8},
 url = {http://doi.acm.org/10.1145/1962300.1962340},
 doi = {10.1145/1962300.1962340},
 acmid = {1962340},
 publisher = {ACM},
 address = {New York, NY, USA},
 keywords = {decision support, military, mobile devices, multi-modal interaction},
}

@inproceedings{Laverman:2010:PCI:1962300.1962370,
 author = {Laverman, M. and Schonk, J. H. M. and van der Boog, P. J. M. and Neerincx, M. A.},
 title = {Personalized and Contextualized Information in Self-management Systems for Chronically Ill Patients (PERISCOPE)},
 booktitle = {Proceedings of the 28th Annual European Conference on Cognitive Ergonomics},
 series = {ECCE '10},
 year = {2010},
 isbn = {978-1-60558-946-6},
 location = {Delft, Netherlands},
 pages = {327--330},
 numpages = {4},
 url = {http://doi.acm.org/10.1145/1962300.1962370},
 doi = {10.1145/1962300.1962370},
 acmid = {1962370},
 publisher = {ACM},
 address = {New York, NY, USA},
 keywords = {conceptual framework, contextualization, guidelines, lifestyle changes, personalization, self-management systems},
}

@article{Clancey:1995:AIN:212094.212110,
 author = {Clancey, William J.},
 title = {AI: Inventing a New Kind of Machine},
 journal = {ACM Comput. Surv.},
 issue_date = {Sept. 1995},
 volume = {27},
 number = {3},
 month = sep,
 year = {1995},
 issn = {0360-0300},
 pages = {320--322},
 numpages = {3},
 url = {http://doi.acm.org/10.1145/212094.212110},
 doi = {10.1145/212094.212110},
 acmid = {212110},
 publisher = {ACM},
 address = {New York, NY, USA},
}

@inproceedings{Regazzoni:2010:EHI:1877868.1877870,
 author = {Regazzoni, Carlo S.},
 title = {Emphatic Human Interaction Analysis for Cognitive Environments},
 booktitle = {Proceedings of the First ACM International Workshop on Analysis and Retrieval of Tracked Events and Motion in Imagery Streams},
 series = {ARTEMIS '10},
 year = {2010},
 isbn = {978-1-4503-0163-3},
 location = {Firenze, Italy},
 pages = {1--2},
 numpages = {2},
 url = {http://doi.acm.org/10.1145/1877868.1877870},
 doi = {10.1145/1877868.1877870},
 acmid = {1877870},
 publisher = {ACM},
 address = {New York, NY, USA},
 keywords = {ambient intelligence, cognitive surveillance},
}

@proceedings{Edmonds:2002:581710,
 title = {C\&\#38;C '02: Proceedings of the 4th Conference on Creativity \& Cognition},
 year = {2002},
 isbn = {1-58113-465-7},
 location = {Loughborough, UK},
 note = {608028},
 publisher = {ACM},
 address = {New York, NY, USA},
}

