@inproceedings{Hundhausen:1998:TEA:286498.286526,
 author = {Hundhausen, Christopher D.},
 title = {Toward Effective Algorithm Visualization Artifacts: Designing for Participation and Negotiation in an Undergraduate Algorithms Course},
 booktitle = {CHI 98 Conference Summary on Human Factors in Computing Systems},
 series = {CHI '98},
 year = {1998},
 isbn = {1-58113-028-7},
 location = {Los Angeles, California, USA},
 pages = {54--55},
 numpages = {2},
 url = {http://doi.acm.org/10.1145/286498.286526},
 doi = {10.1145/286498.286526},
 acmid = {286526},
 publisher = {ACM},
 address = {New York, NY, USA},
 keywords = {algorithm visualization, situated action theory, situated learning theory},
}

@inproceedings{Heckman:2018:DSE:3159450.3159595,
 author = {Heckman, Sarah and King, Jason},
 title = {Developing Software Engineering Skills Using Real Tools for Automated Grading},
 booktitle = {Proceedings of the 49th ACM Technical Symposium on Computer Science Education},
 series = {SIGCSE '18},
 year = {2018},
 isbn = {978-1-4503-5103-4},
 location = {Baltimore, Maryland, USA},
 pages = {794--799},
 numpages = {6},
 url = {http://doi.acm.org/10.1145/3159450.3159595},
 doi = {10.1145/3159450.3159595},
 acmid = {3159595},
 publisher = {ACM},
 address = {New York, NY, USA},
 keywords = {automated grading, continuous integration, software engineering best practice, version control},
}

@inproceedings{Yamauchi:2009:PPD:1555619.1555637,
 author = {Yamauchi, Yutaka},
 title = {Power of Peripheral Designers: How Users Learn to Design},
 booktitle = {Proceedings of the 4th International Conference on Design Science Research in Information Systems and Technology},
 series = {DESRIST '09},
 year = {2009},
 isbn = {978-1-60558-408-9},
 location = {Philadelphia, Pennsylvania},
 pages = {13:1--13:12},
 articleno = {13},
 numpages = {12},
 url = {http://doi.acm.org/10.1145/1555619.1555637},
 doi = {10.1145/1555619.1555637},
 acmid = {1555637},
 publisher = {ACM},
 address = {New York, NY, USA},
 keywords = {design learning, design practices, design skills, periphery, situated learning, user participation},
}

@inproceedings{Karatsolis:2011:GCU:1999747.1999827,
 author = {Karatsolis, Andreas and Cervasato, Iliano and Harras, Khaled and Cooper, Yonina and Oflazer, Kemal and Abu-Ghazaleh, Nael and Sans, Thierry},
 title = {Getting CS Undergraduates to Communicate Effectively},
 booktitle = {Proceedings of the 16th Annual Joint Conference on Innovation and Technology in Computer Science Education},
 series = {ITiCSE '11},
 year = {2011},
 isbn = {978-1-4503-0697-3},
 location = {Darmstadt, Germany},
 pages = {283--287},
 numpages = {5},
 url = {http://doi.acm.org/10.1145/1999747.1999827},
 doi = {10.1145/1999747.1999827},
 acmid = {1999827},
 publisher = {ACM},
 address = {New York, NY, USA},
 keywords = {applied communication, curriculum alignment, situated learning},
}

@inproceedings{Parker:2016:SPS:2839509.2850544,
 author = {Parker, Rick},
 title = {Student Perceptions of Success in Computer Science Senior Capstone Projects (Abstract Only)},
 booktitle = {Proceedings of the 47th ACM Technical Symposium on Computing Science Education},
 series = {SIGCSE '16},
 year = {2016},
 isbn = {978-1-4503-3685-7},
 location = {Memphis, Tennessee, USA},
 pages = {689--689},
 numpages = {1},
 url = {http://doi.acm.org/10.1145/2839509.2850544},
 doi = {10.1145/2839509.2850544},
 acmid = {2850544},
 publisher = {ACM},
 address = {New York, NY, USA},
 keywords = {capstone, computer science education, student perceptions},
}

