@inproceedings{Blanchard:2019:SLS:3287324.3293818,
 author = {Blanchard, Jeremiah},
 title = {Situated Learning in Systems-Level Coursework},
 booktitle = {Proceedings of the 50th ACM Technical Symposium on Computer Science Education},
 series = {SIGCSE '19},
 year = {2019},
 isbn = {978-1-4503-5890-3},
 location = {Minneapolis, MN, USA},
 pages = {1255--1256},
 numpages = {2},
 url = {http://doi.acm.org/10.1145/3287324.3293818},
 doi = {10.1145/3287324.3293818},
 acmid = {3293818},
 publisher = {ACM},
 address = {New York, NY, USA},
 keywords = {android, operating systems, situated learning},
}

@inproceedings{Gilbert:1999:NLC:1150240.1150263,
 author = {Gilbert, Stephen B.},
 title = {Negotiating Learning Cultures at a Distance: MIT Academics Teach Corporate Engineers},
 booktitle = {Proceedings of the 1999 Conference on Computer Support for Collaborative Learning},
 series = {CSCL '99},
 year = {1999},
 location = {Palo Alto, California},
 articleno = {23},
 url = {http://dl.acm.org/citation.cfm?id=1150240.1150263},
 acmid = {1150263},
 publisher = {International Society of the Learning Sciences},
 keywords = {community settings, situated learning, videoconferencing},
}

@inproceedings{Mugar:2015:POC:2768545.2768555,
 author = {Mugar, Gabriel and \Osterlund, Carsten and Jackson, Corey Brian and Crowston, Kevin},
 title = {Being Present in Online Communities: Learning in Citizen Science},
 booktitle = {Proceedings of the 7th International Conference on Communities and Technologies},
 series = {C\&\#38;T '15},
 year = {2015},
 isbn = {978-1-4503-3460-0},
 location = {Limerick, Ireland},
 pages = {129--138},
 numpages = {10},
 url = {http://doi.acm.org/10.1145/2768545.2768555},
 doi = {10.1145/2768545.2768555},
 acmid = {2768555},
 publisher = {ACM},
 address = {New York, NY, USA},
 keywords = {citizen science, situated learning, sociomateriality},
}

@inproceedings{Karatsolis:2011:GCU:1999747.1999827,
 author = {Karatsolis, Andreas and Cervasato, Iliano and Harras, Khaled and Cooper, Yonina and Oflazer, Kemal and Abu-Ghazaleh, Nael and Sans, Thierry},
 title = {Getting CS Undergraduates to Communicate Effectively},
 booktitle = {Proceedings of the 16th Annual Joint Conference on Innovation and Technology in Computer Science Education},
 series = {ITiCSE '11},
 year = {2011},
 isbn = {978-1-4503-0697-3},
 location = {Darmstadt, Germany},
 pages = {283--287},
 numpages = {5},
 url = {http://doi.acm.org/10.1145/1999747.1999827},
 doi = {10.1145/1999747.1999827},
 acmid = {1999827},
 publisher = {ACM},
 address = {New York, NY, USA},
 keywords = {applied communication, curriculum alignment, situated learning},
}

@inproceedings{Heckman:2016:TSE:2839509.2850562,
 author = {Heckman, Sarah and King, Jason},
 title = {Teaching Software Engineering Skills in CS1.5: Incorporating Real-world Practices and Tools (Abstract Only)},
 booktitle = {Proceedings of the 47th ACM Technical Symposium on Computing Science Education},
 series = {SIGCSE '16},
 year = {2016},
 isbn = {978-1-4503-3685-7},
 location = {Memphis, Tennessee, USA},
 pages = {696--697},
 numpages = {2},
 url = {http://doi.acm.org/10.1145/2839509.2850562},
 doi = {10.1145/2839509.2850562},
 acmid = {2850562},
 publisher = {ACM},
 address = {New York, NY, USA},
 keywords = {cs1.5, situated learning, software engineering best practices},
}

@inproceedings{Warner:2017:HEC:3105726.3106174,
 author = {Warner, Jeremy and Guo, Philip J.},
 title = {Hack.Edu: Examining How College Hackathons Are Perceived By Student Attendees and Non-Attendees},
 booktitle = {Proceedings of the 2017 ACM Conference on International Computing Education Research},
 series = {ICER '17},
 year = {2017},
 isbn = {978-1-4503-4968-0},
 location = {Tacoma, Washington, USA},
 pages = {254--262},
 numpages = {9},
 url = {http://doi.acm.org/10.1145/3105726.3106174},
 doi = {10.1145/3105726.3106174},
 acmid = {3106174},
 publisher = {ACM},
 address = {New York, NY, USA},
 keywords = {college hackathon, informal learning, situated learning},
}

@inproceedings{Jones:1999:TWC:1150240.1150275,
 author = {Jones, Christopher R.},
 title = {Taking Without Consent: Stolen Knowledge and the Place of Abstractions and Assessment in Situated Learning},
 booktitle = {Proceedings of the 1999 Conference on Computer Support for Collaborative Learning},
 series = {CSCL '99},
 year = {1999},
 location = {Palo Alto, California},
 articleno = {35},
 url = {http://dl.acm.org/citation.cfm?id=1150240.1150275},
 acmid = {1150275},
 publisher = {International Society of the Learning Sciences},
 keywords = {computer-mediated-communications, qualitative methods, situated learning},
}

@inproceedings{Culbertson:2016:SSL:2858036.2858514,
 author = {Culbertson, Gabriel and Wang, Shiyu and Jung, Malte and Andersen, Erik},
 title = {Social Situational Language Learning Through an Online 3D Game},
 booktitle = {Proceedings of the 2016 CHI Conference on Human Factors in Computing Systems},
 series = {CHI '16},
 year = {2016},
 isbn = {978-1-4503-3362-7},
 location = {San Jose, California, USA},
 pages = {957--968},
 numpages = {12},
 url = {http://doi.acm.org/10.1145/2858036.2858514},
 doi = {10.1145/2858036.2858514},
 acmid = {2858514},
 publisher = {ACM},
 address = {New York, NY, USA},
 keywords = {collaboration, language learning, situated learning, video games},
}

@inproceedings{Burg:2016:SIE:2899415.2899461,
 author = {Burg, Jennifer and Pauca, V. Paul and Turkett, William and Santago, Pete},
 title = {A STEM Incubator to Engage Students in Hands-on, Relevant Learning: A Report from the Field},
 booktitle = {Proceedings of the 2016 ACM Conference on Innovation and Technology in Computer Science Education},
 series = {ITiCSE '16},
 year = {2016},
 isbn = {978-1-4503-4231-5},
 location = {Arequipa, Peru},
 pages = {142--147},
 numpages = {6},
 url = {http://doi.acm.org/10.1145/2899415.2899461},
 doi = {10.1145/2899415.2899461},
 acmid = {2899461},
 publisher = {ACM},
 address = {New York, NY, USA},
 keywords = {collaboration, hands-on learning, situated learning},
}

@inproceedings{Suzuki:1997:IFP:1599773.1599808,
 author = {Suzuki, Hideyuki and Kato, Hiroshi},
 title = {Identity Formation/Transformation As the Process of Collaborative Learning Through AlgoArena},
 booktitle = {Proceedings of the 2Nd International Conference on Computer Support for Collaborative Learning},
 series = {CSCL '97},
 year = {1997},
 location = {Toronto, Ontario, Canada},
 pages = {283--291},
 numpages = {9},
 url = {http://dl.acm.org/citation.cfm?id=1599773.1599808},
 acmid = {1599808},
 publisher = {International Society of the Learning Sciences},
 keywords = {identity, interaction analysis, situated learning, software education},
}

@inproceedings{Reimer:1999:UCT:1150240.1150298,
 author = {Reimer, Todd C. and Edelson, Daniel C.},
 title = {Using a CSCL Tool to Support a Legislative Role-playing Simulation: Hopes, Fears, and Challenges},
 booktitle = {Proceedings of the 1999 Conference on Computer Support for Collaborative Learning},
 series = {CSCL '99},
 year = {1999},
 location = {Palo Alto, California},
 articleno = {58},
 url = {http://dl.acm.org/citation.cfm?id=1150240.1150298},
 acmid = {1150298},
 publisher = {International Society of the Learning Sciences},
 keywords = {computer-mediated communication, discussion forum, situated learning},
}

@inproceedings{Brereton:2017:ABB:3064857.3079184,
 author = {Brereton, Margot and Vasudevan, Malavika and Dema, Tshering and Cappadonna, Jessica L. and Wilson, Cara and Roe, Paul},
 title = {The Ambient Birdhouse: Bringing Birds Inside to Learn About Birds Outside},
 booktitle = {Proceedings of the 2017 ACM Conference Companion Publication on Designing Interactive Systems},
 series = {DIS '17 Companion},
 year = {2017},
 isbn = {978-1-4503-4991-8},
 location = {Edinburgh, United Kingdom},
 pages = {321--324},
 numpages = {4},
 url = {http://doi.acm.org/10.1145/3064857.3079184},
 doi = {10.1145/3064857.3079184},
 acmid = {3079184},
 publisher = {ACM},
 address = {New York, NY, USA},
 keywords = {ambient interaction, bird calls, situated learning},
}

@inproceedings{Knox:2012:CPS:2361276.2361311,
 author = {Knox, Daniel},
 title = {Communities of Practice and Situated Learning in Computer Science},
 booktitle = {Proceedings of the Ninth Annual International Conference on International Computing Education Research},
 series = {ICER '12},
 year = {2012},
 isbn = {978-1-4503-1604-0},
 location = {Auckland, New Zealand},
 pages = {161--162},
 numpages = {2},
 url = {http://doi.acm.org/10.1145/2361276.2361311},
 doi = {10.1145/2361276.2361311},
 acmid = {2361311},
 publisher = {ACM},
 address = {New York, NY, USA},
 keywords = {communities of practice, motivation, situated learning},
}

@article{Conrad:2017:SCF:3026723.3010078,
 author = {Conrad, Marc and Hassan, Adil and Koshy, Lyzgeo and Kanamgotov, Aslan and Christopoulos, Athanasios},
 title = {Strategies and Challenges to Facilitate Situated Learning in Virtual Worlds Post-Second Life},
 journal = {Comput. Entertain.},
 issue_date = {Spring 2017},
 volume = {15},
 number = {1},
 month = mar,
 year = {2017},
 issn = {1544-3574},
 pages = {3:1--3:9},
 articleno = {3},
 numpages = {9},
 url = {http://doi.acm.org/10.1145/3010078},
 doi = {10.1145/3010078},
 acmid = {3010078},
 publisher = {ACM},
 address = {New York, NY, USA},
 keywords = {Virtual worlds, identity, situated learning, social networks},
}

@inproceedings{Abowd:1999:ADL:1150240.1150241,
 author = {Abowd, Gregory and da Gra\c{c}a Pimentel, Maria and Kerimbaev, Bolot and Ishiguro, Yoshihide and Guzdial, Mark},
 title = {Anchoring Discussions in Lecture: An Approach to Collaboratively Extending Classroom Digital Media},
 booktitle = {Proceedings of the 1999 Conference on Computer Support for Collaborative Learning},
 series = {CSCL '99},
 year = {1999},
 location = {Palo Alto, California},
 articleno = {1},
 url = {http://dl.acm.org/citation.cfm?id=1150240.1150241},
 acmid = {1150241},
 publisher = {International Society of the Learning Sciences},
 keywords = {computer-mediated communication, discussion forum, situated learning},
}

@inproceedings{Sontgens:1999:LLV:1150240.1150309,
 author = {S\"{o}ntgens, Kirsten},
 title = {Language Learning via e-Mail: Autonomy Through Collaboration},
 booktitle = {Proceedings of the 1999 Conference on Computer Support for Collaborative Learning},
 series = {CSCL '99},
 year = {1999},
 location = {Palo Alto, California},
 articleno = {69},
 url = {http://dl.acm.org/citation.cfm?id=1150240.1150309},
 acmid = {1150309},
 publisher = {International Society of the Learning Sciences},
 keywords = {email, project-based learning, situated learning},
}

@inproceedings{Sankupellay:2016:BBB:2908805.2908808,
 author = {Sankupellay, Mangalam and McLaughlin, Connor and Davis, Jessica and Schulz, Jonas and Magin, Sean and Brereton, Margot and Roe, Paul},
 title = {B4 - Brisbane Backyard Bird Box: Connecting People to the Environment},
 booktitle = {Proceedings of the 2016 ACM Conference Companion Publication on Designing Interactive Systems},
 series = {DIS '16 Companion},
 year = {2016},
 isbn = {978-1-4503-4315-2},
 location = {Brisbane, QLD, Australia},
 pages = {9--12},
 numpages = {4},
 url = {http://doi.acm.org/10.1145/2908805.2908808},
 doi = {10.1145/2908805.2908808},
 acmid = {2908808},
 publisher = {ACM},
 address = {New York, NY, USA},
 keywords = {bird calls, community engagement, situated learning},
}

@inproceedings{Gama:2018:HFL:3197091.3197138,
 author = {Gama, Kiev and Alencar Gon\c{c}alves, Breno and Alessio, Pedro},
 title = {Hackathons in the Formal Learning Process},
 booktitle = {Proceedings of the 23rd Annual ACM Conference on Innovation and Technology in Computer Science Education},
 series = {ITiCSE 2018},
 year = {2018},
 isbn = {978-1-4503-5707-4},
 location = {Larnaca, Cyprus},
 pages = {248--253},
 numpages = {6},
 url = {http://doi.acm.org/10.1145/3197091.3197138},
 doi = {10.1145/3197091.3197138},
 acmid = {3197138},
 publisher = {ACM},
 address = {New York, NY, USA},
 keywords = {Challenge-based learning, Hackathon, IoT, Situated Learning},
}

@inproceedings{Wen:2019:WEA:3290605.3300338,
 author = {Wen, Zikai Alex and Lin, Zhiqiu and Chen, Rowena and Andersen, Erik},
 title = {What.Hack: Engaging Anti-Phishing Training Through a Role-playing Phishing Simulation Game},
 booktitle = {Proceedings of the 2019 CHI Conference on Human Factors in Computing Systems},
 series = {CHI '19},
 year = {2019},
 isbn = {978-1-4503-5970-2},
 location = {Glasgow, Scotland Uk},
 pages = {108:1--108:12},
 articleno = {108},
 numpages = {12},
 url = {http://doi.acm.org/10.1145/3290605.3300338},
 doi = {10.1145/3290605.3300338},
 acmid = {3300338},
 publisher = {ACM},
 address = {New York, NY, USA},
 keywords = {anti-phishing, applied game, situated learning},
}

@inproceedings{Gallivan:2000:EWI:333334.333356,
 author = {Gallivan, Michael J.},
 title = {Examining Workgroup Influence on Technology Usage: A Community of Practice Perspective},
 booktitle = {Proceedings of the 2000 ACM SIGCPR Conference on Computer Personnel Research},
 series = {SIGCPR '00},
 year = {2000},
 isbn = {1-58113-228-X},
 location = {Chicago, Illinois, USA},
 pages = {54--66},
 numpages = {13},
 url = {http://doi.acm.org/10.1145/333334.333356},
 doi = {10.1145/333334.333356},
 acmid = {333356},
 publisher = {ACM},
 address = {New York, NY, USA},
 keywords = {community of practice, situated learning, training, workgroups},
}

@inproceedings{McDermott:2017:FYC:3059009.3059062,
 author = {McDermott, Roger and Zarb, Mark and Daniels, Mats and Isom\"{o}tt\"{o}nen, Ville},
 title = {First Year Computing Students' Perceptions of Authenticity in Assessment},
 booktitle = {Proceedings of the 2017 ACM Conference on Innovation and Technology in Computer Science Education},
 series = {ITiCSE '17},
 year = {2017},
 isbn = {978-1-4503-4704-4},
 location = {Bologna, Italy},
 pages = {10--15},
 numpages = {6},
 url = {http://doi.acm.org/10.1145/3059009.3059062},
 doi = {10.1145/3059009.3059062},
 acmid = {3059062},
 publisher = {ACM},
 address = {New York, NY, USA},
 keywords = {authentic assessment, authentic learning, first year computer science, situated learning},
}

@inproceedings{Vihavainen:2013:SSL:2462476.2462501,
 author = {Vihavainen, Arto and Vikberg, Thomas and Luukkainen, Matti and P\"{a}rtel, Martin},
 title = {Scaffolding Students' Learning Using Test My Code},
 booktitle = {Proceedings of the 18th ACM Conference on Innovation and Technology in Computer Science Education},
 series = {ITiCSE '13},
 year = {2013},
 isbn = {978-1-4503-2078-8},
 location = {Canterbury, England, UK},
 pages = {117--122},
 numpages = {6},
 url = {http://doi.acm.org/10.1145/2462476.2462501},
 doi = {10.1145/2462476.2462501},
 acmid = {2462501},
 publisher = {ACM},
 address = {New York, NY, USA},
 keywords = {automatic assessment, extreme apprenticeship, programming, situated learning, testing, verification},
}

@inproceedings{Chu:2019:UCC:3311927.3323144,
 author = {Chu, Sharon Lynn and Garcia, Brittany and Nam, Beth},
 title = {Understanding Context in Children's Use of Smartwatches for Everyday Science Reflections},
 booktitle = {Proceedings of the 18th ACM International Conference on Interaction Design and Children},
 series = {IDC '19},
 year = {2019},
 isbn = {978-1-4503-6690-8},
 location = {Boise, ID, USA},
 pages = {83--93},
 numpages = {11},
 url = {http://doi.acm.org/10.1145/3311927.3323144},
 doi = {10.1145/3311927.3323144},
 acmid = {3323144},
 publisher = {ACM},
 address = {New York, NY, USA},
 keywords = {Children, Context, Everyday science, Science education, Situated learning, Smartwatch, Wearables},
}

@inproceedings{Dirckinck-Holmfeld:1999:DCS:1150240.1150255,
 author = {Dirckinck-Holmfeld, Lone and Sorensen, Elsebeth K.},
 title = {Distributed Computer Supported Collaborative Learning Through Shared Practice and Social Participation},
 booktitle = {Proceedings of the 1999 Conference on Computer Support for Collaborative Learning},
 series = {CSCL '99},
 year = {1999},
 location = {Palo Alto, California},
 articleno = {15},
 url = {http://dl.acm.org/citation.cfm?id=1150240.1150255},
 acmid = {1150255},
 publisher = {International Society of the Learning Sciences},
 keywords = {computer-mediated communication, project based learning, situated learning},
}

@inproceedings{Mugar:2014:PHS:2531602.2531721,
 author = {Mugar, Gabriel and \Osterlund, Carsten and Hassman, Katie DeVries and Crowston, Kevin and Jackson, Corey Brian},
 title = {Planet Hunters and Seafloor Explorers: Legitimate Peripheral Participation Through Practice Proxies in Online Citizen Science},
 booktitle = {Proceedings of the 17th ACM Conference on Computer Supported Cooperative Work \&\#38; Social Computing},
 series = {CSCW '14},
 year = {2014},
 isbn = {978-1-4503-2540-0},
 location = {Baltimore, Maryland, USA},
 pages = {109--119},
 numpages = {11},
 url = {http://doi.acm.org/10.1145/2531602.2531721},
 doi = {10.1145/2531602.2531721},
 acmid = {2531721},
 publisher = {ACM},
 address = {New York, NY, USA},
 keywords = {citizen science, legitimate peripheral participation, situated learning, social translucence, socialization},
}

@inproceedings{Holz:2007:SRS:1227310.1227424,
 author = {Holz, Hilary and Applin, Anne and Joel, William},
 title = {Status Report of the SIGCSE Committee on Teaching Computer Science Research Methods},
 booktitle = {Proceedings of the 38th SIGCSE Technical Symposium on Computer Science Education},
 series = {SIGCSE '07},
 year = {2007},
 isbn = {1-59593-361-1},
 location = {Covington, Kentucky, USA},
 pages = {327--328},
 numpages = {2},
 url = {http://doi.acm.org/10.1145/1227310.1227424},
 doi = {10.1145/1227310.1227424},
 acmid = {1227424},
 publisher = {ACM},
 address = {New York, NY, USA},
 keywords = {constructivism, learning activities, pedagogy, research methods, situated learning},
}

@article{Holz:2007:SRS:1227504.1227424,
 author = {Holz, Hilary and Applin, Anne and Joel, William},
 title = {Status Report of the SIGCSE Committee on Teaching Computer Science Research Methods},
 journal = {SIGCSE Bull.},
 issue_date = {March 2007},
 volume = {39},
 number = {1},
 month = mar,
 year = {2007},
 issn = {0097-8418},
 pages = {327--328},
 numpages = {2},
 url = {http://doi.acm.org/10.1145/1227504.1227424},
 doi = {10.1145/1227504.1227424},
 acmid = {1227424},
 publisher = {ACM},
 address = {New York, NY, USA},
 keywords = {constructivism, learning activities, pedagogy, research methods, situated learning},
}

@inproceedings{Vogel:2015:TDA:2797433.2797465,
 author = {Vogel, Bahtijar and Kilamo, Terhi and Kurti, Arianit},
 title = {Teaching Distributed Agile Development to Software Professionals: A Flexible Approach},
 booktitle = {Proceedings of the 2015 European Conference on Software Architecture Workshops},
 series = {ECSAW '15},
 year = {2015},
 isbn = {978-1-4503-3393-1},
 location = {Dubrovnik, Cavtat, Croatia},
 pages = {31:1--31:8},
 articleno = {31},
 numpages = {8},
 url = {http://doi.acm.org/10.1145/2797433.2797465},
 doi = {10.1145/2797433.2797465},
 acmid = {2797465},
 publisher = {ACM},
 address = {New York, NY, USA},
 keywords = {Situated learning, distributed agile, flexible approach, software professionals},
}

@inproceedings{Rieger:1997:UMC:1599773.1599800,
 author = {Rieger, Robert and Gay, Geraldine},
 title = {Using Mobile Computing to Enhance Field Study},
 booktitle = {Proceedings of the 2Nd International Conference on Computer Support for Collaborative Learning},
 series = {CSCL '97},
 year = {1997},
 location = {Toronto, Ontario, Canada},
 pages = {218--226},
 numpages = {9},
 url = {http://dl.acm.org/citation.cfm?id=1599773.1599800},
 acmid = {1599800},
 publisher = {International Society of the Learning Sciences},
 keywords = {PDA's, field study, handhelds, mobile computing, probes, situated learning},
}

@inproceedings{Greenwald:2015:EHM:2702613.2732846,
 author = {Greenwald, Scott and Maes, Pattie and Khan, Mina},
 title = {Enabling Human Micro-Presence Through Small-Screen Head-up Display Devices},
 booktitle = {Proceedings of the 33rd Annual ACM Conference Extended Abstracts on Human Factors in Computing Systems},
 series = {CHI EA '15},
 year = {2015},
 isbn = {978-1-4503-3146-3},
 location = {Seoul, Republic of Korea},
 pages = {1157--1162},
 numpages = {6},
 url = {http://doi.acm.org/10.1145/2702613.2732846},
 doi = {10.1145/2702613.2732846},
 acmid = {2732846},
 publisher = {ACM},
 address = {New York, NY, USA},
 keywords = {just-in-time information, micro-presence, remote collaboration, situated learning},
}

@inproceedings{Hoffman:2014:WSI:2538862.2538916,
 author = {Hoffman, Mark E. and Anderson, Paul V. and Gustafsson, Magnus},
 title = {Workplace Scenarios to Integrate Communication Skills and Content: A Case Study},
 booktitle = {Proceedings of the 45th ACM Technical Symposium on Computer Science Education},
 series = {SIGCSE '14},
 year = {2014},
 isbn = {978-1-4503-2605-6},
 location = {Atlanta, Georgia, USA},
 pages = {349--354},
 numpages = {6},
 url = {http://doi.acm.org/10.1145/2538862.2538916},
 doi = {10.1145/2538862.2538916},
 acmid = {2538916},
 publisher = {ACM},
 address = {New York, NY, USA},
 keywords = {activity systems, communication skills, genre, situated learning, workplace scenario},
}

@inproceedings{Kumaraguru:2007:PPP:1240624.1240760,
 author = {Kumaraguru, Ponnurangam and Rhee, Yong and Acquisti, Alessandro and Cranor, Lorrie Faith and Hong, Jason and Nunge, Elizabeth},
 title = {Protecting People from Phishing: The Design and Evaluation of an Embedded Training Email System},
 booktitle = {Proceedings of the SIGCHI Conference on Human Factors in Computing Systems},
 series = {CHI '07},
 year = {2007},
 isbn = {978-1-59593-593-9},
 location = {San Jose, California, USA},
 pages = {905--914},
 numpages = {10},
 url = {http://doi.acm.org/10.1145/1240624.1240760},
 doi = {10.1145/1240624.1240760},
 acmid = {1240760},
 publisher = {ACM},
 address = {New York, NY, USA},
 keywords = {email, embedded training, phishing, situated learning, usable privacy and security},
}

@inproceedings{Miao:1999:ELC:1150240.1150289,
 author = {Miao, Yongwu and Fleschutz, Jutta Maria and Zentel, Peter},
 title = {Enriching Learning Contexts to Support Communities of Practice},
 booktitle = {Proceedings of the 1999 Conference on Computer Support for Collaborative Learning},
 series = {CSCL '99},
 year = {1999},
 location = {Palo Alto, California},
 articleno = {49},
 url = {http://dl.acm.org/citation.cfm?id=1150240.1150289},
 acmid = {1150289},
 publisher = {International Society of the Learning Sciences},
 keywords = {communities of practice, groupware, multi-user virtual environment, situated learning},
}

@article{Holz:2006:RMC:1189136.1189180,
 author = {Holz, Hilary J. and Applin, Anne and Haberman, Bruria and Joyce, Donald and Purchase, Helen and Reed, Catherine},
 title = {Research Methods in Computing: What Are They, and How Should We Teach Them?},
 journal = {SIGCSE Bull.},
 issue_date = {December 2006},
 volume = {38},
 number = {4},
 month = jun,
 year = {2006},
 issn = {0097-8418},
 pages = {96--114},
 numpages = {19},
 url = {http://doi.acm.org/10.1145/1189136.1189180},
 doi = {10.1145/1189136.1189180},
 acmid = {1189180},
 publisher = {ACM},
 address = {New York, NY, USA},
 keywords = {constructivism, learning activities, pedagogy, research methods, situated learning},
}

@inproceedings{Holz:2006:RMC:1189215.1189180,
 author = {Holz, Hilary J. and Applin, Anne and Haberman, Bruria and Joyce, Donald and Purchase, Helen and Reed, Catherine},
 title = {Research Methods in Computing: What Are They, and How Should We Teach Them?},
 booktitle = {Working Group Reports on ITiCSE on Innovation and Technology in Computer Science Education},
 series = {ITiCSE-WGR '06},
 year = {2006},
 isbn = {1-59593-603-3},
 location = {Bologna, Italy},
 pages = {96--114},
 numpages = {19},
 url = {http://doi.acm.org/10.1145/1189215.1189180},
 doi = {10.1145/1189215.1189180},
 acmid = {1189180},
 publisher = {ACM},
 address = {New York, NY, USA},
 keywords = {constructivism, learning activities, pedagogy, research methods, situated learning},
}

@inproceedings{Suzuki:1995:ISC:222020.222828,
 author = {Suzuki, Hideyuki and Kato, Hiroshi},
 title = {Interaction-level Support for Collaborative Learning: AlgoBlock\&Mdash;an Open Programming Language},
 booktitle = {The First International Conference on Computer Support for Collaborative Learning},
 series = {CSCL '95},
 year = {1995},
 isbn = {0-8058-2243-7},
 location = {Indiana Univ., Bloomington, Indiana, USA},
 pages = {349--355},
 numpages = {7},
 url = {https://doi.org/10.3115/222020.222828},
 doi = {10.3115/222020.222828},
 acmid = {222828},
 publisher = {L. Erlbaum Associates Inc.},
 address = {Hillsdale, NJ, USA},
 keywords = {community of learners, open tool, situated learning, software education},
}

@inproceedings{Hundhausen:1998:TEA:286498.286526,
 author = {Hundhausen, Christopher D.},
 title = {Toward Effective Algorithm Visualization Artifacts: Designing for Participation and Negotiation in an Undergraduate Algorithms Course},
 booktitle = {CHI 98 Conference Summary on Human Factors in Computing Systems},
 series = {CHI '98},
 year = {1998},
 isbn = {1-58113-028-7},
 location = {Los Angeles, California, USA},
 pages = {54--55},
 numpages = {2},
 url = {http://doi.acm.org/10.1145/286498.286526},
 doi = {10.1145/286498.286526},
 acmid = {286526},
 publisher = {ACM},
 address = {New York, NY, USA},
 keywords = {algorithm visualization, situated action theory, situated learning theory},
}

@inproceedings{Harrington:2006:SLR:1179295.1179344,
 author = {Harrington, Maria C. R.},
 title = {Situational Learning in Real and Virtual Space: Lessons Learned and Future Directions},
 booktitle = {ACM SIGGRAPH 2006 Educators Program},
 series = {SIGGRAPH '06},
 year = {2006},
 isbn = {1-59593-364-6},
 location = {Boston, Massachusetts},
 articleno = {48},
 url = {http://doi.acm.org/10.1145/1179295.1179344},
 doi = {10.1145/1179295.1179344},
 acmid = {1179344},
 publisher = {ACM},
 address = {New York, NY, USA},
 keywords = {HCI, science education and creativity, simulated virtual ecologies and virtual reality},
}

@inproceedings{Turner:2012:DPM:2157136.2157387,
 author = {Turner, Scott Alexander},
 title = {Designing with Projects in Mind: An Approach for Creating Authentic (and Manageable) Programming Projects (Abstract Only)},
 booktitle = {Proceedings of the 43rd ACM Technical Symposium on Computer Science Education},
 series = {SIGCSE '12},
 year = {2012},
 isbn = {978-1-4503-1098-7},
 location = {Raleigh, North Carolina, USA},
 pages = {670--670},
 numpages = {1},
 url = {http://doi.acm.org/10.1145/2157136.2157387},
 doi = {10.1145/2157136.2157387},
 acmid = {2157387},
 publisher = {ACM},
 address = {New York, NY, USA},
 keywords = {computer science education, problem-based learning (PBL), real-world problem, situated learning},
}

@inproceedings{Weinman:2015:TCS:2676723.2677231,
 author = {Weinman, Jerod and Jensen, David and Lopatto, David},
 title = {Teaching Computing As Science in a Research Experience},
 booktitle = {Proceedings of the 46th ACM Technical Symposium on Computer Science Education},
 series = {SIGCSE '15},
 year = {2015},
 isbn = {978-1-4503-2966-8},
 location = {Kansas City, Missouri, USA},
 pages = {24--29},
 numpages = {6},
 url = {http://doi.acm.org/10.1145/2676723.2677231},
 doi = {10.1145/2676723.2677231},
 acmid = {2677231},
 publisher = {ACM},
 address = {New York, NY, USA},
 keywords = {ergalics, research methods, situated learning, survey of undergraduate research experiences (sure), undergraduate research},
}

@article{Gasson:2018:SEL:3290768.3290774,
 author = {Gasson, Susan and Waters, James},
 title = {Simulating Experiential Learning in Professional Online Courses},
 journal = {SIGMIS Database},
 issue_date = {November 2018},
 volume = {49},
 number = {4},
 month = nov,
 year = {2018},
 issn = {0095-0033},
 pages = {46--77},
 numpages = {32},
 url = {http://doi.acm.org/10.1145/3290768.3290774},
 doi = {10.1145/3290768.3290774},
 acmid = {3290774},
 publisher = {ACM},
 address = {New York, NY, USA},
 keywords = {collective framing and problematization, community learning, peer learning, professional online education, situated learning},
}

@inproceedings{Baker:2015:LWW:2788412.2788417,
 author = {Baker, Michael J.},
 title = {Learning in Work, Work in Learning: Relations Between Constructive Ergonomics and the Learning Sciences},
 booktitle = {Proceedings of the European Conference on Cognitive Ergonomics 2015},
 series = {ECCE '15},
 year = {2007},
 isbn = {978-1-4503-3612-3},
 location = {Warsaw, Poland},
 pages = {5:1--5:5},
 articleno = {5},
 numpages = {5},
 url = {http://doi.acm.org/10.1145/2788412.2788417},
 doi = {10.1145/2788412.2788417},
 acmid = {2788417},
 publisher = {ACM},
 address = {New York, NY, USA},
 keywords = {Constructive Ergonomics, Design-Based Research, Learning Sciences, developmental theory, situated learning},
}

@inproceedings{Kato:1995:UGS:222020.222171,
 author = {Kato, Hiroshi and Ide, Akiko},
 title = {Using a Game for Social Setting in a Learning Environment: AlgoArena\&Mdash;a Tool for Learning Software Design},
 booktitle = {The First International Conference on Computer Support for Collaborative Learning},
 series = {CSCL '95},
 year = {1995},
 isbn = {0-8058-2243-7},
 location = {Indiana Univ., Bloomington, Indiana, USA},
 pages = {195--199},
 numpages = {5},
 url = {https://doi.org/10.3115/222020.222171},
 doi = {10.3115/222020.222171},
 acmid = {222171},
 publisher = {L. Erlbaum Associates Inc.},
 address = {Hillsdale, NJ, USA},
 keywords = {collaborative learning, computer literacy, logo, programming language, simulation game, situated learning, software education},
}

@inproceedings{Paredes:2012:MLP:2330601.2330617,
 author = {Paredes, Walter Christian and Chung, Kon Shing Kenneth},
 title = {Modelling Learning \&\#38; Performance: A Social Networks Perspective},
 booktitle = {Proceedings of the 2Nd International Conference on Learning Analytics and Knowledge},
 series = {LAK '12},
 year = {2012},
 isbn = {978-1-4503-1111-3},
 location = {Vancouver, British Columbia, Canada},
 pages = {34--42},
 numpages = {9},
 url = {http://doi.acm.org/10.1145/2330601.2330617},
 doi = {10.1145/2330601.2330617},
 acmid = {2330617},
 publisher = {ACM},
 address = {New York, NY, USA},
 keywords = {computer mediated communication, connectivism, learning, learning analytics, performance, situated learning, social learning, social networks},
}

@inproceedings{Lee:2019:CSS:3290605.3300304,
 author = {Lee, David T. and Hamedian, Emily S. and Wolff, Greg and Liu, Amy},
 title = {Causeway: Scaling Situated Learning with Micro-Role Hierarchies},
 booktitle = {Proceedings of the 2019 CHI Conference on Human Factors in Computing Systems},
 series = {CHI '19},
 year = {2019},
 isbn = {978-1-4503-5970-2},
 location = {Glasgow, Scotland Uk},
 pages = {74:1--74:12},
 articleno = {74},
 numpages = {12},
 url = {http://doi.acm.org/10.1145/3290605.3300304},
 doi = {10.1145/3290605.3300304},
 acmid = {3300304},
 publisher = {ACM},
 address = {New York, NY, USA},
 keywords = {complex crowd work, crowdsourcing, learnersourcing, learning-at-scale, micro-role hierarchies, situated learning, social computing},
}

@inproceedings{Takahashi:2003:SLF:942808.943982,
 author = {Takahashi, Ryuichi and Ohiwa, Hajime},
 title = {Situated Learning on FPGA for Superscalar Microprocessor Design Education},
 booktitle = {Proceedings of the 16th Symposium on Integrated Circuits and Systems Design},
 series = {SBCCI '03},
 year = {2003},
 isbn = {0-7695-2009-X},
 pages = {243--},
 url = {http://dl.acm.org/citation.cfm?id=942808.943982},
 acmid = {943982},
 publisher = {IEEE Computer Society},
 address = {Washington, DC, USA},
}

@inproceedings{Dede:2004:DRS:1149126.1149144,
 author = {Dede, Chris and Nelson, Brian and Ketelhut, Diane Jass and Clarke, Jody and Bowman, Cassie},
 title = {Design-based Research Strategies for Studying Situated Learning in a Multi-user Virtual Environment},
 booktitle = {Proceedings of the 6th International Conference on Learning Sciences},
 series = {ICLS '04},
 year = {2004},
 location = {Santa Monica, California},
 pages = {158--165},
 numpages = {8},
 url = {http://dl.acm.org/citation.cfm?id=1149126.1149144},
 acmid = {1149144},
 publisher = {International Society of the Learning Sciences},
}

@article{Roschelle:1992:CTP:130893.130904,
 author = {Roschelle, Jeremy},
 title = {What Should Collaborative Technology Be?: A Perspective from Dewey and Situated Learning},
 journal = {SIGCUE Outlook},
 issue_date = {Spring 1992},
 volume = {21},
 number = {3},
 month = feb,
 year = {1992},
 issn = {0163-5735},
 pages = {39--42},
 numpages = {4},
 url = {http://doi.acm.org/10.1145/130893.130904},
 doi = {10.1145/130893.130904},
 acmid = {130904},
 publisher = {ACM},
 address = {New York, NY, USA},
}

@inproceedings{Clarke:2007:MPM:1599600.1599627,
 author = {Clarke, Jody and Dede, Chris},
 title = {MUVEs As a Powerful Means to Study Situated Learning},
 booktitle = {Proceedings of the 8th Iternational Conference on Computer Supported Collaborative Learning},
 series = {CSCL'07},
 year = {2007},
 isbn = {978-0-6151-5436-7},
 location = {New Brunswick, New Jersey, USA},
 pages = {144--147},
 numpages = {4},
 url = {http://dl.acm.org/citation.cfm?id=1599600.1599627},
 acmid = {1599627},
 publisher = {International Society of the Learning Sciences},
}

@inproceedings{Antle:2016:STA:2930674.2955211,
 author = {Antle, Alissa N. and Matkin, Brendan and Warren, Jill},
 title = {The Story of Things: Awareness Through Happenstance Interaction},
 booktitle = {Proceedings of the The 15th International Conference on Interaction Design and Children},
 series = {IDC '16},
 year = {2016},
 isbn = {978-1-4503-4313-8},
 location = {Manchester, United Kingdom},
 pages = {745--750},
 numpages = {6},
 url = {http://doi.acm.org/10.1145/2930674.2955211},
 doi = {10.1145/2930674.2955211},
 acmid = {2955211},
 publisher = {ACM},
 address = {New York, NY, USA},
 keywords = {Hands-on interaction, augmented reality, children, environmental education, happenstance interaction, sensing systems, situated learning, wearable displays},
}

@inproceedings{Donaldson:2019:DWL:3311890.3311897,
 author = {Donaldson, Jonan and Barany, Amanda},
 title = {Designerly Ways of Learning: FabLearn 2019 Eighth Annual Conference, March 9-10, 2019},
 booktitle = {Proceedings of FabLearn 2019},
 series = {FL2019},
 year = {2019},
 isbn = {978-1-4503-6244-3},
 location = {New York, NY, USA},
 pages = {50--56},
 numpages = {7},
 url = {http://doi.acm.org/10.1145/3311890.3311897},
 doi = {10.1145/3311890.3311897},
 acmid = {3311897},
 publisher = {ACM},
 address = {New York, NY, USA},
 keywords = {Constructionist Learning, Design Thinking, Design-based Learning, Identity Exploration, Situated Learning},
}

@inproceedings{Kumaraguru:2007:GUP:1299015.1299022,
 author = {Kumaraguru, Ponnurangam and Rhee, Yong and Sheng, Steve and Hasan, Sharique and Acquisti, Alessandro and Cranor, Lorrie Faith and Hong, Jason},
 title = {Getting Users to Pay Attention to Anti-phishing Education: Evaluation of Retention and Transfer},
 booktitle = {Proceedings of the Anti-phishing Working Groups 2Nd Annual eCrime Researchers Summit},
 series = {eCrime '07},
 year = {2007},
 isbn = {978-1-59593-939-5},
 location = {Pittsburgh, Pennsylvania, USA},
 pages = {70--81},
 numpages = {12},
 url = {http://doi.acm.org/10.1145/1299015.1299022},
 doi = {10.1145/1299015.1299022},
 acmid = {1299022},
 publisher = {ACM},
 address = {New York, NY, USA},
 keywords = {email, embedded training, instructional principles, learning science, phishing, situated learning, usable privacy and security},
}

@inproceedings{Yamauchi:2009:PPD:1555619.1555637,
 author = {Yamauchi, Yutaka},
 title = {Power of Peripheral Designers: How Users Learn to Design},
 booktitle = {Proceedings of the 4th International Conference on Design Science Research in Information Systems and Technology},
 series = {DESRIST '09},
 year = {2009},
 isbn = {978-1-60558-408-9},
 location = {Philadelphia, Pennsylvania},
 pages = {13:1--13:12},
 articleno = {13},
 numpages = {12},
 url = {http://doi.acm.org/10.1145/1555619.1555637},
 doi = {10.1145/1555619.1555637},
 acmid = {1555637},
 publisher = {ACM},
 address = {New York, NY, USA},
 keywords = {design learning, design practices, design skills, periphery, situated learning, user participation},
}

@inproceedings{Eales:2002:MMC:1658616.1658660,
 author = {Eales, R. T. Jim and Hall, Tony and Bannon, Liam J.},
 title = {The Motivation is the Message: Comparing CSCL in Different Settings},
 booktitle = {Proceedings of the Conference on Computer Support for Collaborative Learning: Foundations for a CSCL Community},
 series = {CSCL '02},
 year = {2002},
 location = {Boulder, Colorado},
 pages = {310--317},
 numpages = {8},
 url = {http://dl.acm.org/citation.cfm?id=1658616.1658660},
 acmid = {1658660},
 publisher = {International Society of the Learning Sciences},
 keywords = {authentic learning, deschooling, learner motivation, school education, situated learning, university education, workplace learning},
}

@inproceedings{Weidler-Lewis:2017:DDS:3017680.3017776,
 author = {Weidler-Lewis, Joanna and DuBow, Wendy and Kaminsky, Alexis},
 title = {Defining a Discipline or Shaping a Community: Constraints on Broadening Participation in Computing},
 booktitle = {Proceedings of the 2017 ACM SIGCSE Technical Symposium on Computer Science Education},
 series = {SIGCSE '17},
 year = {2017},
 isbn = {978-1-4503-4698-6},
 location = {Seattle, Washington, USA},
 pages = {627--632},
 numpages = {6},
 url = {http://doi.acm.org/10.1145/3017680.3017776},
 doi = {10.1145/3017680.3017776},
 acmid = {3017776},
 publisher = {ACM},
 address = {New York, NY, USA},
 keywords = {broadening participation in computing, communities of practice, gender, history of computing, persistence in computing, situated learning},
}

@inproceedings{Fernandez-Vara:2008:GSP:1496984.1496990,
 author = {Fern\'{a}ndez-Vara, Clara and Tan, Philip},
 title = {The Game Studies Practicum: Applying Situated Learning to Teach Professional Practices},
 booktitle = {Proceedings of the 2008 Conference on Future Play: Research, Play, Share},
 series = {Future Play '08},
 year = {2008},
 isbn = {978-1-60558-218-4},
 location = {Toronto, Ontario, Canada},
 pages = {25--32},
 numpages = {8},
 url = {http://doi.acm.org/10.1145/1496984.1496990},
 doi = {10.1145/1496984.1496990},
 acmid = {1496990},
 publisher = {ACM},
 address = {New York, NY, USA},
 keywords = {Scrum, cognitive apprenticeship, curriculum, education, game studies, learning, legitimate peripheral participation, practicum, situated learning, teaching, videogames},
}

@inproceedings{Radlinski:1992:GML:142750.142829,
 author = {Radlinski, Rob and McKendree, Jean},
 title = {Grace Meets the \&Ldquo;Real World\&Rdquo;: Tutoring COBOL As a Second Language},
 booktitle = {Proceedings of the SIGCHI Conference on Human Factors in Computing Systems},
 series = {CHI '92},
 year = {1992},
 isbn = {0-89791-513-5},
 location = {Monterey, California, USA},
 pages = {343--350},
 numpages = {8},
 url = {http://doi.acm.org/10.1145/142750.142829},
 doi = {10.1145/142750.142829},
 acmid = {142829},
 publisher = {ACM},
 address = {New York, NY, USA},
 keywords = {expert/novice differences, intelligent tutoring systems, situated learning, skill acquisition, task analysis, user-centered design},
}

@inproceedings{Khan:2018:MPM:3170427.3186499,
 author = {Khan, Mina and Trujano, Fernando and Choudhury, Ashris and Maes, Pattie},
 title = {Mathland: Playful Mathematical Learning in Mixed Reality},
 booktitle = {Extended Abstracts of the 2018 CHI Conference on Human Factors in Computing Systems},
 series = {CHI EA '18},
 year = {2018},
 isbn = {978-1-4503-5621-3},
 location = {Montreal QC, Canada},
 pages = {D108:1--D108:4},
 articleno = {D108},
 numpages = {4},
 url = {http://doi.acm.org/10.1145/3170427.3186499},
 doi = {10.1145/3170427.3186499},
 acmid = {3186499},
 publisher = {ACM},
 address = {New York, NY, USA},
 keywords = {education/learning, embodied interaction, play, situated learning, tangible, virtual/augmented reality, wearable computers},
}

@inproceedings{Vazquez:2017:SLL:3027063.3053098,
 author = {Vazquez, Christian David and Nyati, Afika Ayanda and Luh, Alexander and Fu, Megan and Aikawa, Takako and Maes, Pattie},
 title = {Serendipitous Language Learning in Mixed Reality},
 booktitle = {Proceedings of the 2017 CHI Conference Extended Abstracts on Human Factors in Computing Systems},
 series = {CHI EA '17},
 year = {2017},
 isbn = {978-1-4503-4656-6},
 location = {Denver, Colorado, USA},
 pages = {2172--2179},
 numpages = {8},
 url = {http://doi.acm.org/10.1145/3027063.3053098},
 doi = {10.1145/3027063.3053098},
 acmid = {3053098},
 publisher = {ACM},
 address = {New York, NY, USA},
 keywords = {augmented reality, computer vision, language learning, mixed reality, serendipitous learning, situated learning},
}

@inproceedings{Leite:2016:SLV:2993148.2993190,
 author = {Leite, Iolanda and Pereira, Andr{\'e} and Funkhouser, Allison and Li, Boyang and Lehman, Jill Fain},
 title = {Semi-situated Learning of Verbal and Nonverbal Content for Repeated Human-robot Interaction},
 booktitle = {Proceedings of the 18th ACM International Conference on Multimodal Interaction},
 series = {ICMI '16},
 year = {2016},
 isbn = {978-1-4503-4556-9},
 location = {Tokyo, Japan},
 pages = {13--20},
 numpages = {8},
 url = {http://doi.acm.org/10.1145/2993148.2993190},
 doi = {10.1145/2993148.2993190},
 acmid = {2993190},
 publisher = {ACM},
 address = {New York, NY, USA},
 keywords = {Long-term human-robot interaction, content authoring, crowdsourcing, multimodal behavior generation},
}

@inproceedings{Brodaric:2001:LGC:512161.512190,
 author = {Brodaric, Boyan and Gahegan, Mark},
 title = {Learning Geoscience Categories in Situ: Implications for Geographic Knowledge Representation},
 booktitle = {Proceedings of the 9th ACM International Symposium on Advances in Geographic Information Systems},
 series = {GIS '01},
 year = {2001},
 isbn = {1-58113-443-6},
 location = {Atlanta, Georgia, USA},
 pages = {130--135},
 numpages = {6},
 url = {http://doi.acm.org/10.1145/512161.512190},
 doi = {10.1145/512161.512190},
 acmid = {512190},
 publisher = {ACM},
 address = {New York, NY, USA},
 keywords = {category development, classification, geological fieldwork, information ontology, self-organizing maps, situated learning},
}

@article{Kumaraguru:2010:TJF:1754393.1754396,
 author = {Kumaraguru, Ponnurangam and Sheng, Steve and Acquisti, Alessandro and Cranor, Lorrie Faith and Hong, Jason},
 title = {Teaching Johnny Not to Fall for Phish},
 journal = {ACM Trans. Internet Technol.},
 issue_date = {May 2010},
 volume = {10},
 number = {2},
 month = jun,
 year = {2010},
 issn = {1533-5399},
 pages = {7:1--7:31},
 articleno = {7},
 numpages = {31},
 url = {http://doi.acm.org/10.1145/1754393.1754396},
 doi = {10.1145/1754393.1754396},
 acmid = {1754396},
 publisher = {ACM},
 address = {New York, NY, USA},
 keywords = {Embedded training, email, instructional principles, learning science, phishing, situated learning, usable privacy and security},
}

@inproceedings{Barfurth:1995:UCL:222020.222042,
 author = {Barfurth, Marion A.},
 title = {Understanding the Collaborative Learning Process in a Technology Rich Environment: The Case of Children's Disagreements},
 booktitle = {The First International Conference on Computer Support for Collaborative Learning},
 series = {CSCL '95},
 year = {1995},
 isbn = {0-8058-2243-7},
 location = {Indiana Univ., Bloomington, Indiana, USA},
 pages = {8--13},
 numpages = {6},
 url = {https://doi.org/10.3115/222020.222042},
 doi = {10.3115/222020.222042},
 acmid = {222042},
 publisher = {L. Erlbaum Associates Inc.},
 address = {Hillsdale, NJ, USA},
 keywords = {LEGO/Logo, classroom-based research, collaborative learning, conceptual change, disagreement, elementary school, learning process, mechanical advantage, science education, situated learning},
}

@inproceedings{Cai:2006:FCG:1178823.1178890,
 author = {Cai, Yundong and Miao, Chunyan and Tan, Ah-Hwee and Shen, Zhiqi},
 title = {Fuzzy Cognitive Goal Net for Interactive Storytelling Plot Design},
 booktitle = {Proceedings of the 2006 ACM SIGCHI International Conference on Advances in Computer Entertainment Technology},
 series = {ACE '06},
 year = {2006},
 isbn = {1-59593-380-8},
 location = {Hollywood, California, USA},
 articleno = {56},
 url = {http://doi.acm.org/10.1145/1178823.1178890},
 doi = {10.1145/1178823.1178890},
 acmid = {1178890},
 publisher = {ACM},
 address = {New York, NY, USA},
 keywords = {AI planning, formation, fuzzy cognitive maps (FCMs), generation, goal net, interactive storytelling, plan execution, situated learning, story planning},
}

@inproceedings{Pantic:2016:SSL:2930674.2930725,
 author = {Pantic, Katarina and Fields, Deborah A. and Quirke, Lisa},
 title = {Studying Situated Learning in a Constructionist Programming Camp: A Multimethod Microgenetic Analysis of One Girl's Learning Pathway},
 booktitle = {Proceedings of the The 15th International Conference on Interaction Design and Children},
 series = {IDC '16},
 year = {2016},
 isbn = {978-1-4503-4313-8},
 location = {Manchester, United Kingdom},
 pages = {428--439},
 numpages = {12},
 url = {http://doi.acm.org/10.1145/2930674.2930725},
 doi = {10.1145/2930674.2930725},
 acmid = {2930725},
 publisher = {ACM},
 address = {New York, NY, USA},
 keywords = {Computer science education, Scratch, big data, do-it-yourself media, learning trajectories, microgenetic methods},
}

@article{Shin:2000:PTA:353519.343241,
 author = {Shin, Soo-Bum and Yoo, In-Hwan and Lee, Chul-Hyun and Lee, Tae-Wuk},
 title = {Plan of Teaching \&Amp; Learning for Database Software Through Situated Learning (Poster Session)},
 journal = {SIGCSE Bull.},
 issue_date = {Sept. 2000},
 volume = {32},
 number = {3},
 month = jul,
 year = {2000},
 issn = {0097-8418},
 pages = {193--194},
 numpages = {2},
 url = {http://doi.acm.org/10.1145/353519.343241},
 doi = {10.1145/353519.343241},
 acmid = {343241},
 publisher = {ACM},
 address = {New York, NY, USA},
}

@inproceedings{Shin:2000:PTA:343048.343241,
 author = {Shin, Soo-Bum and Yoo, In-Hwan and Lee, Chul-Hyun and Lee, Tae-Wuk},
 title = {Plan of Teaching \&Amp; Learning for Database Software Through Situated Learning (Poster Session)},
 booktitle = {Proceedings of the 5th Annual SIGCSE/SIGCUE ITiCSEconference on Innovation and Technology in Computer Science Education},
 series = {ITiCSE '00},
 year = {2000},
 isbn = {1-58113-207-7},
 location = {Helsinki, Finland},
 pages = {193--194},
 numpages = {2},
 url = {http://doi.acm.org/10.1145/343048.343241},
 doi = {10.1145/343048.343241},
 acmid = {343241},
 publisher = {ACM},
 address = {New York, NY, USA},
}

@inproceedings{Niemeyer:2009:BCP:1631272.1631514,
 author = {Niemeyer, Greg and Garcia, Antero and Naima, Reza},
 title = {Black Cloud: Patterns Towards Da Future},
 booktitle = {Proceedings of the 17th ACM International Conference on Multimedia},
 series = {MM '09},
 year = {2009},
 isbn = {978-1-60558-608-3},
 location = {Beijing, China},
 pages = {1073--1082},
 numpages = {10},
 url = {http://doi.acm.org/10.1145/1631272.1631514},
 doi = {10.1145/1631272.1631514},
 acmid = {1631514},
 publisher = {ACM},
 address = {New York, NY, USA},
 keywords = {C02, John Dewey, SMS text messaging, VOC, alternate reality game, charts, climate sensing, high school, interactive art, public art, situated learning},
}

@inproceedings{DeWitt:2006:CIF:1231047.1231054,
 author = {DeWitt, Janine and Cicalese, Cynthia},
 title = {Contextual Integration: A Framework for Presenting Social, Legal, and Ethical Content Across the Computer Security and Information Assurance Curriculum},
 booktitle = {Proceedings of the 3rd Annual Conference on Information Security Curriculum Development},
 series = {InfoSecCD '06},
 year = {2006},
 isbn = {1-59593-437-5},
 location = {Kennesaw, Georgia},
 pages = {30--40},
 numpages = {11},
 url = {http://doi.acm.org/10.1145/1231047.1231054},
 doi = {10.1145/1231047.1231054},
 acmid = {1231054},
 publisher = {ACM},
 address = {New York, NY, USA},
 keywords = {active learning, authentic learning, case studies, cognitive apprenticeship, computer security, curriculum, education, ethical reasoning, ethics, information assurance, integrative learning, situated learning, social context},
}

@inproceedings{Opel:2013:ACT:2532748.2532749,
 author = {Opel, Simone and Brinda, Torsten},
 title = {Arguments for Contextual Teaching with Learning Fields in Vocational IT Schools: Results of an Interview Study Among IT and CS Training Companies},
 booktitle = {Proceedings of the 8th Workshop in Primary and Secondary Computing Education},
 series = {WiPSE '13},
 year = {2013},
 isbn = {978-1-4503-2455-7},
 location = {Aarhus, Denmark},
 pages = {122--131},
 numpages = {10},
 url = {http://doi.acm.org/10.1145/2532748.2532749},
 doi = {10.1145/2532748.2532749},
 acmid = {2532749},
 publisher = {ACM},
 address = {New York, NY, USA},
 keywords = {CS company training, IT company training, computer science education, empirical study, interview study, learning fields, learning situations, learning venue cooperation, vocational IT education},
}

@inproceedings{Fischer:1995:DCL:222020.222117,
 author = {Fischer, Gerhard},
 title = {Distributed Cognition, Learning Webs, and Domain-oriented Design Environments},
 booktitle = {The First International Conference on Computer Support for Collaborative Learning},
 series = {CSCL '95},
 year = {1995},
 isbn = {0-8058-2243-7},
 location = {Indiana Univ., Bloomington, Indiana, USA},
 pages = {125--129},
 numpages = {5},
 url = {https://doi.org/10.3115/222020.222117},
 doi = {10.3115/222020.222117},
 acmid = {222117},
 publisher = {L. Erlbaum Associates Inc.},
 address = {Hillsdale, NJ, USA},
 keywords = {distributed cognition, domain-oriented design environments, environments for open-ended and termless learning, learning on demand, learning webs, life-long learning, situated learning in the workplace, theories of collaboration and learning},
}

@inproceedings{Rehm:2010:GAM:1899475.1899477,
 author = {Rehm, Matthias and Leichtenstern, Karin and Plomer, J\"{o}rg and Wiedemann, Christian},
 title = {Gesture Activated Mobile Edutainment (GAME): Intercultural Training of Nonverbal Behavior with Mobile Phones},
 booktitle = {Proceedings of the 9th International Conference on Mobile and Ubiquitous Multimedia},
 series = {MUM '10},
 year = {2010},
 isbn = {978-1-4503-0424-5},
 location = {Limassol, Cyprus},
 pages = {2:1--2:10},
 articleno = {2},
 numpages = {10},
 url = {http://doi.acm.org/10.1145/1899475.1899477},
 doi = {10.1145/1899475.1899477},
 acmid = {1899477},
 publisher = {ACM},
 address = {New York, NY, USA},
 keywords = {gesture recognition, intelligent tutoring system, mobile edutainment, virtual agents},
}

@article{Bozarth:2011:LWI:2025356.2037936,
 author = {Bozarth, Jane},
 title = {Learning In Work:  The Influence of Julian Orr's 'Talking About Machines'},
 journal = {eLearn},
 issue_date = {September 2011},
 volume = {2011},
 number = {9},
 month = sep,
 year = {2011},
 issn = {1535-394X},
 articleno = {6},
 url = {http://doi.acm.org/10.1145/2025356.2037936},
 doi = {10.1145/2025356.2037936},
 acmid = {2037936},
 publisher = {ACM},
 address = {New York, NY, USA},
}

@article{Boufaida:1996:CDC:242649.242652,
 author = {Boufaida, Mahmoud},
 title = {What Courseware Dedicated to Computer Science?},
 journal = {SIGCSE Bull.},
 issue_date = {Dec. 1996},
 volume = {28},
 number = {4},
 month = dec,
 year = {1996},
 issn = {0097-8418},
 pages = {8--14},
 numpages = {7},
 url = {http://doi.acm.org/10.1145/242649.242652},
 doi = {10.1145/242649.242652},
 acmid = {242652},
 publisher = {ACM},
 address = {New York, NY, USA},
}

@inproceedings{Nagata:2014:MAR:2669711.2669966,
 author = {Nagata, Jorge Joo and Giner, Jos{\'e} Rafael Garc\'{\i}a-Bermejo},
 title = {Model of Augmented Reality and Pedestrian Navigation About the Territorial Heritage: Design, Implementation and Evaluation},
 booktitle = {Proceedings of the Second International Conference on Technological Ecosystems for Enhancing Multiculturality},
 series = {TEEM '14},
 year = {2014},
 isbn = {978-1-4503-2896-8},
 location = {Salamanca, Spain},
 pages = {633--637},
 numpages = {5},
 url = {http://doi.acm.org/10.1145/2669711.2669966},
 doi = {10.1145/2669711.2669966},
 acmid = {2669966},
 publisher = {ACM},
 address = {New York, NY, USA},
 keywords = {augmented reality, mobile learning, mobile pedestrian navigation, territorial heritage},
}

@inproceedings{Tholander:2002:SOM:1658616.1658706,
 author = {Tholander, Jakob and Karlgren, Klas},
 title = {Support for Object-oriented Model Construction},
 booktitle = {Proceedings of the Conference on Computer Support for Collaborative Learning: Foundations for a CSCL Community},
 series = {CSCL '02},
 year = {2002},
 location = {Boulder, Colorado},
 pages = {533--534},
 numpages = {2},
 url = {http://dl.acm.org/citation.cfm?id=1658616.1658706},
 acmid = {1658706},
 publisher = {International Society of the Learning Sciences},
}

@inproceedings{Sitorus:2007:TUI:1226969.1227015,
 author = {Sitorus, Larisa and Cao, Shan Shan and Buur, Jacob},
 title = {Tangible User Interfaces for Configuration Practices},
 booktitle = {Proceedings of the 1st International Conference on Tangible and Embedded Interaction},
 series = {TEI '07},
 year = {2007},
 isbn = {978-1-59593-619-6},
 location = {Baton Rouge, Louisiana},
 pages = {223--230},
 numpages = {8},
 url = {http://doi.acm.org/10.1145/1226969.1227015},
 doi = {10.1145/1226969.1227015},
 acmid = {1227015},
 publisher = {ACM},
 address = {New York, NY, USA},
 keywords = {industrial configuration, refrigeration technicians, system maintenance, tangible user interface, user supportive, work practice},
}

@inproceedings{Berland:2010:SGB:1854509.1854715,
 author = {Berland, Matthew and Lee, Victor and DuMont, Maneksha},
 title = {Small Groups, Big Mistakes: The Emergence of Faulty Rules During a Collaborative Board Game},
 booktitle = {Proceedings of the 9th International Conference of the Learning Sciences - Volume 2},
 series = {ICLS '10},
 year = {2010},
 location = {Chicago, Illinois},
 pages = {397--398},
 numpages = {2},
 url = {http://dl.acm.org/citation.cfm?id=1854509.1854715},
 acmid = {1854715},
 publisher = {International Society of the Learning Sciences},
}

@inproceedings{Heckman:2018:DSE:3159450.3159595,
 author = {Heckman, Sarah and King, Jason},
 title = {Developing Software Engineering Skills Using Real Tools for Automated Grading},
 booktitle = {Proceedings of the 49th ACM Technical Symposium on Computer Science Education},
 series = {SIGCSE '18},
 year = {2018},
 isbn = {978-1-4503-5103-4},
 location = {Baltimore, Maryland, USA},
 pages = {794--799},
 numpages = {6},
 url = {http://doi.acm.org/10.1145/3159450.3159595},
 doi = {10.1145/3159450.3159595},
 acmid = {3159595},
 publisher = {ACM},
 address = {New York, NY, USA},
 keywords = {automated grading, continuous integration, software engineering best practice, version control},
}

@inproceedings{Peppler:2008:DDC:1599871.1599896,
 author = {Peppler, Kylie A. and Kafai, Yasmin B.},
 title = {Developing a Design Culture in a Computer Clubhouse: The Role of Local Practices and Mediators},
 booktitle = {Proceedings of the 8th International Conference on International Conference for the Learning Sciences - Volume 2},
 series = {ICLS'08},
 year = {2008},
 location = {Utrecht, The Netherlands},
 pages = {196--203},
 numpages = {8},
 url = {http://dl.acm.org/citation.cfm?id=1599871.1599896},
 acmid = {1599896},
 publisher = {International Society of the Learning Sciences},
}

@article{Li:2008:TSD:1323651.1323656,
 author = {Li, Qing and Lau, Rynson W. H. and Shih, Timothy K. and Li, Frederick W. B.},
 title = {Technology Supports for Distributed and Collaborative Learning over the Internet},
 journal = {ACM Trans. Internet Technol.},
 issue_date = {February 2008},
 volume = {8},
 number = {2},
 month = feb,
 year = {2008},
 issn = {1533-5399},
 pages = {5:1--5:24},
 articleno = {5},
 numpages = {24},
 url = {http://doi.acm.org/10.1145/1323651.1323656},
 doi = {10.1145/1323651.1323656},
 acmid = {1323656},
 publisher = {ACM},
 address = {New York, NY, USA},
 keywords = {Distance learning technologies, collaborative learning, distributed content management, distributed learning},
}

@inproceedings{Newstetter:2004:CPB:1149126.1149171,
 author = {Newstetter, Wendy C. and Kurz-Milcke, Elke and Nersessian, Nancy J.},
 title = {Cognitive Partnerships on the Bench Tops},
 booktitle = {Proceedings of the 6th International Conference on Learning Sciences},
 series = {ICLS '04},
 year = {2004},
 location = {Santa Monica, California},
 pages = {372--379},
 numpages = {8},
 url = {http://dl.acm.org/citation.cfm?id=1149126.1149171},
 acmid = {1149171},
 publisher = {International Society of the Learning Sciences},
}

@article{Butcher-Powell:2003:WDI:771712.771742,
 author = {Butcher-Powell, Loreen Marie and Brazon, Barbara},
 title = {Workshop: Developing Interactive Competence: Student Centered Discussion},
 journal = {J. Comput. Sci. Coll.},
 issue_date = {February 2003},
 volume = {18},
 number = {3},
 month = feb,
 year = {2003},
 issn = {1937-4771},
 pages = {235--240},
 numpages = {6},
 url = {http://dl.acm.org/citation.cfm?id=771712.771742},
 acmid = {771742},
 publisher = {Consortium for Computing Sciences in Colleges},
 address = {USA},
}

@inproceedings{Peppler:2007:CCC:1599600.1599711,
 author = {Peppler, Kylie A. and Kafai, Yasmin B.},
 title = {Collaboration, Computation, and Creativity: Media Arts Practices in Urban Youth Culture},
 booktitle = {Proceedings of the 8th Iternational Conference on Computer Supported Collaborative Learning},
 series = {CSCL'07},
 year = {2007},
 isbn = {978-0-6151-5436-7},
 location = {New Brunswick, New Jersey, USA},
 pages = {590--592},
 numpages = {3},
 url = {http://dl.acm.org/citation.cfm?id=1599600.1599711},
 acmid = {1599711},
 publisher = {International Society of the Learning Sciences},
}

@inproceedings{Rowe:2010:IDG:1822348.1822371,
 author = {Rowe, Jonathan P. and Shores, Lucy R. and Mott, Bradford W. and Lester, James C.},
 title = {Individual Differences in Gameplay and Learning: A Narrative-centered Learning Perspective},
 booktitle = {Proceedings of the Fifth International Conference on the Foundations of Digital Games},
 series = {FDG '10},
 year = {2010},
 isbn = {978-1-60558-937-4},
 location = {Monterey, California},
 pages = {171--178},
 numpages = {8},
 url = {http://doi.acm.org/10.1145/1822348.1822371},
 doi = {10.1145/1822348.1822371},
 acmid = {1822371},
 publisher = {ACM},
 address = {New York, NY, USA},
 keywords = {empirical evaluation, engagement, game-based learning, narrative-centered learning environments},
}

@inproceedings{Ahmadi:2011:TDC:1984674.1984691,
 author = {Ahmadi, Navid and Jazayeri, Mehdi and Repenning, Alexander},
 title = {Towards Democratizing Computer Science Education Through Social Game Design},
 booktitle = {Proceedings of the 1st International Workshop on Games and Software Engineering},
 series = {GAS '11},
 year = {2011},
 isbn = {978-1-4503-0578-5},
 location = {Waikiki, Honolulu, HI, USA},
 pages = {48--51},
 numpages = {4},
 url = {http://doi.acm.org/10.1145/1984674.1984691},
 doi = {10.1145/1984674.1984691},
 acmid = {1984691},
 publisher = {ACM},
 address = {New York, NY, USA},
 keywords = {communities of practice, educational game design, peer learning, social interfaces, social learning, web 2.0},
}

@inproceedings{Richardson:2018:PCS:3229434.3229462,
 author = {Richardson, Dan and Jarusriboonchai, Pradthana and Montague, Kyle and Kharrufa, Ahmed},
 title = {Parklearn: Creating, Sharing and Engaging with Place-based Activities for Seamless Mobile Learning},
 booktitle = {Proceedings of the 20th International Conference on Human-Computer Interaction with Mobile Devices and Services},
 series = {MobileHCI '18},
 year = {2018},
 isbn = {978-1-4503-5898-9},
 location = {Barcelona, Spain},
 pages = {25:1--25:12},
 articleno = {25},
 numpages = {12},
 url = {http://doi.acm.org/10.1145/3229434.3229462},
 doi = {10.1145/3229434.3229462},
 acmid = {3229462},
 publisher = {ACM},
 address = {New York, NY, USA},
 keywords = {civic learning, community curriculum, digital civics, mobile learning, outdoor learning},
}

@inproceedings{Solomon:2010:PWW:1854509.1854558,
 author = {Solomon, Folashade Cromwell},
 title = {Paper 3: A Writer's Way: One Teacher's Experience Learning to See Her Students' Intellectual Strengths},
 booktitle = {Proceedings of the 9th International Conference of the Learning Sciences - Volume 2},
 series = {ICLS '10},
 year = {2010},
 location = {Chicago, Illinois},
 pages = {115--116},
 numpages = {2},
 url = {http://dl.acm.org/citation.cfm?id=1854509.1854558},
 acmid = {1854558},
 publisher = {International Society of the Learning Sciences},
}

@inproceedings{Peters:2014:IDC:2670757.2670787,
 author = {Peters, Anne-Kathrin and Rick, Detlef},
 title = {Identity Development in Computing Education: Theoretical Perspectives and an Implementation in the Classroom},
 booktitle = {Proceedings of the 9th Workshop in Primary and Secondary Computing Education},
 series = {WiPSCE '14},
 year = {2014},
 isbn = {978-1-4503-3250-7},
 location = {Berlin, Germany},
 pages = {70--79},
 numpages = {10},
 url = {http://doi.acm.org/10.1145/2670757.2670787},
 doi = {10.1145/2670757.2670787},
 acmid = {2670787},
 publisher = {ACM},
 address = {New York, NY, USA},
 keywords = {identification, identity development, psychosocial and sociocultural aspects, real-world context},
}

@inproceedings{Eales:2004:KMA:976310.976315,
 author = {Eales, R. T. Jim},
 title = {A Knowledge Management Approach to User Support},
 booktitle = {Proceedings of the Fifth Conference on Australasian User Interface - Volume 28},
 series = {AUIC '04},
 year = {2004},
 location = {Dunedin, New Zealand},
 pages = {33--38},
 numpages = {6},
 url = {http://dl.acm.org/citation.cfm?id=976310.976315},
 acmid = {976315},
 publisher = {Australian Computer Society, Inc.},
 address = {Darlinghurst, Australia, Australia},
 keywords = {collaborative support, communities of practice, recorded demonstrations, user support},
}

@inproceedings{Brennan:2009:SOC:1599503.1599529,
 author = {Brennan, Karen},
 title = {Scratch-Ed: An Online Community for Scratch Educators},
 booktitle = {Proceedings of the 9th International Conference on Computer Supported Collaborative Learning - Volume 2},
 series = {CSCL'09},
 year = {2009},
 isbn = {978-1-4092-8598-4},
 location = {Rhodes, Greece},
 pages = {76--78},
 numpages = {3},
 url = {http://dl.acm.org/citation.cfm?id=1599503.1599529},
 acmid = {1599529},
 publisher = {International Society of the Learning Sciences},
}

@inproceedings{Ligorio:2002:EST:1658616.1658750,
 author = {Ligorio, Maria Beatrice and Talamo, Alessandra and Simons, Robert-Jan},
 title = {Examining Synchronous Tutoring in a Virtual World},
 booktitle = {Proceedings of the Conference on Computer Support for Collaborative Learning: Foundations for a CSCL Community},
 series = {CSCL '02},
 year = {2002},
 location = {Boulder, Colorado},
 pages = {615--616},
 numpages = {2},
 url = {http://dl.acm.org/citation.cfm?id=1658616.1658750},
 acmid = {1658750},
 publisher = {International Society of the Learning Sciences},
 keywords = {constructivism, discourse analysis, new learning, on-line tutorship, virtual community},
}

@article{Dahlberg:2008:IRG:1352322.1352293,
 author = {Dahlberg, Teresa and Barnes, Tiffany and Rorrer, Audrey and Powell, Eve and Cairco, Lauren},
 title = {Improving Retention and Graduate Recruitment Through Immersive Research Experiences for Undergraduates},
 journal = {SIGCSE Bull.},
 issue_date = {March 2008},
 volume = {40},
 number = {1},
 month = mar,
 year = {2008},
 issn = {0097-8418},
 pages = {466--470},
 numpages = {5},
 url = {http://doi.acm.org/10.1145/1352322.1352293},
 doi = {10.1145/1352322.1352293},
 acmid = {1352293},
 publisher = {ACM},
 address = {New York, NY, USA},
 keywords = {education, undergraduate research},
}

@inproceedings{Dahlberg:2008:IRG:1352135.1352293,
 author = {Dahlberg, Teresa and Barnes, Tiffany and Rorrer, Audrey and Powell, Eve and Cairco, Lauren},
 title = {Improving Retention and Graduate Recruitment Through Immersive Research Experiences for Undergraduates},
 booktitle = {Proceedings of the 39th SIGCSE Technical Symposium on Computer Science Education},
 series = {SIGCSE '08},
 year = {2008},
 isbn = {978-1-59593-799-5},
 location = {Portland, OR, USA},
 pages = {466--470},
 numpages = {5},
 url = {http://doi.acm.org/10.1145/1352135.1352293},
 doi = {10.1145/1352135.1352293},
 acmid = {1352293},
 publisher = {ACM},
 address = {New York, NY, USA},
 keywords = {education, undergraduate research},
}

@inproceedings{Orth:2008:SML:1599871.1599890,
 author = {Orth, Cordula and Bastiaens, Theo J.},
 title = {Situated Multimedia Learning for Older Adults: Exploring the Benefits of Age-specific Instructional Design},
 booktitle = {Proceedings of the 8th International Conference on International Conference for the Learning Sciences - Volume 2},
 series = {ICLS'08},
 year = {2008},
 location = {Utrecht, The Netherlands},
 pages = {148--155},
 numpages = {8},
 url = {http://dl.acm.org/citation.cfm?id=1599871.1599890},
 acmid = {1599890},
 publisher = {International Society of the Learning Sciences},
}

@inproceedings{Nagata:2016:ARP:3012430.3012579,
 author = {Nagata, Jorge Joo and Giner, Jos{\'e} Garc\'{\i}a-Bermejo and Abad, Fernando Martinez},
 title = {Augmented Reality and Pedestrian Navigation Through of Mobile Implementation on Heritage Content},
 booktitle = {Proceedings of the Fourth International Conference on Technological Ecosystems for Enhancing Multiculturality},
 series = {TEEM '16},
 year = {2016},
 isbn = {978-1-4503-4747-1},
 location = {Salamanca, Spain},
 pages = {593--598},
 numpages = {6},
 url = {http://doi.acm.org/10.1145/3012430.3012579},
 doi = {10.1145/3012430.3012579},
 acmid = {3012579},
 publisher = {ACM},
 address = {New York, NY, USA},
 keywords = {augmented reality, digital maps, mobile devices, mobile pedestrian navigation, territorial heritage},
}

@inproceedings{Holdsworth:2009:GML:1536513.1536536,
 author = {Holdsworth, Jason J and Lui, Siu Man},
 title = {GPS-enabled Mobiles for Learning Shortest Paths: A Pilot Study},
 booktitle = {Proceedings of the 4th International Conference on Foundations of Digital Games},
 series = {FDG '09},
 year = {2009},
 isbn = {978-1-60558-437-9},
 location = {Orlando, Florida},
 pages = {86--90},
 numpages = {5},
 url = {http://doi.acm.org/10.1145/1536513.1536536},
 doi = {10.1145/1536513.1536536},
 acmid = {1536536},
 publisher = {ACM},
 address = {New York, NY, USA},
 keywords = {GPS-enabled mobile phones, mobile learning, problem-based learning, shortest paths algorithm},
}

@inproceedings{Kim:2007:SVC:1599600.1599670,
 author = {Kim, Kibum and Tatar, Deborah and Harrison, Steve},
 title = {Sharing Visual Context to Facilitate Late Overhearer's Understanding of the Handheld-based Learning Activity},
 booktitle = {Proceedings of the 8th Iternational Conference on Computer Supported Collaborative Learning},
 series = {CSCL'07},
 year = {2007},
 isbn = {978-0-6151-5436-7},
 location = {New Brunswick, New Jersey, USA},
 pages = {367--369},
 numpages = {3},
 url = {http://dl.acm.org/citation.cfm?id=1599600.1599670},
 acmid = {1599670},
 publisher = {International Society of the Learning Sciences},
}

@inproceedings{Bomfim:2018:PBG:3170427.3188496,
 author = {Bomfim, Marcela C. C. and Wallace, James R.},
 title = {Pirate Bri's Grocery Adventure: Teaching Food Literacy Through Shopping},
 booktitle = {Extended Abstracts of the 2018 CHI Conference on Human Factors in Computing Systems},
 series = {CHI EA '18},
 year = {2018},
 isbn = {978-1-4503-5621-3},
 location = {Montreal QC, Canada},
 pages = {LBW068:1--LBW068:6},
 articleno = {LBW068},
 numpages = {6},
 url = {http://doi.acm.org/10.1145/3170427.3188496},
 doi = {10.1145/3170427.3188496},
 acmid = {3188496},
 publisher = {ACM},
 address = {New York, NY, USA},
 keywords = {food literacy, grocery shopping, mobile nutrition game, self determination theory},
}

@inproceedings{Guzdial:2006:IIL:1151588.1151597,
 author = {Guzdial, Mark and Tew, Allison Elliott},
 title = {Imagineering Inauthentic Legitimate Peripheral Participation: An Instructional Design Approach for Motivating Computing Education},
 booktitle = {Proceedings of the Second International Workshop on Computing Education Research},
 series = {ICER '06},
 year = {2006},
 isbn = {1-59593-494-4},
 location = {Canterbury, United Kingdom},
 pages = {51--58},
 numpages = {8},
 url = {http://doi.acm.org/10.1145/1151588.1151597},
 doi = {10.1145/1151588.1151597},
 acmid = {1151597},
 publisher = {ACM},
 address = {New York, NY, USA},
 keywords = {CS1/2, course design, non-majors, programming},
}

@inproceedings{Kostopoulou:2018:MSN:3284389.3284395,
 author = {Kostopoulou, Efstathia and Javornik, Ana and Koutsolampros, Petros and Julier, Simon and Fatah gen. Schieck, Ava},
 title = {Mediated Spatial Narratives: Experiencing Archival Material and Shared Memories in Urban Space},
 booktitle = {Proceedings of the 4th Media Architecture Biennale Conference},
 series = {MAB18},
 year = {2018},
 isbn = {978-1-4503-6478-2},
 location = {Beijing, China},
 pages = {118--127},
 numpages = {10},
 url = {http://doi.acm.org/10.1145/3284389.3284395},
 doi = {10.1145/3284389.3284395},
 acmid = {3284395},
 publisher = {ACM},
 address = {New York, NY, USA},
 keywords = {Augmented reality, Digital heritage, Spatial Narratives, Urban space},
}

@inproceedings{Dengel:2016:DCA:2925995.2926052,
 author = {Dengel, Andreas},
 title = {Digital Co-Creation and Augmented Learning},
 booktitle = {Proceedings of the The 11th International Knowledge Management in Organizations Conference on The Changing Face of Knowledge Management Impacting Society},
 series = {KMO '16},
 year = {2016},
 isbn = {978-1-4503-4064-9},
 location = {Hagen, Germany},
 pages = {3:1--3:8},
 articleno = {3},
 numpages = {8},
 url = {http://doi.acm.org/10.1145/2925995.2926052},
 doi = {10.1145/2925995.2926052},
 acmid = {2926052},
 publisher = {ACM},
 address = {New York, NY, USA},
 keywords = {Augmented Reality, Digital Companions, Eye Tracking, Knowledge Management, Learning, Reading, Semantic technologies},
}

@inproceedings{Kolodner:1996:PLM:1161135.1161161,
 author = {Kolodner, Janet L. and Hmelo, Cindy E. and Narayanan, N. Hari},
 title = {Problem-based Learning Meets Case-based Reasoning},
 booktitle = {Proceedings of the 1996 International Conference on Learning Sciences},
 series = {ICLS '96},
 year = {1996},
 isbn = {1-880094-23-1},
 location = {Evanston, Illinois},
 pages = {188--195},
 numpages = {8},
 url = {http://dl.acm.org/citation.cfm?id=1161135.1161161},
 acmid = {1161161},
 publisher = {International Society of the Learning Sciences},
}

@inproceedings{Parker:2016:SPS:2839509.2850544,
 author = {Parker, Rick},
 title = {Student Perceptions of Success in Computer Science Senior Capstone Projects (Abstract Only)},
 booktitle = {Proceedings of the 47th ACM Technical Symposium on Computing Science Education},
 series = {SIGCSE '16},
 year = {2016},
 isbn = {978-1-4503-3685-7},
 location = {Memphis, Tennessee, USA},
 pages = {689--689},
 numpages = {1},
 url = {http://doi.acm.org/10.1145/2839509.2850544},
 doi = {10.1145/2839509.2850544},
 acmid = {2850544},
 publisher = {ACM},
 address = {New York, NY, USA},
 keywords = {capstone, computer science education, student perceptions},
}

@inproceedings{Iqbal:2010:SLI:1967486.1967545,
 author = {Iqbal, Tassawar and Hammerm\"{u}ller, Klaus and Tjoa, A. Min},
 title = {Second Life for Illiterates: A 3D Virtual World Platform for Adult Basic Education},
 booktitle = {Proceedings of the 12th International Conference on Information Integration and Web-based Applications \&\#38; Services},
 series = {iiWAS '10},
 year = {2010},
 isbn = {978-1-4503-0421-4},
 location = {Paris, France},
 pages = {373--380},
 numpages = {8},
 url = {http://doi.acm.org/10.1145/1967486.1967545},
 doi = {10.1145/1967486.1967545},
 acmid = {1967545},
 publisher = {ACM},
 address = {New York, NY, USA},
 keywords = {3D virtual world (VW), adaptive interfaces, adult basic education (ABE), second life (SL), techno-literacy},
}

@inproceedings{Arias:1999:BAI:1150240.1150242,
 author = {Arias, Ernesto G. and Eden, Hal and Fischer, Gerhard and Gorman, Andrew and Scharff, Eric},
 title = {Beyond Access: Informed Participation and Empowerment},
 booktitle = {Proceedings of the 1999 Conference on Computer Support for Collaborative Learning},
 series = {CSCL '99},
 year = {1999},
 location = {Palo Alto, California},
 articleno = {2},
 url = {http://dl.acm.org/citation.cfm?id=1150240.1150242},
 acmid = {1150242},
 publisher = {International Society of the Learning Sciences},
 keywords = {CSCL in community and informal settings, active participation, distributed cognition, integrated physical and computational spaces, participatory design, shared knowledge},
}

@inproceedings{Gibson:2018:PML:3170358.3170384,
 author = {Gibson, Andrew and Lang, Charles},
 title = {The Pragmatic Maxim As Learning Analytics Research Method},
 booktitle = {Proceedings of the 8th International Conference on Learning Analytics and Knowledge},
 series = {LAK '18},
 year = {2018},
 isbn = {978-1-4503-6400-3},
 location = {Sydney, New South Wales, Australia},
 pages = {461--465},
 numpages = {5},
 url = {http://doi.acm.org/10.1145/3170358.3170384},
 doi = {10.1145/3170358.3170384},
 acmid = {3170384},
 publisher = {ACM},
 address = {New York, NY, USA},
 keywords = {inquiry, learning analytics, pragmatism, research methods},
}

@inproceedings{Hmelo:1996:BGB:1161135.1161153,
 author = {Hmelo, Cindy E. and Guzdial, Mark},
 title = {Of Black and Glass Boxes: Scaffolding for Doing and Learning},
 booktitle = {Proceedings of the 1996 International Conference on Learning Sciences},
 series = {ICLS '96},
 year = {1996},
 isbn = {1-880094-23-1},
 location = {Evanston, Illinois},
 pages = {128--134},
 numpages = {7},
 url = {http://dl.acm.org/citation.cfm?id=1161135.1161153},
 acmid = {1161153},
 publisher = {International Society of the Learning Sciences},
}

@inproceedings{Chen:2004:PFB:1149126.1149140,
 author = {Chen, Fei-ching},
 title = {Passive Forum Behaviors (Lurking): A Community Perspective},
 booktitle = {Proceedings of the 6th International Conference on Learning Sciences},
 series = {ICLS '04},
 year = {2004},
 location = {Santa Monica, California},
 pages = {128--135},
 numpages = {8},
 url = {http://dl.acm.org/citation.cfm?id=1149126.1149140},
 acmid = {1149140},
 publisher = {International Society of the Learning Sciences},
}

@proceedings{2012:2389268,
 title = {MLA '12: Proceedings of the 1st International Workshop on Multimodal Learning Analytics},
 year = {2012},
 isbn = {978-1-4503-1515-9},
 location = {Santa Monica, California},
 publisher = {ACM},
 address = {New York, NY, USA},
key = {{$\!\!$}} ,
}

@inproceedings{Krauss:2017:TAW:3136907.3136937,
 author = {Krauss, Christopher and Merceron, Agathe and An, Truong-Sinh and Zwicklbauer, Miggi and Steglich, Stephan and Arbanowski, Stefan},
 title = {Teaching Advanced Web Technologies with a Mobile Learning Companion Application},
 booktitle = {Proceedings of the 16th World Conference on Mobile and Contextual Learning},
 series = {mLearn 2017},
 year = {2017},
 isbn = {978-1-4503-5255-0},
 location = {Larnaca, Cyprus},
 pages = {29:1--29:4},
 articleno = {29},
 numpages = {4},
 url = {http://doi.acm.org/10.1145/3136907.3136937},
 doi = {10.1145/3136907.3136937},
 acmid = {3136937},
 publisher = {ACM},
 address = {New York, NY, USA},
 keywords = {Adaptive Learning, Recommender Systems, Web Technologies},
}

@inproceedings{Saxberg:2017:LEA:3051457.3054019,
 author = {Saxberg, Bror},
 title = {Learning Engineering: The Art of Applying Learning Science at Scale},
 booktitle = {Proceedings of the Fourth (2017) ACM Conference on Learning @ Scale},
 series = {L@S '17},
 year = {2017},
 isbn = {978-1-4503-4450-0},
 location = {Cambridge, Massachusetts, USA},
 pages = {1--1},
 numpages = {1},
 url = {http://doi.acm.org/10.1145/3051457.3054019},
 doi = {10.1145/3051457.3054019},
 acmid = {3054019},
 publisher = {ACM},
 address = {New York, NY, USA},
 keywords = {applied cognitive science, e-learning, education technology, evidence-based instructional design, learning engineering},
}

@inproceedings{Wimuttipanya:2019:MEI:3323771.3323815,
 author = {Wimuttipanya, Jittawisut},
 title = {Monitoring and Evaluation of Internship 1 with PDCA Quality Cycle and Coaching Process on Smartphone},
 booktitle = {Proceedings of the 2019 7th International Conference on Information and Education Technology},
 series = {ICIET 2019},
 year = {2019},
 isbn = {978-1-4503-6639-7},
 location = {Aizu-Wakamatsu, Japan},
 pages = {316--319},
 numpages = {4},
 url = {http://doi.acm.org/10.1145/3323771.3323815},
 doi = {10.1145/3323771.3323815},
 acmid = {3323815},
 publisher = {ACM},
 address = {New York, NY, USA},
 keywords = {Evaluation, Internship 1, Monitoring, PDCA, Smartphone},
}

@proceedings{Ochoa:2014:2666633,
 title = {MLA '14: Proceedings of the 2014 ACM Workshop on Multimodal Learning Analytics Workshop and Grand Challenge},
 year = {2014},
 isbn = {978-1-4503-0488-7},
 location = {Istanbul, Turkey},
 publisher = {ACM},
 address = {New York, NY, USA},
}

