@inproceedings{Ismailovic:2012:ASG:2663700.2663705,
 author = {Ismailovi\'{c}, Damir and Haladjian, Juan and K\"{o}hler, Barbara and Pagano, Dennis and Br\"{u}gge, Bernd},
 title = {Adaptive Serious Game Development},
 booktitle = {Proceedings of the Second International Workshop on Games and Software Engineering: Realizing User Engagement with Game Engineering Techniques},
 series = {GAS '12},
 year = {2012},
 isbn = {978-1-4673-1768-9},
 location = {Zurich, Switzerland},
 pages = {23--26},
 numpages = {4},
 url = {http://dl.acm.org/citation.cfm?id=2663700.2663705},
 acmid = {2663705},
 publisher = {IEEE Press},
 address = {Piscataway, NJ, USA},
 keywords = {adaptivity, game development, serious games},
}

