@inproceedings{Huff:2010:CLS:1854360.1854383,
 author = {Huff, Markus and Bauhoff, Vera and Schwan, Stephan},
 title = {A Closer Look at the Split Attention Effect: Integrated Presentation Formats for Troubleshooting Tasks},
 booktitle = {Proceedings of the 9th International Conference of the Learning Sciences - Volume 1},
 series = {ICLS '10},
 year = {2010},
 location = {Chicago, Illinois},
 pages = {174--181},
 numpages = {8},
 url = {http://dl.acm.org/citation.cfm?id=1854360.1854383},
 acmid = {1854383},
 publisher = {International Society of the Learning Sciences},
}

@article{Shin:2016:EMD:2954340.2914797,
 author = {Shin, Shin-Shing},
 title = {Evaluation of Model Driven Architecture-Based Instruction for Understanding Phase Transitions in Object-Oriented Analysis and Design},
 journal = {Trans. Comput. Educ.},
 issue_date = {October 2016},
 volume = {16},
 number = {4},
 month = aug,
 year = {2016},
 issn = {1946-6226},
 pages = {17:1--17:21},
 articleno = {17},
 numpages = {21},
 url = {http://doi.acm.org/10.1145/2914797},
 doi = {10.1145/2914797},
 acmid = {2914797},
 publisher = {ACM},
 address = {New York, NY, USA},
 keywords = {Cognitive load theory, model driven architecture, object-oriented analysis and design, phase transition, representation format, split-attention effect},
}

@inproceedings{Uchidiuno:2017:CES:3051457.3053981,
 author = {Uchidiuno, Judith and Hammer, Jessica and Yarzebinski, Evelyn and Koedinger, Kenneth R. and Ogan, Amy},
 title = {Characterizing ELL Students' Behavior During MOOC Videos Using Content Type},
 booktitle = {Proceedings of the Fourth (2017) ACM Conference on Learning @ Scale},
 series = {L@S '17},
 year = {2017},
 isbn = {978-1-4503-4450-0},
 location = {Cambridge, Massachusetts, USA},
 pages = {185--188},
 numpages = {4},
 url = {http://doi.acm.org/10.1145/3051457.3053981},
 doi = {10.1145/3051457.3053981},
 acmid = {3053981},
 publisher = {ACM},
 address = {New York, NY, USA},
 keywords = {ell student identification, english language learners, language support interventions, mooc behavioral analysis, moocs},
}

@inproceedings{Clarebout:2008:UIE:1599812.1599829,
 author = {Clarebout, Geraldine and Coens, Joke and Elen, Jan},
 title = {The Use of iPods in Education: A Cognitive Perspective},
 booktitle = {Proceedings of the 8th International Conference on International Conference for the Learning Sciences - Volume 1},
 series = {ICLS'08},
 year = {2008},
 location = {Utrecht, The Netherlands},
 pages = {153--158},
 numpages = {6},
 url = {http://dl.acm.org/citation.cfm?id=1599812.1599829},
 acmid = {1599829},
 publisher = {International Society of the Learning Sciences},
}

@inproceedings{Sweller:2008:EBH:1404520.1404521,
 author = {Sweller, John},
 title = {Evolutionary Bases of Human Cognitive Architecture: Implications for Computing Education},
 booktitle = {Proceedings of the Fourth International Workshop on Computing Education Research},
 series = {ICER '08},
 year = {2008},
 isbn = {978-1-60558-216-0},
 location = {Sydney, Australia},
 pages = {1--2},
 numpages = {2},
 url = {http://doi.acm.org/10.1145/1404520.1404521},
 doi = {10.1145/1404520.1404521},
 acmid = {1404521},
 publisher = {ACM},
 address = {New York, NY, USA},
 keywords = {cognition, cognitive load theory, instruction},
}

