@inproceedings{Rodriguez:2018:RBS:3278625.3278636,
 author = {Rodriguez, Philip Louis Piaget},
 title = {Reverie [Best Student Film Award]},
 booktitle = {SIGGRAPH Asia 2018 Computer Animation Festival},
 series = {SA '18},
 year = {2018},
 isbn = {978-1-4503-6061-6},
 location = {Tokyo, Japan},
 pages = {30:1--30:1},
 articleno = {30},
 numpages = {1},
 url = {http://doi.acm.org/10.1145/3278625.3278636},
 doi = {10.1145/3278625.3278636},
 acmid = {3278636},
 publisher = {ACM},
 address = {New York, NY, USA},
}

@inproceedings{Kuruvilla:2013:SUC:2463209.2488958,
 author = {Kuruvilla, Vimitha and Sinha, Debjit and Piaget, Jeff and Visweswariah, Chandu and Chandrachoodan, Nitin},
 title = {Speeding Up Computation of the Max/Min of a Set of Gaussians for Statistical Timing Analysis and Optimization},
 booktitle = {Proceedings of the 50th Annual Design Automation Conference},
 series = {DAC '13},
 year = {2013},
 isbn = {978-1-4503-2071-9},
 location = {Austin, Texas},
 pages = {182:1--182:7},
 articleno = {182},
 numpages = {7},
 url = {http://doi.acm.org/10.1145/2463209.2488958},
 doi = {10.1145/2463209.2488958},
 acmid = {2488958},
 publisher = {ACM},
 address = {New York, NY, USA},
 keywords = {statistical timing, variability},
}

@inproceedings{Zipitria:2018:PCT:3289406.3289412,
 author = {Zipitr\'{\i}a, Sylvia da Rosa},
 title = {Piaget and Computational Thinking},
 booktitle = {Proceedings of the 7th Computer Science Education Research Conference},
 series = {CSERC '18},
 year = {2018},
 isbn = {978-1-4503-6624-3},
 location = {Saint Petersburg, Russian Federation},
 pages = {44--50},
 numpages = {7},
 url = {http://doi.acm.org/10.1145/3289406.3289412},
 doi = {10.1145/3289406.3289412},
 acmid = {3289412},
 publisher = {ACM},
 address = {New York, NY, USA},
 keywords = {Learning to program, Novice learners, Piaget's theory},
}

@inproceedings{Szabo:2014:ECD:2674683.2674691,
 author = {Szabo, Claudia and Falkner, Katrina and Falkner, Nickolas},
 title = {Experiences in Course Design Using Neo-piagetian Theory},
 booktitle = {Proceedings of the 14th Koli Calling International Conference on Computing Education Research},
 series = {Koli Calling '14},
 year = {2014},
 isbn = {978-1-4503-3065-7},
 location = {Koli, Finland},
 pages = {81--90},
 numpages = {10},
 url = {http://doi.acm.org/10.1145/2674683.2674691},
 doi = {10.1145/2674683.2674691},
 acmid = {2674691},
 publisher = {ACM},
 address = {New York, NY, USA},
 keywords = {computer science education, course design, neo-piaget},
}

@inproceedings{Corney:2014:EPE:2538862.2538911,
 author = {Corney, Malcolm and Fitzgerald, Sue and Hanks, Brian and Lister, Raymond and McCauley, Renee and Murphy, Laurie},
 title = {'Explain in Plain English' Questions Revisited: Data Structures Problems},
 booktitle = {Proceedings of the 45th ACM Technical Symposium on Computer Science Education},
 series = {SIGCSE '14},
 year = {2014},
 isbn = {978-1-4503-2605-6},
 location = {Atlanta, Georgia, USA},
 pages = {591--596},
 numpages = {6},
 url = {http://doi.acm.org/10.1145/2538862.2538911},
 doi = {10.1145/2538862.2538911},
 acmid = {2538911},
 publisher = {ACM},
 address = {New York, NY, USA},
 keywords = {computer science education research, cs2, data structures, explain in plain english, mixed methods, neo-piaget, qualitative research methods, solo taxonomy},
}

@article{Ames:2018:HCC:3290265.3274287,
 author = {Ames, Morgan G.},
 title = {Hackers, Computers, and Cooperation: A Critical History of Logo and Constructionist Learning},
 journal = {Proc. ACM Hum.-Comput. Interact.},
 issue_date = {November 2018},
 volume = {2},
 number = {CSCW},
 month = nov,
 year = {2018},
 issn = {2573-0142},
 pages = {18:1--18:19},
 articleno = {18},
 numpages = {19},
 url = {http://doi.acm.org/10.1145/3274287},
 doi = {10.1145/3274287},
 acmid = {3274287},
 publisher = {ACM},
 address = {New York, NY, USA},
 keywords = {ai, constructionism, education, fablabs, hackers, ideology, learning, logo, maker movement, media lab, mindstorms, mit, olpc, piaget, robotics, scaffolding, school, scratch, seymour papert, teachers},
}

@inproceedings{Hourcade:2019:CDI:3311927.3325168,
 author = {Hourcade, Juan Pablo and Pantoja, Luiza Superti and Diederich, Kyle},
 title = {Child Development and Interaction Design},
 booktitle = {Proceedings of the 18th ACM International Conference on Interaction Design and Children},
 series = {IDC '19},
 year = {2019},
 isbn = {978-1-4503-6690-8},
 location = {Boise, ID, USA},
 pages = {706--709},
 numpages = {4},
 url = {http://doi.acm.org/10.1145/3311927.3325168},
 doi = {10.1145/3311927.3325168},
 acmid = {3325168},
 publisher = {ACM},
 address = {New York, NY, USA},
 keywords = {Children~child development, guidelines, interaction design},
}

@inproceedings{Duchowski:2011:TTN:1953163.1953267,
 author = {Duchowski, Andrew T. and Geist, Robert and Schalkoff, Robert and Westall, James},
 title = {TEXNH Trees: A New Course in Data Structures},
 booktitle = {Proceedings of the 42Nd ACM Technical Symposium on Computer Science Education},
 series = {SIGCSE '11},
 year = {2011},
 isbn = {978-1-4503-0500-6},
 location = {Dallas, TX, USA},
 pages = {341--346},
 numpages = {6},
 url = {http://doi.acm.org/10.1145/1953163.1953267},
 doi = {10.1145/1953163.1953267},
 acmid = {1953267},
 publisher = {ACM},
 address = {New York, NY, USA},
 keywords = {TEXNH, computer graphics, curriculum design, problem-based instruction, ray-tracing},
}

@article{Dunlavey:1979:PAI:1115918.1115922,
 author = {Dunlavey, Michael R.},
 title = {The Procedural Approach to Interactive Design Graphics},
 journal = {SIGGRAPH Comput. Graph.},
 issue_date = {March 1979},
 volume = {13},
 number = {1},
 month = mar,
 year = {1979},
 issn = {0097-8930},
 pages = {110--147},
 numpages = {38},
 url = {http://doi.acm.org/10.1145/1115918.1115922},
 doi = {10.1145/1115918.1115922},
 acmid = {1115922},
 publisher = {ACM},
 address = {New York, NY, USA},
 keywords = {CAD, automata theory, communication, computer aided design, coroutines, design, graphics, information theory, interactive computer graphics, mechanical, procedural description, shape description},
}

@inproceedings{Hagiwara:2011:LCT:2002736.2002749,
 author = {Hagiwara, Masato and Sekine, Satoshi},
 title = {Latent Class Transliteration Based on Source Language Origin},
 booktitle = {Proceedings of the 49th Annual Meeting of the Association for Computational Linguistics: Human Language Technologies: Short Papers - Volume 2},
 series = {HLT '11},
 year = {2011},
 isbn = {978-1-932432-88-6},
 location = {Portland, Oregon},
 pages = {53--57},
 numpages = {5},
 url = {http://dl.acm.org/citation.cfm?id=2002736.2002749},
 acmid = {2002749},
 publisher = {Association for Computational Linguistics},
 address = {Stroudsburg, PA, USA},
}

@article{deBry:2004:LER:1040231.1040268,
 author = {deBry, Roger},
 title = {Learning Exercises for the Rest of the Brain},
 journal = {J. Comput. Sci. Coll.},
 issue_date = {October 2004},
 volume = {20},
 number = {1},
 month = oct,
 year = {2004},
 issn = {1937-4771},
 pages = {291--296},
 numpages = {6},
 url = {http://dl.acm.org/citation.cfm?id=1040231.1040268},
 acmid = {1040268},
 publisher = {Consortium for Computing Sciences in Colleges},
 address = {USA},
}

@inproceedings{Lister:2016:TDE:2978249.2978251,
 author = {Lister, Raymond},
 title = {Toward a Developmental Epistemology of Computer Programming},
 booktitle = {Proceedings of the 11th Workshop in Primary and Secondary Computing Education},
 series = {WiPSCE '16},
 year = {2016},
 isbn = {978-1-4503-4223-0},
 location = {M\&\#252;nster, Germany},
 pages = {5--16},
 numpages = {12},
 url = {http://doi.acm.org/10.1145/2978249.2978251},
 doi = {10.1145/2978249.2978251},
 acmid = {2978251},
 publisher = {ACM},
 address = {New York, NY, USA},
}

@inproceedings{Hagiwara:2012:LST:2392777.2392782,
 author = {Hagiwara, Masato and Sekine, Satoshi},
 title = {Latent Semantic Transliteration Using Dirichlet Mixture},
 booktitle = {Proceedings of the 4th Named Entity Workshop},
 series = {NEWS '12},
 year = {2012},
 location = {Jeju, Republic of Korea},
 pages = {30--37},
 numpages = {8},
 url = {http://dl.acm.org/citation.cfm?id=2392777.2392782},
 acmid = {2392782},
 publisher = {Association for Computational Linguistics},
 address = {Stroudsburg, PA, USA},
}

@inproceedings{Syslo:2014:PCC:2670757.2670790,
 author = {Sys\lo, Maciej M. and Kwiatkowska, Anna Beata},
 title = {Playing with Computing at a Children's University},
 booktitle = {Proceedings of the 9th Workshop in Primary and Secondary Computing Education},
 series = {WiPSCE '14},
 year = {2014},
 isbn = {978-1-4503-3250-7},
 location = {Berlin, Germany},
 pages = {104--107},
 numpages = {4},
 url = {http://doi.acm.org/10.1145/2670757.2670790},
 doi = {10.1145/2670757.2670790},
 acmid = {2670790},
 publisher = {ACM},
 address = {New York, NY, USA},
 keywords = {animation of algorithms, computing tools, games, graph models, unplugged CS},
}

@inproceedings{Gelderblom:2004:DSY:1017833.1017851,
 author = {Gelderblom, Helene},
 title = {Designing Software for Young Children: Theoretically Grounded Guidelines},
 booktitle = {Proceedings of the 2004 Conference on Interaction Design and Children: Building a Community},
 series = {IDC '04},
 year = {2004},
 isbn = {1-58113-791-5},
 location = {Maryland},
 pages = {121--122},
 numpages = {2},
 url = {http://doi.acm.org/10.1145/1017833.1017851},
 doi = {10.1145/1017833.1017851},
 acmid = {1017851},
 publisher = {ACM},
 address = {New York, NY, USA},
 keywords = {child-computer interaction, cognitive development, design guidelines, developmental psychology, young children},
}

@inproceedings{Teague:2014:PRW:2591708.2591712,
 author = {Teague, Donna and Lister, Raymond},
 title = {Programming: Reading, Writing and Reversing},
 booktitle = {Proceedings of the 2014 Conference on Innovation \&\#38; Technology in Computer Science Education},
 series = {ITiCSE '14},
 year = {2014},
 isbn = {978-1-4503-2833-3},
 location = {Uppsala, Sweden},
 pages = {285--290},
 numpages = {6},
 url = {http://doi.acm.org/10.1145/2591708.2591712},
 doi = {10.1145/2591708.2591712},
 acmid = {2591712},
 publisher = {ACM},
 address = {New York, NY, USA},
 keywords = {neo-piagetian theory, novice programmers, programming, reversibility, think aloud},
}

@inproceedings{Stuetzer:2011:CID:2527031.2527045,
 author = {Stuetzer, Cathleen M. and Carley, Kathleen M. and Koehler, Thomas and Thiem, Gerhard},
 title = {The Communication Infrastructure During the Learning Process in Web Based Collaborative Learning Systems},
 booktitle = {Proceedings of the 3rd International Web Science Conference},
 series = {WebSci '11},
 year = {2011},
 isbn = {978-1-4503-0855-7},
 location = {Koblenz, Germany},
 pages = {17:1--17:8},
 articleno = {17},
 numpages = {8},
 url = {http://doi.acm.org/10.1145/2527031.2527045},
 doi = {10.1145/2527031.2527045},
 acmid = {2527045},
 publisher = {ACM},
 address = {New York, NY, USA},
 keywords = {communication roles, communities of practice (CoP), computer-supported collaborative learning (CSCL), emerging roles, learning networks, network position, relational content analysis, role analysis, social learning, social network analysis (SNA), web-based collaborative learning},
}

@article{Mareschal:1992:BRM:130700.1063243,
 note = {Reviewer-Mareschal, Denis},
 title = {Book Review: Made-Up Minds: A Constructivist Approach to Artificial Intelligence By Gary Drescher (MIT Press, 1991)},
 journal = {SIGART Bull.},
 issue_date = {April 1992},
 volume = {3},
 number = {2},
 month = apr,
 year = {1992},
 issn = {0163-5719},
 pages = {29--30},
 numpages = {2},
 url = {http://doi.acm.org/10.1145/130700.1063243},
 doi = {10.1145/130700.1063243},
 acmid = {1063243},
 publisher = {ACM},
 address = {New York, NY, USA},
}

@inproceedings{Joshi:2015:CCC:2676723.2691897,
 author = {Joshi, Swaroop and Soundarajan, Neelam and Ramnath, Rajiv},
 title = {Conflict-Driven Cooperative-Learning in Computing Courses (Abstract Only)},
 booktitle = {Proceedings of the 46th ACM Technical Symposium on Computer Science Education},
 series = {SIGCSE '15},
 year = {2015},
 isbn = {978-1-4503-2966-8},
 location = {Kansas City, Missouri, USA},
 pages = {685--685},
 numpages = {1},
 url = {http://doi.acm.org/10.1145/2676723.2691897},
 doi = {10.1145/2676723.2691897},
 acmid = {2691897},
 publisher = {ACM},
 address = {New York, NY, USA},
 keywords = {cognitive conflict, cooperative learning},
}

@inproceedings{Beran:2010:CPR:1734454.1734511,
 author = {Beran, Tanya N. and Ramirez-Serrano, Alejandro},
 title = {Do Children Perceive Robots As Alive?: Children's Attributions of Human Characteristics},
 booktitle = {Proceedings of the 5th ACM/IEEE International Conference on Human-robot Interaction},
 series = {HRI '10},
 year = {2010},
 isbn = {978-1-4244-4893-7},
 location = {Osaka, Japan},
 pages = {137--138},
 numpages = {2},
 url = {http://dl.acm.org/citation.cfm?id=1734454.1734511},
 acmid = {1734511},
 publisher = {IEEE Press},
 address = {Piscataway, NJ, USA},
 keywords = {animism, children, robotics},
}

@inproceedings{Maksimenko:2019:RSD:3323771.3323822,
 author = {Maksimenko, Marianna N. and Mirzakhanyan, Ruzan E.},
 title = {The Role of Studying Discrete Mathematics in the Formation of the Logic of Thinking for Computer Science Students},
 booktitle = {Proceedings of the 2019 7th International Conference on Information and Education Technology},
 series = {ICIET 2019},
 year = {2019},
 isbn = {978-1-4503-6639-7},
 location = {Aizu-Wakamatsu, Japan},
 pages = {185--190},
 numpages = {6},
 url = {http://doi.acm.org/10.1145/3323771.3323822},
 doi = {10.1145/3323771.3323822},
 acmid = {3323822},
 publisher = {ACM},
 address = {New York, NY, USA},
 keywords = {Classical Logic, Development of Intelligence, Falsehood Logic, Logical Laws, Non-classical Logic, converse implication, converse non-implication, implication, non-implication, teaching Discrete Mathematics},
}

@inproceedings{Martin:2004:CSC:1149126.1149246,
 author = {Martin, Taylor},
 title = {Coevolution of Symbolic and Concrete Dimensions of Understanding},
 booktitle = {Proceedings of the 6th International Conference on Learning Sciences},
 series = {ICLS '04},
 year = {2004},
 location = {Santa Monica, California},
 pages = {622--622},
 numpages = {1},
 url = {http://dl.acm.org/citation.cfm?id=1149126.1149246},
 acmid = {1149246},
 publisher = {International Society of the Learning Sciences},
}

@article{Papert:2004:ISP:973801.973816,
 note = {Interviewee-Papert, Seymour},
 title = {Interviews with Seymour Papert},
 journal = {Comput. Entertain.},
 issue_date = {January 2004},
 volume = {2},
 number = {1},
 month = jan,
 year = {2004},
 issn = {1544-3574},
 pages = {9--9},
 numpages = {1},
 url = {http://doi.acm.org/10.1145/973801.973816},
 doi = {10.1145/973801.973816},
 acmid = {973816},
 publisher = {ACM},
 address = {New York, NY, USA},
}

@article{Jones:2004:IQJ:973801.973815,
 note = {Interviewee-Jones, Quincy},
 title = {Interviews with Quincy Jones},
 journal = {Comput. Entertain.},
 issue_date = {January 2004},
 volume = {2},
 number = {1},
 month = jan,
 year = {2004},
 issn = {1544-3574},
 pages = {8--8},
 numpages = {1},
 url = {http://doi.acm.org/10.1145/973801.973815},
 doi = {10.1145/973801.973815},
 acmid = {973815},
 publisher = {ACM},
 address = {New York, NY, USA},
}

@article{Werth:1986:PSP:953055.5701,
 author = {Werth, Laurie Honour},
 title = {Predicting Student Performance in a Beginning Computer Science Class},
 journal = {SIGCSE Bull.},
 issue_date = {February 1986},
 volume = {18},
 number = {1},
 month = feb,
 year = {1986},
 issn = {0097-8418},
 pages = {138--143},
 numpages = {6},
 url = {http://doi.acm.org/10.1145/953055.5701},
 doi = {10.1145/953055.5701},
 acmid = {5701},
 publisher = {ACM},
 address = {New York, NY, USA},
}

@inproceedings{Werth:1986:PSP:5600.5701,
 author = {Werth, Laurie Honour},
 title = {Predicting Student Performance in a Beginning Computer Science Class},
 booktitle = {Proceedings of the Seventeenth SIGCSE Technical Symposium on Computer Science Education},
 series = {SIGCSE '86},
 year = {1986},
 isbn = {0-89791-178-4},
 location = {Cincinnati, Ohio, USA},
 pages = {138--143},
 numpages = {6},
 url = {http://doi.acm.org/10.1145/5600.5701},
 doi = {10.1145/5600.5701},
 acmid = {5701},
 publisher = {ACM},
 address = {New York, NY, USA},
}

@article{Shinohara:2009:BPI:1536616.1536636,
 author = {Shinohara, Kristen and Tenenberg, Josh},
 title = {A Blind Person's Interactions with Technology},
 journal = {Commun. ACM},
 issue_date = {August 2009},
 volume = {52},
 number = {8},
 month = aug,
 year = {2009},
 issn = {0001-0782},
 pages = {58--66},
 numpages = {9},
 url = {http://doi.acm.org/10.1145/1536616.1536636},
 doi = {10.1145/1536616.1536636},
 acmid = {1536636},
 publisher = {ACM},
 address = {New York, NY, USA},
}

@article{Kramer:2007:AKC:1232743.1232745,
 author = {Kramer, Jeff},
 title = {Is Abstraction the Key to Computing?},
 journal = {Commun. ACM},
 issue_date = {April 2007},
 volume = {50},
 number = {4},
 month = apr,
 year = {2007},
 issn = {0001-0782},
 pages = {36--42},
 numpages = {7},
 url = {http://doi.acm.org/10.1145/1232743.1232745},
 doi = {10.1145/1232743.1232745},
 acmid = {1232745},
 publisher = {ACM},
 address = {New York, NY, USA},
}

