@inproceedings{Gluga:2012:RCP:2361276.2361284,
 author = {Gluga, Richard and Kay, Judy and Lister, Raymond and Teague, Donna},
 title = {On the Reliability of Classifying Programming Tasks Using a Neo-piagetian Theory of Cognitive Development},
 booktitle = {Proceedings of the Ninth Annual International Conference on International Computing Education Research},
 series = {ICER '12},
 year = {2012},
 isbn = {978-1-4503-1604-0},
 location = {Auckland, New Zealand},
 pages = {31--38},
 numpages = {8},
 url = {http://doi.acm.org/10.1145/2361276.2361284},
 doi = {10.1145/2361276.2361284},
 acmid = {2361284},
 publisher = {ACM},
 address = {New York, NY, USA},
 keywords = {assessment, learning standards, neo-piagetian, programming},
}

@inproceedings{Szabo:2014:NTG:2538862.2538910,
 author = {Szabo, Claudia and Falkner, Katrina},
 title = {Neo-piagetian Theory As a Guide to Curriculum Analysis},
 booktitle = {Proceedings of the 45th ACM Technical Symposium on Computer Science Education},
 series = {SIGCSE '14},
 year = {2014},
 isbn = {978-1-4503-2605-6},
 location = {Atlanta, Georgia, USA},
 pages = {115--120},
 numpages = {6},
 url = {http://doi.acm.org/10.1145/2538862.2538910},
 doi = {10.1145/2538862.2538910},
 acmid = {2538910},
 publisher = {ACM},
 address = {New York, NY, USA},
 keywords = {computer science education, curriculum mapping},
}

@inproceedings{Lister:2011:CON:2459936.2459938,
 author = {Lister, Raymond},
 title = {Concrete and Other neo-Piagetian Forms of Reasoning in the Novice Programmer},
 booktitle = {Proceedings of the Thirteenth Australasian Computing Education Conference - Volume 114},
 series = {ACE '11},
 year = {2011},
 isbn = {978-1-920682-94-1},
 location = {Perth, Australia},
 pages = {9--18},
 numpages = {10},
 url = {http://dl.acm.org/citation.cfm?id=2459936.2459938},
 acmid = {2459938},
 publisher = {Australian Computer Society, Inc.},
 address = {Darlinghurst, Australia, Australia},
 keywords = {neo-Piagetian, novice programmer},
}

@inproceedings{Teague:2012:PNT:2361276.2361313,
 author = {Teague, Donna M.},
 title = {Programming and Neo-piagetian Theory},
 booktitle = {Proceedings of the Ninth Annual International Conference on International Computing Education Research},
 series = {ICER '12},
 year = {2012},
 isbn = {978-1-4503-1604-0},
 location = {Auckland, New Zealand},
 pages = {165--166},
 numpages = {2},
 url = {http://doi.acm.org/10.1145/2361276.2361313},
 doi = {10.1145/2361276.2361313},
 acmid = {2361313},
 publisher = {ACM},
 address = {New York, NY, USA},
 keywords = {cognitive development, neo-piagetian theory, think aloud.},
}

@article{Fishberg:2015:NRA:2752628.2752648,
 author = {Fishberg, Andrew J. and Posner, Samuel A.},
 title = {Neo-piagetian Reasoning and Abstraction: Introducing Low-level Programming to Novice Students},
 journal = {J. Comput. Sci. Coll.},
 issue_date = {April 2015},
 volume = {30},
 number = {4},
 month = apr,
 year = {2015},
 issn = {1937-4771},
 pages = {92--99},
 numpages = {8},
 url = {http://dl.acm.org/citation.cfm?id=2752628.2752648},
 acmid = {2752648},
 publisher = {Consortium for Computing Sciences in Colleges},
 address = {USA},
}

@inproceedings{Teague:2014:LTA:2667490.2667495,
 author = {Teague, Donna and Lister, Raymond},
 title = {Longitudinal Think Aloud Study of a Novice Programmer},
 booktitle = {Proceedings of the Sixteenth Australasian Computing Education Conference - Volume 148},
 series = {ACE '14},
 year = {2014},
 isbn = {978-1-921770-31-9},
 location = {Auckland, New Zealand},
 pages = {41--50},
 numpages = {10},
 url = {http://dl.acm.org/citation.cfm?id=2667490.2667495},
 acmid = {2667495},
 publisher = {Australian Computer Society, Inc.},
 address = {Darlinghurst, Australia, Australia},
 keywords = {neo-piagetian theory, programming, think aloud},
}

@inproceedings{Aggarwal:2017:NCR:3017680.3022469,
 author = {Aggarwal, Ashish},
 title = {Neo-Piagetian Classification of Reasoning Ability and Mental Simulation in Microsoft's Kodu Game Lab},
 booktitle = {Proceedings of the 2017 ACM SIGCSE Technical Symposium on Computer Science Education},
 series = {SIGCSE '17},
 year = {2017},
 isbn = {978-1-4503-4698-6},
 location = {Seattle, Washington, USA},
 pages = {745--746},
 numpages = {2},
 url = {http://doi.acm.org/10.1145/3017680.3022469},
 doi = {10.1145/3017680.3022469},
 acmid = {3022469},
 publisher = {ACM},
 address = {New York, NY, USA},
 keywords = {K-12, computational thinking, kodu, lawfulness, mental simulation, neo-piagetian, reasoning ability},
}

@inproceedings{Szabo:2014:ECD:2674683.2674691,
 author = {Szabo, Claudia and Falkner, Katrina and Falkner, Nickolas},
 title = {Experiences in Course Design Using Neo-piagetian Theory},
 booktitle = {Proceedings of the 14th Koli Calling International Conference on Computing Education Research},
 series = {Koli Calling '14},
 year = {2014},
 isbn = {978-1-4503-3065-7},
 location = {Koli, Finland},
 pages = {81--90},
 numpages = {10},
 url = {http://doi.acm.org/10.1145/2674683.2674691},
 doi = {10.1145/2674683.2674691},
 acmid = {2674691},
 publisher = {ACM},
 address = {New York, NY, USA},
 keywords = {computer science education, course design, neo-piaget},
}

@inproceedings{Lister:2016:TDE:2978249.2978251,
 author = {Lister, Raymond},
 title = {Toward a Developmental Epistemology of Computer Programming},
 booktitle = {Proceedings of the 11th Workshop in Primary and Secondary Computing Education},
 series = {WiPSCE '16},
 year = {2016},
 isbn = {978-1-4503-4223-0},
 location = {M\&\#252;nster, Germany},
 pages = {5--16},
 numpages = {12},
 url = {http://doi.acm.org/10.1145/2978249.2978251},
 doi = {10.1145/2978249.2978251},
 acmid = {2978251},
 publisher = {ACM},
 address = {New York, NY, USA},
}

@inproceedings{Ahadi:2016:EIN:2960310.2960339,
 author = {Ahadi, Alireza},
 title = {Early Identification of Novice Programmers' Challenges in Coding Using Machine Learning Techniques},
 booktitle = {Proceedings of the 2016 ACM Conference on International Computing Education Research},
 series = {ICER '16},
 year = {2016},
 isbn = {978-1-4503-4449-4},
 location = {Melbourne, VIC, Australia},
 pages = {263--264},
 numpages = {2},
 url = {http://doi.acm.org/10.1145/2960310.2960339},
 doi = {10.1145/2960310.2960339},
 acmid = {2960339},
 publisher = {ACM},
 address = {New York, NY, USA},
 keywords = {machine learning, novice programmers, source code snapshot analysis},
}

@inproceedings{Duran:2017:TFA:3105726.3105731,
 author = {Duran, Rodrigo},
 title = {Towards a Fine-grained Analysis of Complexity of Programming Tasks},
 booktitle = {Proceedings of the 2017 ACM Conference on International Computing Education Research},
 series = {ICER '17},
 year = {2017},
 isbn = {978-1-4503-4968-0},
 location = {Tacoma, Washington, USA},
 pages = {271--272},
 numpages = {2},
 url = {http://doi.acm.org/10.1145/3105726.3105731},
 doi = {10.1145/3105726.3105731},
 acmid = {3105731},
 publisher = {ACM},
 address = {New York, NY, USA},
 keywords = {Neo-Piagetian stages, model of hierarchical complexity, task complexity},
}

@inproceedings{Corney:2012:ERN:2483716.2483726,
 author = {Corney, Malcolm and Teague, Donna and Ahadi, Alireza and Lister, Raymond},
 title = {Some Empirical Results for neo-Piagetian Reasoning in Novice Programmers and the Relationship to Code Explanation Questions},
 booktitle = {Proceedings of the Fourteenth Australasian Computing Education Conference - Volume 123},
 series = {ACE '12},
 year = {2012},
 isbn = {978-1-921770-04-3},
 location = {Melbourne, Australia},
 pages = {77--86},
 numpages = {10},
 url = {http://dl.acm.org/citation.cfm?id=2483716.2483726},
 acmid = {2483726},
 publisher = {Australian Computer Society, Inc.},
 address = {Darlinghurst, Australia, Australia},
 keywords = {CS1, neo-Piagetian, novice programmer},
}

@inproceedings{Teague:2014:PRW:2591708.2591712,
 author = {Teague, Donna and Lister, Raymond},
 title = {Programming: Reading, Writing and Reversing},
 booktitle = {Proceedings of the 2014 Conference on Innovation \&\#38; Technology in Computer Science Education},
 series = {ITiCSE '14},
 year = {2014},
 isbn = {978-1-4503-2833-3},
 location = {Uppsala, Sweden},
 pages = {285--290},
 numpages = {6},
 url = {http://doi.acm.org/10.1145/2591708.2591712},
 doi = {10.1145/2591708.2591712},
 acmid = {2591712},
 publisher = {ACM},
 address = {New York, NY, USA},
 keywords = {neo-piagetian theory, novice programmers, programming, reversibility, think aloud},
}

@article{Torenvliet:2006:NUT:1151314.1151349,
 editor = {Torenvliet, Gerard},
 title = {New \& Upcoming Titles},
 journal = {Interactions},
 issue_date = {September + October 2006},
 volume = {13},
 number = {5},
 month = sep,
 year = {2006},
 issn = {1072-5520},
 pages = {59--},
 url = {http://doi.acm.org/10.1145/1151314.1151349},
 doi = {10.1145/1151314.1151349},
 acmid = {1151349},
 publisher = {ACM},
 address = {New York, NY, USA},
}

@inproceedings{Teague:2014:MPR:2667490.2667498,
 author = {Teague, Donna and Lister, Raymond},
 title = {Manifestations of Preoperational Reasoning on Similar Programming Tasks},
 booktitle = {Proceedings of the Sixteenth Australasian Computing Education Conference - Volume 148},
 series = {ACE '14},
 year = {2014},
 isbn = {978-1-921770-31-9},
 location = {Auckland, New Zealand},
 pages = {65--74},
 numpages = {10},
 url = {http://dl.acm.org/citation.cfm?id=2667490.2667498},
 acmid = {2667498},
 publisher = {Australian Computer Society, Inc.},
 address = {Darlinghurst, Australia, Australia},
 keywords = {neo-piagetian theory, novice programming, think aloud},
}

@article{Werth:1986:PSP:953055.5701,
 author = {Werth, Laurie Honour},
 title = {Predicting Student Performance in a Beginning Computer Science Class},
 journal = {SIGCSE Bull.},
 issue_date = {February 1986},
 volume = {18},
 number = {1},
 month = feb,
 year = {1986},
 issn = {0097-8418},
 pages = {138--143},
 numpages = {6},
 url = {http://doi.acm.org/10.1145/953055.5701},
 doi = {10.1145/953055.5701},
 acmid = {5701},
 publisher = {ACM},
 address = {New York, NY, USA},
}

@inproceedings{Werth:1986:PSP:5600.5701,
 author = {Werth, Laurie Honour},
 title = {Predicting Student Performance in a Beginning Computer Science Class},
 booktitle = {Proceedings of the Seventeenth SIGCSE Technical Symposium on Computer Science Education},
 series = {SIGCSE '86},
 year = {1986},
 isbn = {0-89791-178-4},
 location = {Cincinnati, Ohio, USA},
 pages = {138--143},
 numpages = {6},
 url = {http://doi.acm.org/10.1145/5600.5701},
 doi = {10.1145/5600.5701},
 acmid = {5701},
 publisher = {ACM},
 address = {New York, NY, USA},
}

@inproceedings{Teague:2016:CUI:2843043.2843064,
 author = {Teague, Donna and Fidge, Colin and Xu, Yue},
 title = {Combining Unsupervised and Invigilated Assessment of Introductory Programming},
 booktitle = {Proceedings of the Australasian Computer Science Week Multiconference},
 series = {ACSW '16},
 year = {2016},
 isbn = {978-1-4503-4042-7},
 location = {Canberra, Australia},
 pages = {9:1--9:10},
 articleno = {9},
 numpages = {10},
 url = {http://doi.acm.org/10.1145/2843043.2843064},
 doi = {10.1145/2843043.2843064},
 acmid = {2843064},
 publisher = {ACM},
 address = {New York, NY, USA},
 keywords = {assessment, introductory programming, neo-Piagetian theory, novice programmers},
}

@inproceedings{Lister:2012:TSU:2483716.2483723,
 author = {Lister, Raymond and D'Souza, Daryl and Hamilton, Margaret and Kay, Judy and Sheard, Judy and Corney, Malcolm and Fidge, Colin and Harland, James and Murphy, Tara and Simon and Curran, James and Gluga, Richard and Hogan, James and Roggenkamp, Mike and Teague, Donna},
 title = {Toward a Shared Understanding of Competency in Programming: An Invitation to the BABELnot Project},
 booktitle = {Proceedings of the Fourteenth Australasian Computing Education Conference - Volume 123},
 series = {ACE '12},
 year = {2012},
 isbn = {978-1-921770-04-3},
 location = {Melbourne, Australia},
 pages = {53--60},
 numpages = {8},
 url = {http://dl.acm.org/citation.cfm?id=2483716.2483723},
 acmid = {2483723},
 publisher = {Australian Computer Society, Inc.},
 address = {Darlinghurst, Australia, Australia},
 keywords = {assessment, objectives, programming},
}

@article{Mareschal:1992:BRM:130700.1063243,
 note = {Reviewer-Mareschal, Denis},
 title = {Book Review: Made-Up Minds: A Constructivist Approach to Artificial Intelligence By Gary Drescher (MIT Press, 1991)},
 journal = {SIGART Bull.},
 issue_date = {April 1992},
 volume = {3},
 number = {2},
 month = apr,
 year = {1992},
 issn = {0163-5719},
 pages = {29--30},
 numpages = {2},
 url = {http://doi.acm.org/10.1145/130700.1063243},
 doi = {10.1145/130700.1063243},
 acmid = {1063243},
 publisher = {ACM},
 address = {New York, NY, USA},
}

@article{Lister:2011:CER:1963533.1963539,
 author = {Lister, Raymond},
 title = {COMPUTING EDUCATION RESEARCH: Programming, Syntax and Cognitive Load},
 journal = {ACM Inroads},
 issue_date = {June 2011},
 volume = {2},
 number = {2},
 month = jun,
 year = {2011},
 issn = {2153-2184},
 pages = {21--22},
 numpages = {2},
 url = {http://doi.acm.org/10.1145/1963533.1963539},
 doi = {10.1145/1963533.1963539},
 acmid = {1963539},
 publisher = {ACM},
 address = {New York, NY, USA},
}

@article{Linn:2000:PL:341836.336230,
 author = {Linn, Marcia C.},
 title = {Partners in Learning},
 journal = {Ubiquity},
 issue_date = {May 1 - May 31 2000},
 volume = {2000},
 number = {May},
 month = may,
 year = {2000},
 issn = {1530-2180},
 articleno = {8},
 url = {http://doi.acm.org/10.1145/341836.336230},
 doi = {10.1145/341836.336230},
 acmid = {336230},
 publisher = {ACM},
 address = {New York, NY, USA},
}

@inproceedings{Smith:2006:TGS:1150034.1150215,
 author = {Smith, Garrett W.},
 title = {Toward a General Student Model: Accounting for Individual Learner Differences Across Multiple Learning Environments},
 booktitle = {Proceedings of the 7th International Conference on Learning Sciences},
 series = {ICLS '06},
 year = {2006},
 isbn = {0-8058-6174-2},
 location = {Bloomington, Indiana},
 pages = {992--993},
 numpages = {2},
 url = {http://dl.acm.org/citation.cfm?id=1150034.1150215},
 acmid = {1150215},
 publisher = {International Society of the Learning Sciences},
}

@article{Settle:2014:TGP:2620668.2620672,
 author = {Settle, Amber},
 title = {2014 Travel Grant Program Awards},
 journal = {SIGCSE Bull.},
 issue_date = {April 2014},
 volume = {46},
 number = {2},
 month = apr,
 year = {2014},
 issn = {0097-8418},
 pages = {5--6},
 numpages = {2},
 url = {http://doi.acm.org/10.1145/2620668.2620672},
 doi = {10.1145/2620668.2620672},
 acmid = {2620672},
 publisher = {ACM},
 address = {New York, NY, USA},
}

@inproceedings{Silver:2008:CI:1463689.1463751,
 author = {Silver, Jay},
 title = {Camera for the Invisible},
 booktitle = {Proceedings of the 7th International Conference on Interaction Design and Children},
 series = {IDC '08},
 year = {2008},
 isbn = {978-1-59593-994-4},
 location = {Chicago, Illinois},
 pages = {173--174},
 numpages = {2},
 url = {http://doi.acm.org/10.1145/1463689.1463751},
 doi = {10.1145/1463689.1463751},
 acmid = {1463751},
 publisher = {ACM},
 address = {New York, NY, USA},
 keywords = {awareness, camera, constructionist, critical exploration, experiment, explore, native, nature, toolkit},
}

@article{2014:MSC:2620668.2620671,
 title = {Member Spotlight: Claudia Szabo},
 journal = {SIGCSE Bull.},
 issue_date = {April 2014},
 volume = {46},
 number = {2},
 month = apr,
 year = {2014},
 issn = {0097-8418},
 pages = {4--5},
 numpages = {2},
 url = {http://doi.acm.org/10.1145/2620668.2620671},
 doi = {10.1145/2620668.2620671},
 acmid = {2620671},
 publisher = {ACM},
 address = {New York, NY, USA},
key = {{$\!\!$}} ,
}

@inproceedings{Touretzky:2017:SRY:3017680.3017787,
 author = {Touretzky, David S. and Gardner-McCune, Christina and Aggarwal, Ashish},
 title = {Semantic Reasoning in Young Programmers},
 booktitle = {Proceedings of the 2017 ACM SIGCSE Technical Symposium on Computer Science Education},
 series = {SIGCSE '17},
 year = {2017},
 isbn = {978-1-4503-4698-6},
 location = {Seattle, Washington, USA},
 pages = {585--590},
 numpages = {6},
 url = {http://doi.acm.org/10.1145/3017680.3017787},
 doi = {10.1145/3017680.3017787},
 acmid = {3017787},
 publisher = {ACM},
 address = {New York, NY, USA},
 keywords = {formal reasoning, kodu game lab, programming idioms},
}

@inproceedings{Jones:2002:III:820060.820070,
 author = {Jones, Anthony J.},
 title = {Integration of ICT in an Initial Teacher Training Course: Participants' Views},
 booktitle = {Proceedings of the Seventh World Conference on Computers in Education Conference on Computers in Education: Australian Topics - Volume 8},
 series = {CRPIT '02},
 year = {2002},
 isbn = {0-909925-86-0},
 location = {Copenhagen, Denmark},
 pages = {49--54},
 numpages = {6},
 url = {http://dl.acm.org/citation.cfm?id=820060.820070},
 acmid = {820070},
 publisher = {Australian Computer Society, Inc.},
 address = {Darlinghurst, Australia, Australia},
}

@inproceedings{Izu:2018:NPR:3159450.3159499,
 author = {Izu, Cruz and Mirolo, Claudio and Weerasinghe, Amali},
 title = {Novice Programmers' Reasoning About Reversing Conditional Statements},
 booktitle = {Proceedings of the 49th ACM Technical Symposium on Computer Science Education},
 series = {SIGCSE '18},
 year = {2018},
 isbn = {978-1-4503-5103-4},
 location = {Baltimore, Maryland, USA},
 pages = {646--651},
 numpages = {6},
 url = {http://doi.acm.org/10.1145/3159450.3159499},
 doi = {10.1145/3159450.3159499},
 acmid = {3159499},
 publisher = {ACM},
 address = {New York, NY, USA},
 keywords = {novice programmers, program comprehension, program state, reversibility, solo taxonomy},
}

@inproceedings{Rubio:2015:ACI:2729094.2754855,
 author = {Rubio, Miguel A.},
 title = {Automatic Categorization of Introductory Programming Students Using Cluster Analysis},
 booktitle = {Proceedings of the 2015 ACM Conference on Innovation and Technology in Computer Science Education},
 series = {ITiCSE '15},
 year = {2015},
 isbn = {978-1-4503-3440-2},
 location = {Vilnius, Lithuania},
 pages = {340--340},
 numpages = {1},
 url = {http://doi.acm.org/10.1145/2729094.2754855},
 doi = {10.1145/2729094.2754855},
 acmid = {2754855},
 publisher = {ACM},
 address = {New York, NY, USA},
 keywords = {cluster analysis, machine learning, novice programmers, programming},
}

@article{Tinkham:1992:BRP:130700.1063244,
 note = {Reviewer-Tinkham, Nancy},
 title = {Book Review: Programming for Artificial Intelligence: Methods, Tools, and Applications By Wolfgang Kreutzer and Bruce McKenzie (Addison-Wesley, 1991)},
 journal = {SIGART Bull.},
 issue_date = {April 1992},
 volume = {3},
 number = {2},
 month = apr,
 year = {1992},
 issn = {0163-5719},
 pages = {30--31},
 numpages = {2},
 url = {http://doi.acm.org/10.1145/130700.1063244},
 doi = {10.1145/130700.1063244},
 acmid = {1063244},
 publisher = {ACM},
 address = {New York, NY, USA},
}

@article{Clear:2015:EMC:2846537.2822902,
 author = {Clear, Tony},
 title = {Everybody Must Cut Code! Educational Imperative, Fad or Fantasy?: D5 Charter},
 journal = {ACM Inroads},
 issue_date = {December 2015},
 volume = {6},
 number = {4},
 month = nov,
 year = {2015},
 issn = {2153-2184},
 pages = {19--21},
 numpages = {3},
 url = {http://doi.acm.org/10.1145/2822902},
 doi = {10.1145/2822902},
 acmid = {2822902},
 publisher = {ACM},
 address = {New York, NY, USA},
}

@inproceedings{Izu:2017:ARP:3059009.3059036,
 author = {Izu, Cruz and Pope, Cheryl and Weerasinghe, Amali},
 title = {On the Ability to Reason About Program Behaviour: A Think-Aloud Study},
 booktitle = {Proceedings of the 2017 ACM Conference on Innovation and Technology in Computer Science Education},
 series = {ITiCSE '17},
 year = {2017},
 isbn = {978-1-4503-4704-4},
 location = {Bologna, Italy},
 pages = {305--310},
 numpages = {6},
 url = {http://doi.acm.org/10.1145/3059009.3059036},
 doi = {10.1145/3059009.3059036},
 acmid = {3059036},
 publisher = {ACM},
 address = {New York, NY, USA},
 keywords = {programming, reasoning, reversibility, state, think-aloud},
}

@inproceedings{Howland:2015:CCR:2771839.2771954,
 author = {Howland, Kate and Good, Judith and Robertson, Judy and Manches, Andrew},
 title = {Every Child a Coder?: Research Challenges for a 5--18 Programming Curriculum},
 booktitle = {Proceedings of the 14th International Conference on Interaction Design and Children},
 series = {IDC '15},
 year = {2015},
 isbn = {978-1-4503-3590-4},
 location = {Boston, Massachusetts},
 pages = {470--473},
 numpages = {4},
 url = {http://doi.acm.org/10.1145/2771839.2771954},
 doi = {10.1145/2771839.2771954},
 acmid = {2771954},
 publisher = {ACM},
 address = {New York, NY, USA},
 keywords = {children, coding, design, programming},
}

@article{Barakett:1987:ECU:25601.25604,
 author = {Barakett, Joyce and Prochner, Lary},
 title = {The Effects of Computer Use in Early Childhood Socialization},
 journal = {SIGCAS Comput. Soc.},
 issue_date = {Oct./Feb. 1987},
 volume = {16-17},
 number = {4-1},
 month = oct,
 year = {1987},
 issn = {0095-2737},
 pages = {19--27},
 numpages = {9},
 url = {http://doi.acm.org/10.1145/25601.25604},
 doi = {10.1145/25601.25604},
 acmid = {25604},
 publisher = {ACM},
 address = {New York, NY, USA},
}

@inproceedings{Mirolo:2019:ENP:3304221.3319746,
 author = {Mirolo, Claudio and Izu, Cruz},
 title = {An Exploration of Novice Programmers' Comprehension of Conditionals in Imperative and Functional Programming},
 booktitle = {Proceedings of the 2019 ACM Conference on Innovation and Technology in Computer Science Education},
 series = {ITiCSE '19},
 year = {2019},
 isbn = {978-1-4503-6301-3},
 location = {Aberdeen, Scotland Uk},
 pages = {436--442},
 numpages = {7},
 url = {http://doi.acm.org/10.1145/3304221.3319746},
 doi = {10.1145/3304221.3319746},
 acmid = {3319746},
 publisher = {ACM},
 address = {New York, NY, USA},
 keywords = {cs1, imperative vs. functional programming, program comprehension, reversibility, solo taxonomy},
}

@inproceedings{Barron:2002:AUL:1658616.1658738,
 author = {Barron, Brigid and Sears, David},
 title = {Advancing Understanding of Learning in Interaction: How Ways of Participating Can Influence Joint Performance and Learning},
 booktitle = {Proceedings of the Conference on Computer Support for Collaborative Learning: Foundations for a CSCL Community},
 series = {CSCL '02},
 year = {2002},
 location = {Boulder, Colorado},
 pages = {593--594},
 numpages = {2},
 url = {http://dl.acm.org/citation.cfm?id=1658616.1658738},
 acmid = {1658738},
 publisher = {International Society of the Learning Sciences},
 keywords = {alignment of goals, joint attention, mutuality in interaction, quality of collaboration, transfer of learning},
}

@inproceedings{Gelderblom:2008:DTY:1456659.1456668,
 author = {Gelderblom, Helene and Kotz{\'e}, Paula},
 title = {Designing Technology for Young Children: What We Can Learn from Theories of Cognitive Development},
 booktitle = {Proceedings of the 2008 Annual Research Conference of the South African Institute of Computer Scientists and Information Technologists on IT Research in Developing Countries: Riding the Wave of Technology},
 series = {SAICSIT '08},
 year = {2008},
 isbn = {978-1-60558-286-3},
 location = {Wilderness, South Africa},
 pages = {66--75},
 numpages = {10},
 url = {http://doi.acm.org/10.1145/1456659.1456668},
 doi = {10.1145/1456659.1456668},
 acmid = {1456668},
 publisher = {ACM},
 address = {New York, NY, USA},
 keywords = {children's technology/software, cognitive development, cognitive skill development, design guidelines, psychological theories},
}

@article{Cohen:1978:ECG:1318457.1318463,
 author = {Cohen, Harvey A. and Green, David G.},
 title = {Evaluation of the Cognitive Goals of OZNAKI: Enhancement of Spatial Projective Abilities},
 journal = {SIGCUE Outlook},
 issue_date = {December 1978},
 volume = {Special},
 month = dec,
 year = {1978},
 issn = {0163-5735},
 pages = {69--90},
 numpages = {22},
 url = {http://doi.acm.org/10.1145/1318457.1318463},
 doi = {10.1145/1318457.1318463},
 acmid = {1318463},
 publisher = {ACM},
 address = {New York, NY, USA},
}

@inproceedings{Paus:2008:WRM:1599871.1599893,
 author = {Paus, Elisabeth and Jucks, Regina},
 title = {Do We Really Mean the Same? The Relationship Between Word Choices and Computer Mediated Cooperative Learning},
 booktitle = {Proceedings of the 8th International Conference on International Conference for the Learning Sciences - Volume 2},
 series = {ICLS'08},
 year = {2008},
 location = {Utrecht, The Netherlands},
 pages = {172--179},
 numpages = {8},
 url = {http://dl.acm.org/citation.cfm?id=1599871.1599893},
 acmid = {1599893},
 publisher = {International Society of the Learning Sciences},
}

@inproceedings{Strohecker:2000:KLK:633292.633376,
 author = {Strohecker, Carol and Slaughter, Adrienne},
 title = {Kits for Learning and a Kit for Kitmaking},
 booktitle = {CHI '00 Extended Abstracts on Human Factors in Computing Systems},
 series = {CHI EA '00},
 year = {2000},
 isbn = {1-58113-248-4},
 location = {The Hague, The Netherlands},
 pages = {149--150},
 numpages = {2},
 url = {http://doi.acm.org/10.1145/633292.633376},
 doi = {10.1145/633292.633376},
 acmid = {633376},
 publisher = {ACM},
 address = {New York, NY, USA},
 keywords = {Java framework, design patterns, learning, microworlds},
}

@inproceedings{Lowe:2019:TAM:3304221.3325600,
 author = {Lowe, Tony},
 title = {A Theory of Applied Mind of Programming: Understanding the Challenges in Learning to Program},
 booktitle = {Proceedings of the 2019 ACM Conference on Innovation and Technology in Computer Science Education},
 series = {ITiCSE '19},
 year = {2019},
 isbn = {978-1-4503-6301-3},
 location = {Aberdeen, Scotland Uk},
 pages = {340--341},
 numpages = {2},
 url = {http://doi.acm.org/10.1145/3304221.3325600},
 doi = {10.1145/3304221.3325600},
 acmid = {3325600},
 publisher = {ACM},
 address = {New York, NY, USA},
 keywords = {bruner, computer science, dual process theory, education, education theory, neuroscience, programming},
}

@inproceedings{Dittert:2018:DDF:3213818.3219812,
 author = {Dittert, Nadine and Katterfeldt, Eva-Sophie},
 title = {Diversity in Digital Fabrication: Programming Personally Meaningful Textile Imprints},
 booktitle = {Proceedings of the Conference on Creativity and Making in Education},
 series = {FabLearn Europe'18},
 year = {2018},
 isbn = {978-1-4503-5371-7},
 location = {Trondheim, Norway},
 pages = {112--113},
 numpages = {2},
 url = {http://doi.acm.org/10.1145/3213818.3219812},
 doi = {10.1145/3213818.3219812},
 acmid = {3219812},
 publisher = {ACM},
 address = {New York, NY, USA},
 keywords = {Diversity, children, digital fabrication, education, girls, programming, refugees, teenagers, vinyl cutter},
}

@proceedings{Simon:2014:2674683,
 title = {Koli Calling '14: Proceedings of the 14th Koli Calling International Conference on Computing Education Research},
 year = {2014},
 isbn = {978-1-4503-3065-7},
 location = {Koli, Finland},
 publisher = {ACM},
 address = {New York, NY, USA},
}

@inproceedings{Kasto:2012:DKN:2361276.2361310,
 author = {Kasto, Nadia},
 title = {The Development of Knowledge in Novice Programmers},
 booktitle = {Proceedings of the Ninth Annual International Conference on International Computing Education Research},
 series = {ICER '12},
 year = {2012},
 isbn = {978-1-4503-1604-0},
 location = {Auckland, New Zealand},
 pages = {159--160},
 numpages = {2},
 url = {http://doi.acm.org/10.1145/2361276.2361310},
 doi = {10.1145/2361276.2361310},
 acmid = {2361310},
 publisher = {ACM},
 address = {New York, NY, USA},
 keywords = {cognitive development, educational models, novice programmers},
}

@article{2014:MS:2661757.2661758,
 title = {Member Spotlight},
 journal = {SIGCSE Bull.},
 issue_date = {July 2014},
 volume = {46},
 number = {3},
 month = jul,
 year = {2014},
 issn = {0097-8418},
 pages = {4--6},
 numpages = {3},
 url = {http://doi.acm.org/10.1145/2661757.2661758},
 doi = {10.1145/2661757.2661758},
 acmid = {2661758},
 publisher = {ACM},
 address = {New York, NY, USA},
key = {{$\!\!$}} ,
}

@inproceedings{Lowe:2019:ENP:3304221.3319775,
 author = {Lowe, Tony},
 title = {Explaining Novice Programmer's Struggles, in Two Parts: Revisiting the ITiCSE 2004 Working Group's Study Using Dual Process Theory},
 booktitle = {Proceedings of the 2019 ACM Conference on Innovation and Technology in Computer Science Education},
 series = {ITiCSE '19},
 year = {2019},
 isbn = {978-1-4503-6301-3},
 location = {Aberdeen, Scotland Uk},
 pages = {30--36},
 numpages = {7},
 url = {http://doi.acm.org/10.1145/3304221.3319775},
 doi = {10.1145/3304221.3319775},
 acmid = {3319775},
 publisher = {ACM},
 address = {New York, NY, USA},
 keywords = {computer science, dual process theory, education, fragile knowledge, programming, tracing},
}

@inproceedings{Bergin:2004:TSD:971300.971452,
 author = {Bergin, Joe and Caristi, James and Dubinsky, Yael and Hazzan, Orit and Williams, Laurie and Williams, Laurie},
 title = {Teaching Software Development Methods: The Case of Extreme Programming},
 booktitle = {Proceedings of the 35th SIGCSE Technical Symposium on Computer Science Education},
 series = {SIGCSE '04},
 year = {2004},
 isbn = {1-58113-798-2},
 location = {Norfolk, Virginia, USA},
 pages = {448--449},
 numpages = {2},
 url = {http://doi.acm.org/10.1145/971300.971452},
 doi = {10.1145/971300.971452},
 acmid = {971452},
 publisher = {ACM},
 address = {New York, NY, USA},
 keywords = {extreme programming, software development methods, software engineering},
}

@article{Bergin:2004:TSD:1028174.971452,
 author = {Bergin, Joe and Caristi, James and Dubinsky, Yael and Hazzan, Orit and Williams, Laurie and Williams, Laurie},
 title = {Teaching Software Development Methods: The Case of Extreme Programming},
 journal = {SIGCSE Bull.},
 issue_date = {March 2004},
 volume = {36},
 number = {1},
 month = mar,
 year = {2004},
 issn = {0097-8418},
 pages = {448--449},
 numpages = {2},
 url = {http://doi.acm.org/10.1145/1028174.971452},
 doi = {10.1145/1028174.971452},
 acmid = {971452},
 publisher = {ACM},
 address = {New York, NY, USA},
 keywords = {extreme programming, software development methods, software engineering},
}

@inproceedings{Stager:2003:FWI:857097.857131,
 author = {Stager, Gary S.},
 title = {The Feeling of Wonderful Ideas: Implications for the Future of Teaching and Learning},
 booktitle = {Proceedings of the 3.1 and 3.3 Working Groups Conference on International Federation for Information Processing: ICT and the Teacher of the Future - Volume 23},
 series = {CRPIT '03},
 year = {2003},
 isbn = {1-920682-02-3},
 location = {Melbourne, Australia},
 pages = {111--113},
 numpages = {3},
 url = {http://dl.acm.org/citation.cfm?id=857097.857131},
 acmid = {857131},
 publisher = {Australian Computer Society, Inc.},
 address = {Darlinghurst, Australia, Australia},
 keywords = {constructionism, robotics and programming, teacher development},
}

@article{Detweiler:2006:RIH:1151314.1151348,
 note = {Reviewer-Detweiler, Mark C.},
 title = {Review of "The International Handbook of Creativity Edited by James C. Kaufman and Robert J. Sternberg", Cambridge University Press, 2006, ISBN 0521547318, \$34.99},
 journal = {Interactions},
 issue_date = {September + October 2006},
 volume = {13},
 number = {5},
 month = sep,
 year = {2006},
 issn = {1072-5520},
 pages = {58--61},
 numpages = {4},
 url = {http://doi.acm.org/10.1145/1151314.1151348},
 doi = {10.1145/1151314.1151348},
 acmid = {1151348},
 publisher = {ACM},
 address = {New York, NY, USA},
}

@inproceedings{Ackermann:2001:PCK:634067.634091,
 author = {Ackermann, Edith and Strohecker, Carol},
 title = {PatternMagix Construction Kit Software},
 booktitle = {CHI '01 Extended Abstracts on Human Factors in Computing Systems},
 series = {CHI EA '01},
 year = {2001},
 isbn = {1-58113-340-5},
 location = {Seattle, Washington},
 pages = {31--32},
 numpages = {2},
 url = {http://doi.acm.org/10.1145/634067.634091},
 doi = {10.1145/634067.634091},
 acmid = {634091},
 publisher = {ACM},
 address = {New York, NY, USA},
 keywords = {constructive-dialogic interaction, geometric symmetry, learning, negotiational control, patterns},
}

@inproceedings{Grey:2015:LLL:2771839.2771922,
 author = {Grey, Francois and Li, Jiawei and Shi, Qingyuan and Doney, Ellie and Chen, Weng Hoe and Shen, Jeffrey},
 title = {Lifelong Learning Lab: Collaborative Design of Hands-on Science for Chinese Schools},
 booktitle = {Proceedings of the 14th International Conference on Interaction Design and Children},
 series = {IDC '15},
 year = {2015},
 isbn = {978-1-4503-3590-4},
 location = {Boston, Massachusetts},
 pages = {383--386},
 numpages = {4},
 url = {http://doi.acm.org/10.1145/2771839.2771922},
 doi = {10.1145/2771839.2771922},
 acmid = {2771922},
 publisher = {ACM},
 address = {New York, NY, USA},
 keywords = {China, learning, school, science},
}

@inproceedings{Katz:2003:SIP:761849.761879,
 author = {Katz, Sandra and Aronis, John and Allbritton, David and Wilson, Christine and Soffa, Mary Lou},
 title = {A Study to Identify Predictors of Achievement in an Introductory Computer Science Course},
 booktitle = {Proceedings of the 2003 SIGMIS Conference on Computer Personnel Research: Freedom in Philadelphia--leveraging Differences and Diversity in the IT Workforce},
 series = {SIGMIS CPR '03},
 year = {2003},
 isbn = {1-58113-666-8},
 location = {Philadelphia, Pennsylvania},
 pages = {157--161},
 numpages = {5},
 url = {http://doi.acm.org/10.1145/761849.761879},
 doi = {10.1145/761849.761879},
 acmid = {761879},
 publisher = {ACM},
 address = {New York, NY, USA},
 keywords = {computer science instruction, gender and computer science, programming instruction},
}

@inproceedings{Luxton-Reilly:2017:CNN:3013499.3013500,
 author = {Luxton-Reilly, Andrew and Petersen, Andrew},
 title = {The Compound Nature of Novice Programming Assessments},
 booktitle = {Proceedings of the Nineteenth Australasian Computing Education Conference},
 series = {ACE '17},
 year = {2017},
 isbn = {978-1-4503-4823-2},
 location = {Geelong, VIC, Australia},
 pages = {26--35},
 numpages = {10},
 url = {http://doi.acm.org/10.1145/3013499.3013500},
 doi = {10.1145/3013499.3013500},
 acmid = {3013500},
 publisher = {ACM},
 address = {New York, NY, USA},
 keywords = {CS1, assessments, concepts, exams, novice programming, questions, syntax},
}

@inproceedings{Gluga:2012:CTB:2483716.2483734,
 author = {Gluga, Richard and Kay, Judy and Lister, Raymond and Kleitman, Sabina and Lever, Tim},
 title = {Coming to Terms with Bloom: An Online Tutorial for Teachers of Programming Fundamentals},
 booktitle = {Proceedings of the Fourteenth Australasian Computing Education Conference - Volume 123},
 series = {ACE '12},
 year = {2012},
 isbn = {978-1-921770-04-3},
 location = {Melbourne, Australia},
 pages = {147--156},
 numpages = {10},
 url = {http://dl.acm.org/citation.cfm?id=2483716.2483734},
 acmid = {2483734},
 publisher = {Australian Computer Society, Inc.},
 address = {Darlinghurst, Australia, Australia},
 keywords = {Bloom, assessment, competence, learning progression, maturity, programming},
}

@inproceedings{Duran:2019:TCI:3304221.3319755,
 author = {Duran, Rodrigo Silva and Rybicki, Jan-Mikael and Hellas, Arto and Suoranta, Sanna},
 title = {Towards a Common Instrument for Measuring Prior Programming Knowledge},
 booktitle = {Proceedings of the 2019 ACM Conference on Innovation and Technology in Computer Science Education},
 series = {ITiCSE '19},
 year = {2019},
 isbn = {978-1-4503-6301-3},
 location = {Aberdeen, Scotland Uk},
 pages = {443--449},
 numpages = {7},
 url = {http://doi.acm.org/10.1145/3304221.3319755},
 doi = {10.1145/3304221.3319755},
 acmid = {3319755},
 publisher = {ACM},
 address = {New York, NY, USA},
 keywords = {assessment, cs1, introductory programming, prior experience, self-evaluation},
}

@article{Means:1991:ULC:128000.903996,
 author = {Means, H. Willis},
 title = {Using Literature in a Computer Science Service Course: Improving Abstract/Critical Thinking Skills},
 journal = {J. Comput. Sci. Coll.},
 issue_date = {May 1991},
 volume = {6},
 number = {5},
 month = apr,
 year = {1991},
 issn = {1937-4771},
 pages = {30--34},
 numpages = {5},
 url = {http://dl.acm.org/citation.cfm?id=128000.903996},
 acmid = {903996},
 publisher = {Consortium for Computing Sciences in Colleges},
 address = {USA},
}

@inproceedings{Gordon:2007:ARB:1660877.1660899,
 author = {Gordon, B. Brent},
 title = {Autonomous Robots with Both Body and Behavior Self-knowledge},
 booktitle = {Proceedings of the 2007 Workshop on Performance Metrics for Intelligent Systems},
 series = {PerMIS '07},
 year = {2007},
 isbn = {978-1-59593-854-1},
 location = {Washington, D.C.},
 pages = {159--161},
 numpages = {3},
 url = {http://doi.acm.org/10.1145/1660877.1660899},
 doi = {10.1145/1660877.1660899},
 acmid = {1660899},
 publisher = {ACM},
 address = {New York, NY, USA},
}

@inproceedings{Hazzan:2006:CPS:1137661.1137673,
 author = {Hazzan, Orit and Dubinsky, Yael},
 title = {A Cognitive Perspective on Software Development Methods: The Case of Extreme Programming},
 booktitle = {Proceedings of the 2006 International Workshop on Workshop on Interdisciplinary Software Engineering Research},
 series = {WISER '06},
 year = {2006},
 isbn = {1-59593-409-X},
 location = {Shanghai, China},
 pages = {53--56},
 numpages = {4},
 url = {http://doi.acm.org/10.1145/1137661.1137673},
 doi = {10.1145/1137661.1137673},
 acmid = {1137673},
 publisher = {ACM},
 address = {New York, NY, USA},
 keywords = {agile software development methods, cognitive theories, constructivism, extreme programming},
}

@inproceedings{Pessoni:2015:LDC:2814058.2814064,
 author = {Pessoni, Vinicius Vieira and Federson, Fernando Marques and Vincenzi, Auri Marcelo Rizzo},
 title = {Learning Difficulties in Computing Courses: Cognitive Processes Assessment Methods Research and Application},
 booktitle = {Proceedings of the Annual Conference on Brazilian Symposium on Information Systems: Information Systems: A Computer Socio-Technical Perspective - Volume 1},
 series = {SBSI 2015},
 year = {2015},
 location = {Goiania, Goias, Brazil},
 pages = {5:31--5:38},
 articleno = {5},
 numpages = {8},
 url = {http://dl.acm.org/citation.cfm?id=2814058.2814064},
 acmid = {2814064},
 publisher = {Brazilian Computer Society},
 address = {Porto Alegre, Brazil, Brazil},
 keywords = {Cognition, Cognitive Development, Computing Learning Difficulties, Formal Operational Stage, Learning, Scientific Reasoning, Teaching},
}

@inproceedings{Duncan:2014:YLC:2670757.2670774,
 author = {Duncan, Caitlin and Bell, Tim and Tanimoto, Steve},
 title = {Should Your 8-year-old Learn Coding?},
 booktitle = {Proceedings of the 9th Workshop in Primary and Secondary Computing Education},
 series = {WiPSCE '14},
 year = {2014},
 isbn = {978-1-4503-3250-7},
 location = {Berlin, Germany},
 pages = {60--69},
 numpages = {10},
 url = {http://doi.acm.org/10.1145/2670757.2670774},
 doi = {10.1145/2670757.2670774},
 acmid = {2670774},
 publisher = {ACM},
 address = {New York, NY, USA},
 keywords = {coding, programming, young students},
}

@inproceedings{Sheard:2011:EPA:2016911.2016920,
 author = {Sheard, Judy and Simon and Carbone, Angela and Chinn, Donald and Laakso, Mikko-Jussi and Clear, Tony and de Raadt, Michael and D'Souza, Daryl and Harland, James and Lister, Raymond and Philpott, Anne and Warburton, Geoff},
 title = {Exploring Programming Assessment Instruments: A Classification Scheme for Examination Questions},
 booktitle = {Proceedings of the Seventh International Workshop on Computing Education Research},
 series = {ICER '11},
 year = {2011},
 isbn = {978-1-4503-0829-8},
 location = {Providence, Rhode Island, USA},
 pages = {33--38},
 numpages = {6},
 url = {http://doi.acm.org/10.1145/2016911.2016920},
 doi = {10.1145/2016911.2016920},
 acmid = {2016920},
 publisher = {ACM},
 address = {New York, NY, USA},
 keywords = {cs1, examination papers, introductory programming},
}

@inproceedings{Waite:2016:ACC:2978249.2978272,
 author = {Waite, Jane and Curzon, Paul and Marsh, William and Sentance, Sue},
 title = {Abstraction and Common Classroom Activities},
 booktitle = {Proceedings of the 11th Workshop in Primary and Secondary Computing Education},
 series = {WiPSCE '16},
 year = {2016},
 isbn = {978-1-4503-4223-0},
 location = {M\&\#252;nster, Germany},
 pages = {112--113},
 numpages = {2},
 url = {http://doi.acm.org/10.1145/2978249.2978272},
 doi = {10.1145/2978249.2978272},
 acmid = {2978272},
 publisher = {ACM},
 address = {New York, NY, USA},
 keywords = {Abstraction, design, graph, storyboard, visualisation},
}

@inproceedings{Kline:2000:OEG:336595.336969,
 author = {Kline, Christopher and Blumberg, Bruce},
 title = {Observation-based Expectation Generation and Response for Believable Reactive Agents},
 booktitle = {Proceedings of the Fourth International Conference on Autonomous Agents},
 series = {AGENTS '00},
 year = {2000},
 isbn = {1-58113-230-1},
 location = {Barcelona, Spain},
 pages = {46--47},
 numpages = {2},
 url = {http://doi.acm.org/10.1145/336595.336969},
 doi = {10.1145/336595.336969},
 acmid = {336969},
 publisher = {ACM},
 address = {New York, NY, USA},
 keywords = {belief revision, common-sense reasoning, lifelike characters, software agents},
}

@inproceedings{Schellens:2008:SEK:1599936.1600049,
 author = {Schellens, Tammy and Van Keer, Hilde and De Wever, Bram and Valcke, Martin},
 title = {Student Elaborations and Knowledge Construction in Asynchronous Discussion Groups in Secondary Education},
 booktitle = {Proceedings of the 8th International Conference on International Conference for the Learning Sciences - Volume 3},
 series = {ICLS'08},
 year = {2008},
 location = {Utrecht, The Netherlands},
 pages = {413--415},
 numpages = {3},
 url = {http://dl.acm.org/citation.cfm?id=1599936.1600049},
 acmid = {1600049},
 publisher = {International Society of the Learning Sciences},
}

@article{Armoni:2011:CSC:1963533.1963540,
 author = {Armoni, Michal},
 title = {COMPUTING IN SCHOOLS: CS Contests for Students: Why and How?},
 journal = {ACM Inroads},
 issue_date = {June 2011},
 volume = {2},
 number = {2},
 month = jun,
 year = {2011},
 issn = {2153-2184},
 pages = {22--23},
 numpages = {2},
 url = {http://doi.acm.org/10.1145/1963533.1963540},
 doi = {10.1145/1963533.1963540},
 acmid = {1963540},
 publisher = {ACM},
 address = {New York, NY, USA},
}

@inproceedings{Larkins:2013:ACA:2445196.2445226,
 author = {Larkins, D. Brian and Moore, J. Christopher and Rubbo, Louis J. and Covington, Laura R.},
 title = {Application of the Cognitive Apprenticeship Framework to a Middle School Robotics Camp},
 booktitle = {Proceeding of the 44th ACM Technical Symposium on Computer Science Education},
 series = {SIGCSE '13},
 year = {2013},
 isbn = {978-1-4503-1868-6},
 location = {Denver, Colorado, USA},
 pages = {89--94},
 numpages = {6},
 url = {http://doi.acm.org/10.1145/2445196.2445226},
 doi = {10.1145/2445196.2445226},
 acmid = {2445226},
 publisher = {ACM},
 address = {New York, NY, USA},
 keywords = {K-12, cognitive apprenticeship, education, robotics, stem},
}

@inproceedings{Wieken:2014:IEF:2637248.2637275,
 author = {Wieken, John-Harry and Forbrig, Peter},
 title = {Individual Education Feedback Using Competence Structure Models},
 booktitle = {Proceedings of the 2014 European Conference on Cognitive Ergonomics},
 series = {ECCE '14},
 year = {2014},
 isbn = {978-1-4503-2874-6},
 location = {Vienna, Austria},
 pages = {10:1--10:4},
 articleno = {10},
 numpages = {4},
 url = {http://doi.acm.org/10.1145/2637248.2637275},
 doi = {10.1145/2637248.2637275},
 acmid = {2637275},
 publisher = {ACM},
 address = {New York, NY, USA},
 keywords = {Competence, Education, Individual education feedback, Psychometric model},
}

@inproceedings{Duran:2018:TID:3230977.3231007,
 author = {Duran, Rodrigo},
 title = {Towards an Instructional Design of Complex Learning in Introductory Programming Courses},
 booktitle = {Proceedings of the 2018 ACM Conference on International Computing Education Research},
 series = {ICER '18},
 year = {2018},
 isbn = {978-1-4503-5628-2},
 location = {Espoo, Finland},
 pages = {262--263},
 numpages = {2},
 url = {http://doi.acm.org/10.1145/3230977.3231007},
 doi = {10.1145/3230977.3231007},
 acmid = {3231007},
 publisher = {ACM},
 address = {New York, NY, USA},
 keywords = {cognitive load theory, complexity, model of hierarchical complexity, plan-composition strategies, program cognitive complexity},
}

@article{Marek:1992:NRL:130700.1063242,
 note = {Reviewer-Marek, V. W.},
 title = {Nonmonotonic Reasoning: Logical Foundations of Commonsense By Gerhard Brewka (Cambridge University Press, 1991)},
 journal = {SIGART Bull.},
 issue_date = {April 1992},
 volume = {3},
 number = {2},
 month = apr,
 year = {1992},
 issn = {0163-5719},
 pages = {28--29},
 numpages = {2},
 url = {http://doi.acm.org/10.1145/130700.1063242},
 doi = {10.1145/130700.1063242},
 acmid = {1063242},
 publisher = {ACM},
 address = {New York, NY, USA},
}

@inproceedings{Razzaq:2008:TDU:1358628.1358885,
 author = {Razzaq, Leena and Heffernan, Neil T.},
 title = {Towards Designing a User-adaptive Web-based e-Learning System},
 booktitle = {CHI '08 Extended Abstracts on Human Factors in Computing Systems},
 series = {CHI EA '08},
 year = {2008},
 isbn = {978-1-60558-012-8},
 location = {Florence, Italy},
 pages = {3525--3530},
 numpages = {6},
 url = {http://doi.acm.org/10.1145/1358628.1358885},
 doi = {10.1145/1358628.1358885},
 acmid = {1358885},
 publisher = {ACM},
 address = {New York, NY, USA},
 keywords = {e-learning, information presentation, user-adaptive systems, user/system initiative},
}

@inproceedings{Koschmann:1999:TDT:1150240.1150278,
 author = {Koschmann, Timothy},
 title = {Toward a Dialogic Theory of Learning: Bakhtin's Contribution to Understanding Learning in Settings of Collaboration},
 booktitle = {Proceedings of the 1999 Conference on Computer Support for Collaborative Learning},
 series = {CSCL '99},
 year = {1999},
 location = {Palo Alto, California},
 articleno = {38},
 url = {http://dl.acm.org/citation.cfm?id=1150240.1150278},
 acmid = {1150278},
 publisher = {International Society of the Learning Sciences},
 keywords = {bakhtin, social languages, speech genres, theories of learning},
}

@inproceedings{Pelchen:2019:FWU:3286960.3286962,
 author = {Pelchen, Thomas and Lister, Raymond},
 title = {On the Frequency of Words Used in Answers to Explain in Plain English Questions by Novice Programmers},
 booktitle = {Proceedings of the Twenty-First Australasian Computing Education Conference},
 series = {ACE '19},
 year = {2019},
 isbn = {978-1-4503-6622-9},
 location = {Sydney, NSW, Australia},
 pages = {11--20},
 numpages = {10},
 url = {http://doi.acm.org/10.1145/3286960.3286962},
 doi = {10.1145/3286960.3286962},
 acmid = {3286962},
 publisher = {ACM},
 address = {New York, NY, USA},
 keywords = {Explain in Plain English, Novice Programmers},
}

@inproceedings{Liu:2007:CCL:1599600.1599685,
 author = {Liu, Lei and Hmelo-Silver, Cindy E.},
 title = {Computer-supported Collaborative Learning and Conceptual Change},
 booktitle = {Proceedings of the 8th Iternational Conference on Computer Supported Collaborative Learning},
 series = {CSCL'07},
 year = {2007},
 isbn = {978-0-6151-5436-7},
 location = {New Brunswick, New Jersey, USA},
 pages = {454--463},
 numpages = {10},
 url = {http://dl.acm.org/citation.cfm?id=1599600.1599685},
 acmid = {1599685},
 publisher = {International Society of the Learning Sciences},
}

@inproceedings{Murphy:2012:AEP:2361276.2361299,
 author = {Murphy, Laurie and Fitzgerald, Sue and Lister, Raymond and McCauley, Ren{\'e}e},
 title = {Ability to 'Explain in Plain English' Linked to Proficiency in Computer-based Programming},
 booktitle = {Proceedings of the Ninth Annual International Conference on International Computing Education Research},
 series = {ICER '12},
 year = {2012},
 isbn = {978-1-4503-1604-0},
 location = {Auckland, New Zealand},
 pages = {111--118},
 numpages = {8},
 url = {http://doi.acm.org/10.1145/2361276.2361299},
 doi = {10.1145/2361276.2361299},
 acmid = {2361299},
 publisher = {ACM},
 address = {New York, NY, USA},
 keywords = {computer science education research, explain in plain english, mixed methods, novice programmers, qualitative research methods, solo},
}

@inproceedings{Marshall:2007:TIE:1226969.1227004,
 author = {Marshall, Paul},
 title = {Do Tangible Interfaces Enhance Learning?},
 booktitle = {Proceedings of the 1st International Conference on Tangible and Embedded Interaction},
 series = {TEI '07},
 year = {2007},
 isbn = {978-1-59593-619-6},
 location = {Baton Rouge, Louisiana},
 pages = {163--170},
 numpages = {8},
 url = {http://doi.acm.org/10.1145/1226969.1227004},
 doi = {10.1145/1226969.1227004},
 acmid = {1227004},
 publisher = {ACM},
 address = {New York, NY, USA},
 keywords = {TUI, frameworks, learning, tangible interface},
}

@article{Humphrey:1986:AI:15698.1044070,
 author = {Humphrey, Susanne M. and Shneiderman, Ben},
 title = {Abstracts of Interest},
 journal = {SIGCHI Bull.},
 issue_date = {July 1986},
 volume = {18},
 number = {1},
 month = jul,
 year = {1986},
 issn = {0736-6906},
 pages = {24--32},
 numpages = {9},
 url = {http://doi.acm.org/10.1145/15698.1044070},
 doi = {10.1145/15698.1044070},
 acmid = {1044070},
 publisher = {ACM},
 address = {New York, NY, USA},
}

@inproceedings{Asterhan:2008:PAE:1599812.1599819,
 author = {Asterhan, Christa S. C.},
 title = {Processes of Argumentation and Explanation in Conceptual Change: Results from Protocol Analyses of Peer-to-peer Dialogue},
 booktitle = {Proceedings of the 8th International Conference on International Conference for the Learning Sciences - Volume 1},
 series = {ICLS'08},
 year = {2008},
 location = {Utrecht, The Netherlands},
 pages = {60--67},
 numpages = {8},
 url = {http://dl.acm.org/citation.cfm?id=1599812.1599819},
 acmid = {1599819},
 publisher = {International Society of the Learning Sciences},
}

@inproceedings{Whalley:2014:QTS:2591708.2591762,
 author = {Whalley, Jacqueline and Kasto, Nadia},
 title = {A Qualitative Think-aloud Study of Novice Programmers' Code Writing Strategies},
 booktitle = {Proceedings of the 2014 Conference on Innovation \&\#38; Technology in Computer Science Education},
 series = {ITiCSE '14},
 year = {2014},
 isbn = {978-1-4503-2833-3},
 location = {Uppsala, Sweden},
 pages = {279--284},
 numpages = {6},
 url = {http://doi.acm.org/10.1145/2591708.2591762},
 doi = {10.1145/2591708.2591762},
 acmid = {2591762},
 publisher = {ACM},
 address = {New York, NY, USA},
 keywords = {novice programmers, schemas, think aloud, vygotsky},
}

@inproceedings{Simon:2012:IPE:2483716.2483724,
 author = {Simon and Chinn, Donald and de Raadt, Michael and Philpott, Anne and Sheard, Judy and Laakso, Mikko-Jussi and D'Souza, Daryl and Skene, James and Carbone, Angela and Clear, Tony and Lister, Raymond and Warburton, Geoff},
 title = {Introductory Programming: Examining the Exams},
 booktitle = {Proceedings of the Fourteenth Australasian Computing Education Conference - Volume 123},
 series = {ACE '12},
 year = {2012},
 isbn = {978-1-921770-04-3},
 location = {Melbourne, Australia},
 pages = {61--70},
 numpages = {10},
 url = {http://dl.acm.org/citation.cfm?id=2483716.2483724},
 acmid = {2483724},
 publisher = {Australian Computer Society, Inc.},
 address = {Darlinghurst, Australia, Australia},
 keywords = {computing education, examination papers, introductory programming},
}

@inproceedings{Simon:2016:BIP:2960310.2960337,
 author = {Simon and Sheard, Judy and D'Souza, Daryl and Klemperer, Peter and Porter, Leo and Sorva, Juha and Stegeman, Martijn and Zingaro, Daniel},
 title = {Benchmarking Introductory Programming Exams: Some Preliminary Results},
 booktitle = {Proceedings of the 2016 ACM Conference on International Computing Education Research},
 series = {ICER '16},
 year = {2016},
 isbn = {978-1-4503-4449-4},
 location = {Melbourne, VIC, Australia},
 pages = {103--111},
 numpages = {9},
 url = {http://doi.acm.org/10.1145/2960310.2960337},
 doi = {10.1145/2960310.2960337},
 acmid = {2960337},
 publisher = {ACM},
 address = {New York, NY, USA},
 keywords = {assessment, benchmarking, cs1, examination, introductory programming},
}

@article{Qian:2017:SMO:3155324.3077618,
 author = {Qian, Yizhou and Lehman, James},
 title = {Students\&\#x2019; Misconceptions and Other Difficulties in Introductory Programming: A Literature Review},
 journal = {ACM Trans. Comput. Educ.},
 issue_date = {December 2017},
 volume = {18},
 number = {1},
 month = oct,
 year = {2017},
 issn = {1946-6226},
 pages = {1:1--1:24},
 articleno = {1},
 numpages = {24},
 url = {http://doi.acm.org/10.1145/3077618},
 doi = {10.1145/3077618},
 acmid = {3077618},
 publisher = {ACM},
 address = {New York, NY, USA},
 keywords = {Misconceptions, conceptual change, constructivism, difficulties, introductory programming},
}

@inproceedings{Swidan:2019:ERC:3300115.3309504,
 author = {Swidan, Alaaeddin and Hermans, Felienne},
 title = {The Effect of Reading Code Aloud on Comprehension: An Empirical Study with School Students},
 booktitle = {Proceedings of the ACM Conference on Global Computing Education},
 series = {CompEd '19},
 year = {2019},
 isbn = {978-1-4503-6259-7},
 location = {Chengdu,Sichuan, China},
 pages = {178--184},
 numpages = {7},
 url = {http://doi.acm.org/10.1145/3300115.3309504},
 doi = {10.1145/3300115.3309504},
 acmid = {3309504},
 publisher = {ACM},
 address = {New York, NY, USA},
 keywords = {bloom's taxonomy, primary school, programming education, reading aloud (RA)},
}

@article{Ferguson:2003:OCM:767598.767649,
 author = {Ferguson, Ernest},
 title = {Object-oriented Concept Mapping Using UML Class Diagrams},
 journal = {J. Comput. Sci. Coll.},
 issue_date = {April 2003},
 volume = {18},
 number = {4},
 month = apr,
 year = {2003},
 issn = {1937-4771},
 pages = {344--354},
 numpages = {11},
 url = {http://dl.acm.org/citation.cfm?id=767598.767649},
 acmid = {767649},
 publisher = {Consortium for Computing Sciences in Colleges},
 address = {USA},
 keywords = {UML, concept maps, conceptual change, constructivism},
}

@article{Bennedsen:2006:AAI:1138403.1138430,
 author = {Bennedsen, Jens and Caspersen, Michael E.},
 title = {Abstraction Ability As an Indicator of Success for Learning Object-oriented Programming?},
 journal = {SIGCSE Bull.},
 issue_date = {June 2006},
 volume = {38},
 number = {2},
 month = jun,
 year = {2006},
 issn = {0097-8418},
 pages = {39--43},
 numpages = {5},
 url = {http://doi.acm.org/10.1145/1138403.1138430},
 doi = {10.1145/1138403.1138430},
 acmid = {1138430},
 publisher = {ACM},
 address = {New York, NY, USA},
 keywords = {CS1, abstraction, model-based programming, objects-first, success factors},
}

@inproceedings{Wardrip:2015:LPM:2771839.2771920,
 author = {Wardrip, Peter S. and Brahms, Lisa},
 title = {Learning Practices of Making: Developing a Framework for Design},
 booktitle = {Proceedings of the 14th International Conference on Interaction Design and Children},
 series = {IDC '15},
 year = {2015},
 isbn = {978-1-4503-3590-4},
 location = {Boston, Massachusetts},
 pages = {375--378},
 numpages = {4},
 url = {http://doi.acm.org/10.1145/2771839.2771920},
 doi = {10.1145/2771839.2771920},
 acmid = {2771920},
 publisher = {ACM},
 address = {New York, NY, USA},
 keywords = {education, learning, making, museum},
}

@inproceedings{Jin:2018:NIA:3300942.3300959,
 author = {Jin, Laipeng and Jia, Huibin and Yu, Dongchuan},
 title = {A Novel Indicator for Assessing Conceptual Change: A Study Based on Functional Connectivity Measured with Near-infrared Spectroscopy},
 booktitle = {Proceedings of the 2018 International Conference on Education Technology Management},
 series = {ICETM 2018},
 year = {2018},
 isbn = {978-1-4503-6630-4},
 location = {Barcelona, Spain},
 pages = {82--86},
 numpages = {5},
 url = {http://doi.acm.org/10.1145/3300942.3300959},
 doi = {10.1145/3300942.3300959},
 acmid = {3300959},
 publisher = {ACM},
 address = {New York, NY, USA},
 keywords = {Assessment, Conceptual change, Functional connectivity, Functional near-infrared spectroscopy (fNIRS)},
}

@inproceedings{Chu:2015:DTI:2677199.2693161,
 author = {Chu, Jean Ho},
 title = {Designing Tangible Interfaces to Support Expression and Sensemaking in Interactive Narratives},
 booktitle = {Proceedings of the Ninth International Conference on Tangible, Embedded, and Embodied Interaction},
 series = {TEI '15},
 year = {2015},
 isbn = {978-1-4503-3305-4},
 location = {Stanford, California, USA},
 pages = {457--460},
 numpages = {4},
 url = {http://doi.acm.org/10.1145/2677199.2693161},
 doi = {10.1145/2677199.2693161},
 acmid = {2693161},
 publisher = {ACM},
 address = {New York, NY, USA},
 keywords = {interaction design, storytelling, tangible interaction},
}

@article{Hazzan:2001:THA:366413.364559,
 author = {Hazzan, Orit},
 title = {Teaching the Human Aspect of Software Engineering - a Case Study},
 journal = {SIGCSE Bull.},
 issue_date = {March 2001},
 volume = {33},
 number = {1},
 month = feb,
 year = {2001},
 issn = {0097-8418},
 pages = {124--128},
 numpages = {5},
 url = {http://doi.acm.org/10.1145/366413.364559},
 doi = {10.1145/366413.364559},
 acmid = {364559},
 publisher = {ACM},
 address = {New York, NY, USA},
}

@inproceedings{Hazzan:2001:THA:364447.364559,
 author = {Hazzan, Orit},
 title = {Teaching the Human Aspect of Software Engineering - a Case Study},
 booktitle = {Proceedings of the Thirty-second SIGCSE Technical Symposium on Computer Science Education},
 series = {SIGCSE '01},
 year = {2001},
 isbn = {1-58113-329-4},
 location = {Charlotte, North Carolina, USA},
 pages = {124--128},
 numpages = {5},
 url = {http://doi.acm.org/10.1145/364447.364559},
 doi = {10.1145/364447.364559},
 acmid = {364559},
 publisher = {ACM},
 address = {New York, NY, USA},
}

@inproceedings{Falcao:2012:TSI:2307096.2307172,
 author = {Falc\~{a}o, Taciana Pontual and Price, Sara},
 title = {Tangibles for Students with Intellectual Disabilities},
 booktitle = {Proceedings of the 11th International Conference on Interaction Design and Children},
 series = {IDC '12},
 year = {2012},
 isbn = {978-1-4503-1007-9},
 location = {Bremen, Germany},
 pages = {371--374},
 numpages = {4},
 url = {http://doi.acm.org/10.1145/2307096.2307172},
 doi = {10.1145/2307096.2307172},
 acmid = {2307172},
 publisher = {ACM},
 address = {New York, NY, USA},
 keywords = {independent exploration, intellectual disabilities, tangibles},
}

@inproceedings{Wang:2008:MFF:1379157.1379164,
 author = {Wang, Weigang and French, Simon},
 title = {A Multi-dimensional Framework for Facilitating Wide Participation and Common Understanding},
 booktitle = {Proceedings of the Hypertext 2008 Workshop on Collaboration and Collective Intelligence},
 series = {WebScience '08},
 year = {2008},
 isbn = {978-1-60558-171-2},
 location = {Pittsburgh, PA, USA},
 pages = {23--27},
 numpages = {5},
 url = {http://doi.acm.org/10.1145/1379157.1379164},
 doi = {10.1145/1379157.1379164},
 acmid = {1379164},
 publisher = {ACM},
 address = {New York, NY, USA},
 keywords = {collaboration, common understanding, coordination, facilitation, framework, participation, web 2.0, www},
}

@inproceedings{Jackendoff:1978:ACC:980262.980288,
 author = {Jackendoff, Ray},
 title = {An Argument About the Composition of Conceptual Structure},
 booktitle = {Proceedings of the 1978 Workshop on Theoretical Issues in Natural Language Processing},
 series = {TINLAP '78},
 year = {1978},
 location = {Urbana-Champaign, Illinois},
 pages = {162--166},
 numpages = {5},
 url = {https://doi.org/10.3115/980262.980288},
 doi = {10.3115/980262.980288},
 acmid = {980288},
 publisher = {Association for Computational Linguistics},
 address = {Stroudsburg, PA, USA},
}

@inproceedings{Schaffner:1996:BLW:1161135.1161206,
 author = {Schaffner, Andrew and Graf, Edith A. and Madigan, David and Minstrell, Jim and Hunt, Earl and Nason, Martha},
 title = {Benchmark Lessons and the World Wide Web: Tools for Teaching Statistics},
 booktitle = {Proceedings of the 1996 International Conference on Learning Sciences},
 series = {ICLS '96},
 year = {1996},
 isbn = {1-880094-23-1},
 location = {Evanston, Illinois},
 pages = {480--485},
 numpages = {6},
 url = {http://dl.acm.org/citation.cfm?id=1161135.1161206},
 acmid = {1161206},
 publisher = {International Society of the Learning Sciences},
}

@inproceedings{Gullbekk:2015:IIL:2857070.2857149,
 author = {Gullbekk, Eystein and B{\o}yum, Idunn and Bystr\"{o}m, Katriina},
 title = {Interdisciplinarity and Information Literacy: Librarians' Competencies in Emerging Settings of Higher Education},
 booktitle = {Proceedings of the 78th ASIS\&T Annual Meeting: Information Science with Impact: Research in and for the Community},
 series = {ASIST '15},
 year = {2015},
 isbn = {0-87715-547-X},
 location = {St. Louis, Missouri},
 pages = {79:1--79:4},
 articleno = {79},
 numpages = {4},
 url = {http://dl.acm.org/citation.cfm?id=2857070.2857149},
 acmid = {2857149},
 publisher = {American Society for Information Science},
 address = {Silver Springs, MD, USA},
 keywords = {academic libraries, competencies, information literacy, interdisciplinarity, librarians, teaching},
}

@inproceedings{Wang:2006:CSF:1149941.1149953,
 author = {Wang, Weigang and Rubart, Jessica},
 title = {A Cognitive and Social Framework for Shared Understanding in Cooperative Hypermedia Authoring},
 booktitle = {Proceedings of the Seventeenth Conference on Hypertext and Hypermedia},
 series = {HYPERTEXT '06},
 year = {2006},
 isbn = {1-59593-417-0},
 location = {Odense, Denmark},
 pages = {53--56},
 numpages = {4},
 url = {http://doi.acm.org/10.1145/1149941.1149953},
 doi = {10.1145/1149941.1149953},
 acmid = {1149953},
 publisher = {ACM},
 address = {New York, NY, USA},
 keywords = {common ground, cooperative hypermedia, grounding, joint cognition, shared knowledge structure},
}

@inproceedings{Tseng:2013:DRE:2468356.2468466,
 author = {Tseng, Tiffany and Bryant, Coram},
 title = {Design, Reflect, Explore: Encouraging Children's Reflections with Mechanix},
 booktitle = {CHI '13 Extended Abstracts on Human Factors in Computing Systems},
 series = {CHI EA '13},
 year = {2013},
 isbn = {978-1-4503-1952-2},
 location = {Paris, France},
 pages = {619--624},
 numpages = {6},
 url = {http://doi.acm.org/10.1145/2468356.2468466},
 doi = {10.1145/2468356.2468466},
 acmid = {2468466},
 publisher = {ACM},
 address = {New York, NY, USA},
 keywords = {children, design, reflection},
}

@inproceedings{Finholt:1998:TUT:289444.289522,
 author = {Finholt, Tom and Ackerman, Mark S.},
 title = {Tutorials (Summary)},
 booktitle = {Proceedings of the 1998 ACM Conference on Computer Supported Cooperative Work},
 series = {CSCW '98},
 year = {1998},
 isbn = {1-58113-009-0},
 location = {Seattle, Washington, USA},
 pages = {427--431},
 numpages = {5},
 url = {http://doi.acm.org/10.1145/289444.289522},
 doi = {10.1145/289444.289522},
 acmid = {289522},
 publisher = {ACM},
 address = {New York, NY, USA},
}

@article{Harper:2006:ILT:1181901.1181918,
 author = {Harper, Steve},
 title = {Immersion Language Theory Meets CS},
 journal = {J. Comput. Sci. Coll.},
 issue_date = {December 2006},
 volume = {22},
 number = {2},
 month = dec,
 year = {2006},
 issn = {1937-4771},
 pages = {85--91},
 numpages = {7},
 url = {http://dl.acm.org/citation.cfm?id=1181901.1181918},
 acmid = {1181918},
 publisher = {Consortium for Computing Sciences in Colleges},
 address = {USA},
}

@inproceedings{Parmaxi:2014:AST:2559206.2581267,
 author = {Parmaxi, Antigoni and Zaphiris, Panayiotis},
 title = {Affordances of Social Technologies As Social Microworlds},
 booktitle = {CHI '14 Extended Abstracts on Human Factors in Computing Systems},
 series = {CHI EA '14},
 year = {2014},
 isbn = {978-1-4503-2474-8},
 location = {Toronto, Ontario, Canada},
 pages = {2113--2118},
 numpages = {6},
 url = {http://doi.acm.org/10.1145/2559206.2581267},
 doi = {10.1145/2559206.2581267},
 acmid = {2581267},
 publisher = {ACM},
 address = {New York, NY, USA},
 keywords = {affordances, call, computer assisted language learning, constructionism, limitations, social constructionism, social media, web 2.0},
}

@article{Allen:2017:NTT:3144645.3144671,
 author = {Allen, J. Thomas and Bidjerano, Temi and Hren, Trilby},
 title = {What Do Novices Think About when They Program?},
 journal = {J. Comput. Sci. Coll.},
 issue_date = {December 2017},
 volume = {33},
 number = {2},
 month = dec,
 year = {2017},
 issn = {1937-4771},
 pages = {171--181},
 numpages = {11},
 url = {http://dl.acm.org/citation.cfm?id=3144645.3144671},
 acmid = {3144671},
 publisher = {Consortium for Computing Sciences in Colleges},
 address = {USA},
}

@inproceedings{Kumar:2013:SIC:2462476.2462507,
 author = {Kumar, Amruth N.},
 title = {A Study of the Influence of Code-tracing Problems on Code-writing Skills},
 booktitle = {Proceedings of the 18th ACM Conference on Innovation and Technology in Computer Science Education},
 series = {ITiCSE '13},
 year = {2013},
 isbn = {978-1-4503-2078-8},
 location = {Canterbury, England, UK},
 pages = {183--188},
 numpages = {6},
 url = {http://doi.acm.org/10.1145/2462476.2462507},
 doi = {10.1145/2462476.2462507},
 acmid = {2462507},
 publisher = {ACM},
 address = {New York, NY, USA},
 keywords = {code-reading, code-tracing, code-writing, problem-solving},
}

@inproceedings{Baker:2015:LWW:2788412.2788417,
 author = {Baker, Michael J.},
 title = {Learning in Work, Work in Learning: Relations Between Constructive Ergonomics and the Learning Sciences},
 booktitle = {Proceedings of the European Conference on Cognitive Ergonomics 2015},
 series = {ECCE '15},
 year = {2007},
 isbn = {978-1-4503-3612-3},
 location = {Warsaw, Poland},
 pages = {5:1--5:5},
 articleno = {5},
 numpages = {5},
 url = {http://doi.acm.org/10.1145/2788412.2788417},
 doi = {10.1145/2788412.2788417},
 acmid = {2788417},
 publisher = {ACM},
 address = {New York, NY, USA},
 keywords = {Constructive Ergonomics, Design-Based Research, Learning Sciences, developmental theory, situated learning},
}

@article{Hazzan:2004:CPP:1024338.1024372,
 author = {Hazzan, Orit and Lapidot, Tami},
 title = {Construction of a Professional Perception in the "Methods of Teaching Computer Science" Course},
 journal = {SIGCSE Bull.},
 issue_date = {June 2004},
 volume = {36},
 number = {2},
 month = jun,
 year = {2004},
 issn = {0097-8418},
 pages = {57--61},
 numpages = {5},
 url = {http://doi.acm.org/10.1145/1024338.1024372},
 doi = {10.1145/1024338.1024372},
 acmid = {1024372},
 publisher = {ACM},
 address = {New York, NY, USA},
 keywords = {active learning, computer science education, methods course, professional perception, teacher preparation},
}

@inproceedings{Falcao:2010:IDT:1810543.1810568,
 author = {Falc\~{a}o, Taciana Pontual and Price, Sara},
 title = {Informing Design for Tangible Interaction: A Case for Children with Learning Difficulties},
 booktitle = {Proceedings of the 9th International Conference on Interaction Design and Children},
 series = {IDC '10},
 year = {2010},
 isbn = {978-1-60558-951-0},
 location = {Barcelona, Spain},
 pages = {190--193},
 numpages = {4},
 url = {http://doi.acm.org/10.1145/1810543.1810568},
 doi = {10.1145/1810543.1810568},
 acmid = {1810568},
 publisher = {ACM},
 address = {New York, NY, USA},
 keywords = {ICT, learning difficulties, tangible technologies},
}

@inproceedings{Lindgren:2011:SCL:1999030.1999055,
 author = {Lindgren, Robb and Moshell, J. Michael},
 title = {Supporting Children's Learning with Body-based Metaphors in a Mixed Reality Environment},
 booktitle = {Proceedings of the 10th International Conference on Interaction Design and Children},
 series = {IDC '11},
 year = {2011},
 isbn = {978-1-4503-0751-2},
 location = {Ann Arbor, Michigan},
 pages = {177--180},
 numpages = {4},
 url = {http://doi.acm.org/10.1145/1999030.1999055},
 doi = {10.1145/1999030.1999055},
 acmid = {1999055},
 publisher = {ACM},
 address = {New York, NY, USA},
 keywords = {embodied interaction, learning, metaphors, middle school, mixed reality, science education},
}

@article{Bjork:2016:REL:2874239.2874277,
 author = {Bj\"{o}rk, Ingrid and Kavathatzopoulos, Iordanis},
 title = {Robots, Ethics and Language},
 journal = {SIGCAS Comput. Soc.},
 issue_date = {September 2015},
 volume = {45},
 number = {3},
 month = jan,
 year = {2016},
 issn = {0095-2737},
 pages = {270--273},
 numpages = {4},
 url = {http://doi.acm.org/10.1145/2874239.2874277},
 doi = {10.1145/2874239.2874277},
 acmid = {2874277},
 publisher = {ACM},
 address = {New York, NY, USA},
 keywords = {autonomy, communication, decision-making, design, ethics, independent agents, language, moral, philosophy, robots},
}

@inproceedings{Budde:2017:TBT:3137065.3137077,
 author = {Budde, Lea and Heinemann, Birte and Schulte, Carsten},
 title = {A Theory Based Tool Set for Analysing Reading Processes in the Context of Learning Programming},
 booktitle = {Proceedings of the 12th Workshop on Primary and Secondary Computing Education},
 series = {WiPSCE '17},
 year = {2017},
 isbn = {978-1-4503-5428-8},
 location = {Nijmegen, Netherlands},
 pages = {83--86},
 numpages = {4},
 url = {http://doi.acm.org/10.1145/3137065.3137077},
 doi = {10.1145/3137065.3137077},
 acmid = {3137077},
 publisher = {ACM},
 address = {New York, NY, USA},
 keywords = {Block Model, Block Sequence Viewer, Cognitive Load, Eye Tracking, Learning Programming},
}

@inproceedings{Bekerman:2002:GPC:1658616.1658637,
 author = {Bekerman, Zvi and Horenczyk, Gabriel},
 title = {Golem, from Prague to Cyberspace: The Use of CSCL in Cultural Education for Diasporas},
 booktitle = {Proceedings of the Conference on Computer Support for Collaborative Learning: Foundations for a CSCL Community},
 series = {CSCL '02},
 year = {2002},
 location = {Boulder, Colorado},
 pages = {144--150},
 numpages = {7},
 url = {http://dl.acm.org/citation.cfm?id=1658616.1658637},
 acmid = {1658637},
 publisher = {International Society of the Learning Sciences},
 keywords = {Diaspora, Jewish education, computer-supported collaborative learning, cultural education, cultural identity, ethnic identity, multicultural education, technology and education},
}

@inproceedings{Read:2008:JCD:1413634.1413654,
 author = {Read, Janet C},
 title = {Jabberwocky: Children's Digital Ink Story Writing from Nonsense to Sense},
 booktitle = {Proceedings of the 3rd International Conference on Digital Interactive Media in Entertainment and Arts},
 series = {DIMEA '08},
 year = {2008},
 isbn = {978-1-60558-248-1},
 location = {Athens, Greece},
 pages = {85--90},
 numpages = {6},
 url = {http://doi.acm.org/10.1145/1413634.1413654},
 doi = {10.1145/1413634.1413654},
 acmid = {1413654},
 publisher = {ACM},
 address = {New York, NY, USA},
 keywords = {children, digital ink, errors, handwriting recognition, text input, tolerance},
}

@inproceedings{Cutts:2014:CSF:2670757.2670780,
 author = {Cutts, Quintin and Connor, Richard and Michaelson, Greg and Donaldson, Peter},
 title = {Code or (Not Code): Separating Formal and Natural Language in CS Education},
 booktitle = {Proceedings of the 9th Workshop in Primary and Secondary Computing Education},
 series = {WiPSCE '14},
 year = {2014},
 isbn = {978-1-4503-3250-7},
 location = {Berlin, Germany},
 pages = {20--28},
 numpages = {9},
 url = {http://doi.acm.org/10.1145/2670757.2670780},
 doi = {10.1145/2670757.2670780},
 acmid = {2670780},
 publisher = {ACM},
 address = {New York, NY, USA},
 keywords = {assessment, comprehension, language, program, pseudo-code, reference},
}

@inproceedings{Dori:1999:CMM:1150240.1150256,
 author = {Dori, Yehudit J. and Barak, Miri},
 title = {Computerized Molecular Modeling As a Collaborative Learning Environment},
 booktitle = {Proceedings of the 1999 Conference on Computer Support for Collaborative Learning},
 series = {CSCL '99},
 year = {1999},
 location = {Palo Alto, California},
 articleno = {16},
 url = {http://dl.acm.org/citation.cfm?id=1150240.1150256},
 acmid = {1150256},
 publisher = {International Society of the Learning Sciences},
}

@inproceedings{Lipponen:1999:CCS:1150240.1150286,
 author = {Lipponen, Lasse},
 title = {The Challenges for Computer Supported Collaborative Learning in Elementary and Secondary Level: Finnish Perspectives},
 booktitle = {Proceedings of the 1999 Conference on Computer Support for Collaborative Learning},
 series = {CSCL '99},
 year = {1999},
 location = {Palo Alto, California},
 articleno = {46},
 url = {http://dl.acm.org/citation.cfm?id=1150240.1150286},
 acmid = {1150286},
 publisher = {International Society of the Learning Sciences},
 keywords = {best practices, computer-mediated communication, shared knowledge},
}

@inproceedings{Jones:2003:IIU:1082060.1082069,
 author = {Jones, Anthony J.},
 title = {Infusing ICT Use Within the Early Years of Elementary Education},
 booktitle = {Proceedings of the International Federation for Information Processing Working Group 3.5 Open Conference on Young Children and Learning Technologies - Volume 34},
 series = {CRPIT '03},
 year = {2003},
 isbn = {1-920682-16-3},
 location = {Sydney, Australia},
 pages = {59--64},
 numpages = {6},
 url = {http://dl.acm.org/citation.cfm?id=1082060.1082069},
 acmid = {1082069},
 publisher = {Australian Computer Society, Inc.},
 address = {Darlinghurst, Australia, Australia},
 keywords = {elementary education, learning processes},
}

@inproceedings{Ihantola:2014:ADI:2656450.2656476,
 author = {Ihantola, Petri and Sorva, Juha and Vihavainen, Arto},
 title = {Automatically Detectable Indicators of Programming Assignment Difficulty},
 booktitle = {Proceedings of the 15th Annual Conference on Information Technology Education},
 series = {SIGITE '14},
 year = {2014},
 isbn = {978-1-4503-2686-5},
 location = {Atlanta, Georgia, USA},
 pages = {33--38},
 numpages = {6},
 url = {http://doi.acm.org/10.1145/2656450.2656476},
 doi = {10.1145/2656450.2656476},
 acmid = {2656476},
 publisher = {ACM},
 address = {New York, NY, USA},
 keywords = {assignment difficulty, automated assessment, personalized feedback, programming assignments},
}

@inproceedings{Kumar:2015:SCP:2729094.2742587,
 author = {Kumar, Amruth N.},
 title = {Solving Code-tracing Problems and Its Effect on Code-writing Skills Pertaining to Program Semantics},
 booktitle = {Proceedings of the 2015 ACM Conference on Innovation and Technology in Computer Science Education},
 series = {ITiCSE '15},
 year = {2015},
 isbn = {978-1-4503-3440-2},
 location = {Vilnius, Lithuania},
 pages = {314--319},
 numpages = {6},
 url = {http://doi.acm.org/10.1145/2729094.2742587},
 doi = {10.1145/2729094.2742587},
 acmid = {2742587},
 publisher = {ACM},
 address = {New York, NY, USA},
 keywords = {code-reading, code-tracing, code-writing, problem-solving},
}

@inproceedings{Cutts:2012:ATT:2361276.2361290,
 author = {Cutts, Quintin and Esper, Sarah and Fecho, Marlena and Foster, Stephen R. and Simon, Beth},
 title = {The Abstraction Transition Taxonomy: Developing Desired Learning Outcomes Through the Lens of Situated Cognition},
 booktitle = {Proceedings of the Ninth Annual International Conference on International Computing Education Research},
 series = {ICER '12},
 year = {2012},
 isbn = {978-1-4503-1604-0},
 location = {Auckland, New Zealand},
 pages = {63--70},
 numpages = {8},
 url = {http://doi.acm.org/10.1145/2361276.2361290},
 doi = {10.1145/2361276.2361290},
 acmid = {2361290},
 publisher = {ACM},
 address = {New York, NY, USA},
 keywords = {cognitive apprenticeship, cs0, cs1, cs2, deliberate practice, situated cognition, taxonomy},
}

@inproceedings{Fiacco:2018:TDG:3231644.3231655,
 author = {Fiacco, James and Ros{\'e}, Carolyn},
 title = {Towards Domain General Detection of Transactive Knowledge Building Behavior},
 booktitle = {Proceedings of the Fifth Annual ACM Conference on Learning at Scale},
 series = {L@S '18},
 year = {2018},
 isbn = {978-1-4503-5886-6},
 location = {London, United Kingdom},
 pages = {8:1--8:11},
 articleno = {8},
 numpages = {11},
 url = {http://doi.acm.org/10.1145/3231644.3231655},
 doi = {10.1145/3231644.3231655},
 acmid = {3231655},
 publisher = {ACM},
 address = {New York, NY, USA},
 keywords = {attention model, deep learning, entailment, limited dataset size, multitask learning, natural language inference, neural network, transactivity, transfer learning},
}

@inproceedings{Niemela:2017:CTE:3141880.3141885,
 author = {Niemel\"{a}, Pia and Partanen, Tiina and Harsu, Maarit and Lepp\"{a}nen, Leo and Ihantola, Petri},
 title = {Computational Thinking As an Emergent Learning Trajectory of Mathematics},
 booktitle = {Proceedings of the 17th Koli Calling International Conference on Computing Education Research},
 series = {Koli Calling '17},
 year = {2017},
 isbn = {978-1-4503-5301-4},
 location = {Koli, Finland},
 pages = {70--79},
 numpages = {10},
 url = {http://doi.acm.org/10.1145/3141880.3141885},
 doi = {10.1145/3141880.3141885},
 acmid = {3141885},
 publisher = {ACM},
 address = {New York, NY, USA},
 keywords = {K-12 computer science curriculum, computational thinking, in-service teacher training, learning trajectory, math-integrated computing},
}

@inproceedings{Berg-Cross:2008:ADP:1774674.1774720,
 author = {Berg-Cross, Gary},
 title = {Applying Developmental-inspired Principles to the Field of Developmental Robotics},
 booktitle = {Proceedings of the 8th Workshop on Performance Metrics for Intelligent Systems},
 series = {PerMIS '08},
 year = {2008},
 isbn = {978-1-60558-293-1},
 location = {Gaithersburg, Maryland},
 pages = {288--292},
 numpages = {5},
 url = {http://doi.acm.org/10.1145/1774674.1774720},
 doi = {10.1145/1774674.1774720},
 acmid = {1774720},
 publisher = {ACM},
 address = {New York, NY, USA},
 keywords = {Ptolemaic paradigm, bio-inspiration, bio-realism, developmental robotics, embodiment},
}

@inproceedings{Arlegui:2013:PAU:2536536.2536585,
 author = {Arlegui, Javier and Pina, Alfredo and Moro, Michele},
 title = {A PBL Approach Using Virtual and Real Robots (with BYOB and LEGO NXT) to Teaching Learning Key Competences and Standard Curricula in Primary Level},
 booktitle = {Proceedings of the First International Conference on Technological Ecosystem for Enhancing Multiculturality},
 series = {TEEM '13},
 year = {2013},
 isbn = {978-1-4503-2345-1},
 location = {Salamanca, Spain},
 pages = {323--328},
 numpages = {6},
 url = {http://doi.acm.org/10.1145/2536536.2536585},
 doi = {10.1145/2536536.2536585},
 acmid = {2536585},
 publisher = {ACM},
 address = {New York, NY, USA},
 keywords = {BYOB, NXT, constructivism/constructionism, educational robotics},
}

@inproceedings{Hoppe:2002:ICC:1658616.1658804,
 author = {Hoppe, H. Ulrich and Ga\ssner, Katrin},
 title = {Integrating Collaborative Concept Mapping Tools with Group Memory and Retrieval Functions},
 booktitle = {Proceedings of the Conference on Computer Support for Collaborative Learning: Foundations for a CSCL Community},
 series = {CSCL '02},
 year = {2002},
 location = {Boulder, Colorado},
 pages = {716--725},
 numpages = {10},
 url = {http://dl.acm.org/citation.cfm?id=1658616.1658804},
 acmid = {1658804},
 publisher = {International Society of the Learning Sciences},
 keywords = {co-construction, collaborative visual languages, group memory, life-long learning},
}

@inproceedings{Hammond:1995:PPE:217279.215309,
 author = {Hammond, Nick and McKendree, Jean and Reader, Will and Trapp, Annie},
 title = {The PsyCLE Project: Educational Multimedia for Conceptual Understanding},
 booktitle = {Proceedings of the Third ACM International Conference on Multimedia},
 series = {MULTIMEDIA '95},
 year = {1995},
 isbn = {0-89791-751-0},
 location = {San Francisco, California, USA},
 pages = {447--456},
 numpages = {10},
 url = {http://doi.acm.org/10.1145/217279.215309},
 doi = {10.1145/217279.215309},
 acmid = {215309},
 publisher = {ACM},
 address = {New York, NY, USA},
 keywords = {consortium project, learning principles, multimedia education, psychology},
}

@inproceedings{Ricardo:2001:HKM:504216.504269,
 author = {Ricardo, Francisco J.},
 title = {Hypertext and Knowledge Management},
 booktitle = {Proceedings of the 12th ACM Conference on Hypertext and Hypermedia},
 series = {HYPERTEXT '01},
 year = {2001},
 isbn = {1-58113-420-7},
 location = {\&\#197;rhus, none, Denmark},
 pages = {217--226},
 numpages = {10},
 url = {http://doi.acm.org/10.1145/504216.504269},
 doi = {10.1145/504216.504269},
 acmid = {504269},
 publisher = {ACM},
 address = {New York, NY, USA},
 keywords = {hypertext, representation, rhetoric},
}

@article{Young:1977:MSS:1045343.1045378,
 author = {Young, Richard M.},
 title = {Mixtures of Strategies in Structurally Adaptive Production Systems: Examples from Seriation and Subtraction},
 journal = {SIGART Bull.},
 issue_date = {June 1977},
 number = {63},
 month = jun,
 year = {1977},
 issn = {0163-5719},
 pages = {65--71},
 numpages = {7},
 url = {http://doi.acm.org/10.1145/1045343.1045378},
 doi = {10.1145/1045343.1045378},
 acmid = {1045378},
 publisher = {ACM},
 address = {New York, NY, USA},
}

@inproceedings{Gelderblom:2009:TDL:1551788.1551798,
 author = {Gelderblom, Hel{\'e}ne and Kotz{\'e}, Paula},
 title = {Ten Design Lessons from the Literature on Child Development and Children's Use of Technology},
 booktitle = {Proceedings of the 8th International Conference on Interaction Design and Children},
 series = {IDC '09},
 year = {2009},
 isbn = {978-1-60558-395-2},
 location = {Como, Italy},
 pages = {52--60},
 numpages = {9},
 url = {http://doi.acm.org/10.1145/1551788.1551798},
 doi = {10.1145/1551788.1551798},
 acmid = {1551798},
 publisher = {ACM},
 address = {New York, NY, USA},
 keywords = {children's technology, cognitive skill development, design guidelines, interaction design for children},
}

@inproceedings{Duran:2018:TAP:3230977.3230986,
 author = {Duran, Rodrigo and Sorva, Juha and Leite, Sofia},
 title = {Towards an Analysis of Program Complexity From a Cognitive Perspective},
 booktitle = {Proceedings of the 2018 ACM Conference on International Computing Education Research},
 series = {ICER '18},
 year = {2018},
 isbn = {978-1-4503-5628-2},
 location = {Espoo, Finland},
 pages = {21--30},
 numpages = {10},
 url = {http://doi.acm.org/10.1145/3230977.3230986},
 doi = {10.1145/3230977.3230986},
 acmid = {3230986},
 publisher = {ACM},
 address = {New York, NY, USA},
 keywords = {cognitive load theory, complexity, model of hierarchical complexity, plan-composition strategies, program cognitive complexity},
}

@inproceedings{Overdijk:2008:MUA:1599871.1599891,
 author = {Overdijk, Maarten and Bernard, Fran\c{c}ois-Xavier and Van Diggelen, Wouter and Baker, Michael},
 title = {From Mastery to Utilisation: Appropriation of Tools for Collaboration in Learning Situations},
 booktitle = {Proceedings of the 8th International Conference on International Conference for the Learning Sciences - Volume 2},
 series = {ICLS'08},
 year = {2008},
 location = {Utrecht, The Netherlands},
 pages = {156--163},
 numpages = {8},
 url = {http://dl.acm.org/citation.cfm?id=1599871.1599891},
 acmid = {1599891},
 publisher = {International Society of the Learning Sciences},
}

@inproceedings{Powers:2010:MA:1870559.1870561,
 author = {Powers, David M. W. and Luerssen, Martin H. and Lewis, Trent W. and Leibbrandt, Richard E. and Milne, Marissa and Pashalis, John and Treharne, Kenneth},
 title = {MANA for the Ageing},
 booktitle = {Proceedings of the 2010 Workshop on Companionable Dialogue Systems},
 series = {CDS '10},
 year = {2010},
 isbn = {978-1-932432-81-7},
 location = {Uppsala, Sweden},
 pages = {7--12},
 numpages = {6},
 url = {http://dl.acm.org/citation.cfm?id=1870559.1870561},
 acmid = {1870561},
 publisher = {Association for Computational Linguistics},
 address = {Stroudsburg, PA, USA},
}

@inproceedings{Marcu:2010:DEC:1734263.1734344,
 author = {Marcu, Gabriela and Kaufman, Samuel J. and Lee, Jaihee Kate and Black, Rebecca W. and Dourish, Paul and Hayes, Gillian R. and Richardson, Debra J.},
 title = {Design and Evaluation of a Computer Science and Engineering Course for Middle School Girls},
 booktitle = {Proceedings of the 41st ACM Technical Symposium on Computer Science Education},
 series = {SIGCSE '10},
 year = {2010},
 isbn = {978-1-4503-0006-3},
 location = {Milwaukee, Wisconsin, USA},
 pages = {234--238},
 numpages = {5},
 url = {http://doi.acm.org/10.1145/1734263.1734344},
 doi = {10.1145/1734263.1734344},
 acmid = {1734344},
 publisher = {ACM},
 address = {New York, NY, USA},
 keywords = {computer science and engineering education, diversity in computing, gender issues, hands-on curriculum},
}

@inproceedings{Belim:2014:BGS:2663806.2663828,
 author = {Belim, V\'{\i}tor and Lyra, Olga and Teixeira, Pedro and Caraban, Ana and Ferreira, Maria Jos{\'e} and Gouveia, R\'{u}ben and Lucero, Andr{\'e}s and Karapanos, Evangelos},
 title = {Beyond Gamification: Sociometric Technologies That Encourage Reflection Before Behavior Change},
 booktitle = {Proceedings of the 11th Conference on Advances in Computer Entertainment Technology},
 series = {ACE '14},
 year = {2014},
 isbn = {978-1-4503-2945-3},
 location = {Funchal, Portugal},
 pages = {27:1--27:6},
 articleno = {27},
 numpages = {6},
 url = {http://doi.acm.org/10.1145/2663806.2663828},
 doi = {10.1145/2663806.2663828},
 acmid = {2663828},
 publisher = {ACM},
 address = {New York, NY, USA},
 keywords = {children, gamification, persuasive sociometric technologies},
}

@inproceedings{Oldenburg:2011:RS:2094131.2094141,
 author = {Oldenburg, Reinhard},
 title = {Reification and Symbolization},
 booktitle = {Proceedings of the 11th Koli Calling International Conference on Computing Education Research},
 series = {Koli Calling '11},
 year = {2011},
 isbn = {978-1-4503-1052-9},
 location = {Koli, Finland},
 pages = {49--53},
 numpages = {5},
 url = {http://doi.acm.org/10.1145/2094131.2094141},
 doi = {10.1145/2094131.2094141},
 acmid = {2094141},
 publisher = {ACM},
 address = {New York, NY, USA},
 keywords = {computer science education, construction of mental objects, genetic teaching method, literals},
}

@article{Faulkner:1999:IUI:384266.299791,
 author = {Faulkner, Xris and Culwin, Fintan},
 title = {Integration of Usability Issues Within Initial Software Development Education. (It's All About the User Dummy!)},
 journal = {SIGCSE Bull.},
 issue_date = {March 1999},
 volume = {31},
 number = {1},
 month = mar,
 year = {1999},
 issn = {0097-8418},
 pages = {296--300},
 numpages = {5},
 url = {http://doi.acm.org/10.1145/384266.299791},
 doi = {10.1145/384266.299791},
 acmid = {299791},
 publisher = {ACM},
 address = {New York, NY, USA},
 keywords = {computer science, curriculum, graphical user interface, human computer interaction, human computer systems, software development, texts},
}

@inproceedings{Faulkner:1999:IUI:299649.299791,
 author = {Faulkner, Xris and Culwin, Fintan},
 title = {Integration of Usability Issues Within Initial Software Development Education. (It's All About the User Dummy!)},
 booktitle = {The Proceedings of the Thirtieth SIGCSE Technical Symposium on Computer Science Education},
 series = {SIGCSE '99},
 year = {1999},
 isbn = {1-58113-085-6},
 location = {New Orleans, Louisiana, USA},
 pages = {296--300},
 numpages = {5},
 url = {http://doi.acm.org/10.1145/299649.299791},
 doi = {10.1145/299649.299791},
 acmid = {299791},
 publisher = {ACM},
 address = {New York, NY, USA},
 keywords = {computer science, curriculum, graphical user interface, human computer interaction, human computer systems, software development, texts},
}

@article{Maia:2005:CFO:1151954.1067505,
 author = {Maia, Luiz Paulo and Machado, Francis Berenger and Pacheco,Jr., Ageu C.},
 title = {A Constructivist Framework for Operating Systems Education: A Pedagogic Proposal Using the SOsim},
 journal = {SIGCSE Bull.},
 issue_date = {September 2005},
 volume = {37},
 number = {3},
 month = jun,
 year = {2005},
 issn = {0097-8418},
 pages = {218--222},
 numpages = {5},
 url = {http://doi.acm.org/10.1145/1151954.1067505},
 doi = {10.1145/1151954.1067505},
 acmid = {1067505},
 publisher = {ACM},
 address = {New York, NY, USA},
 keywords = {computer science education, graphics, operating systems, pedagogy, simulation, visualization},
}

@inproceedings{Maia:2005:CFO:1067445.1067505,
 author = {Maia, Luiz Paulo and Machado, Francis Berenger and Pacheco,Jr., Ageu C.},
 title = {A Constructivist Framework for Operating Systems Education: A Pedagogic Proposal Using the SOsim},
 booktitle = {Proceedings of the 10th Annual SIGCSE Conference on Innovation and Technology in Computer Science Education},
 series = {ITiCSE '05},
 year = {2005},
 isbn = {1-59593-024-8},
 location = {Caparica, Portugal},
 pages = {218--222},
 numpages = {5},
 url = {http://doi.acm.org/10.1145/1067445.1067505},
 doi = {10.1145/1067445.1067505},
 acmid = {1067505},
 publisher = {ACM},
 address = {New York, NY, USA},
 keywords = {computer science education, graphics, operating systems, pedagogy, simulation, visualization},
}

@inproceedings{Cortina:2004:SSR:1149126.1149142,
 author = {Cortina, Jose Luis and Zhao, Qing and Cobb, Paul and McClain, Kay},
 title = {Supporting Students' Reasoning with Inscriptions},
 booktitle = {Proceedings of the 6th International Conference on Learning Sciences},
 series = {ICLS '04},
 year = {2004},
 location = {Santa Monica, California},
 pages = {142--149},
 numpages = {8},
 url = {http://dl.acm.org/citation.cfm?id=1149126.1149142},
 acmid = {1149142},
 publisher = {International Society of the Learning Sciences},
}

@inproceedings{Ginsburg:2012:WCR:2160749.2160751,
 author = {Ginsburg, Jason},
 title = {A Wikipedia-based Corpus Reference Tool},
 booktitle = {Proceedings of the 2012 Joint International Conference on Human-Centered Computer Environments},
 series = {HCCE '12},
 year = {2012},
 isbn = {978-1-4503-1191-5},
 location = {Aizu-Wakamatsu, Japan},
 pages = {1--7},
 numpages = {7},
 url = {http://doi.acm.org/10.1145/2160749.2160751},
 doi = {10.1145/2160749.2160751},
 acmid = {2160751},
 publisher = {ACM},
 address = {New York, NY, USA},
 keywords = {corpora, language teaching, wikipedia},
}

@inproceedings{Davis:2007:9TP:1227310.1227455,
 author = {Davis, Timothy and Geist, Robert and Matzko, Sarah and Westall, James},
 title = {{\$\tau\$}{\$\epsilon\$}{\$\chi\$}\&\#957;\&\#951;: Trial Phase for the New Curriculum},
 booktitle = {Proceedings of the 38th SIGCSE Technical Symposium on Computer Science Education},
 series = {SIGCSE '07},
 year = {2007},
 isbn = {1-59593-361-1},
 location = {Covington, Kentucky, USA},
 pages = {415--419},
 numpages = {5},
 url = {http://doi.acm.org/10.1145/1227310.1227455},
 doi = {10.1145/1227310.1227455},
 acmid = {1227455},
 publisher = {ACM},
 address = {New York, NY, USA},
 keywords = {{\$\tau\$}{\$\epsilon\$}{\$\chi\$}\&\#957;\&\#951;, computer graphics, curriculum design, problem-based instruction, ray-tracing},
}

@article{Davis:2007:9TP:1227504.1227455,
 author = {Davis, Timothy and Geist, Robert and Matzko, Sarah and Westall, James},
 title = {{\$\tau\$}{\$\epsilon\$}{\$\chi\$}\&\#957;\&\#951;: Trial Phase for the New Curriculum},
 journal = {SIGCSE Bull.},
 issue_date = {March 2007},
 volume = {39},
 number = {1},
 month = mar,
 year = {2007},
 issn = {0097-8418},
 pages = {415--419},
 numpages = {5},
 url = {http://doi.acm.org/10.1145/1227504.1227455},
 doi = {10.1145/1227504.1227455},
 acmid = {1227455},
 publisher = {ACM},
 address = {New York, NY, USA},
 keywords = {{\$\tau\$}{\$\epsilon\$}{\$\chi\$}\&\#957;\&\#951;, computer graphics, curriculum design, problem-based instruction, ray-tracing},
}

@article{Shen:1991:LAL:122344.122375,
 author = {Shen, Wei-Min},
 title = {LIVE: An Architecture for Learning from the Environment},
 journal = {SIGART Bull.},
 issue_date = {Aug. 1991},
 volume = {2},
 number = {4},
 month = jul,
 year = {1991},
 issn = {0163-5719},
 pages = {151--155},
 numpages = {5},
 url = {http://doi.acm.org/10.1145/122344.122375},
 doi = {10.1145/122344.122375},
 acmid = {122375},
 publisher = {ACM},
 address = {New York, NY, USA},
}

@inproceedings{Sarkar:2016:CDI:2851581.2892547,
 author = {Sarkar, Advait},
 title = {Constructivist Design for Interactive Machine Learning},
 booktitle = {Proceedings of the 2016 CHI Conference Extended Abstracts on Human Factors in Computing Systems},
 series = {CHI EA '16},
 year = {2016},
 isbn = {978-1-4503-4082-3},
 location = {San Jose, California, USA},
 pages = {1467--1475},
 numpages = {9},
 url = {http://doi.acm.org/10.1145/2851581.2892547},
 doi = {10.1145/2851581.2892547},
 acmid = {2892547},
 publisher = {ACM},
 address = {New York, NY, USA},
 keywords = {analytics, constructivist design, end-user programming, interactive machine learning, learning environments},
}

@inproceedings{Bednarik:2018:EME:3279720.3279722,
 author = {Bednarik, Roman and Schulte, Carsten and Budde, Lea and Heinemann, Birte and Vrzakova, Hana},
 title = {Eye-movement Modeling Examples in Source Code Comprehension: A Classroom Study},
 booktitle = {Proceedings of the 18th Koli Calling International Conference on Computing Education Research},
 series = {Koli Calling '18},
 year = {2018},
 isbn = {978-1-4503-6535-2},
 location = {Koli, Finland},
 pages = {2:1--2:8},
 articleno = {2},
 numpages = {8},
 url = {http://doi.acm.org/10.1145/3279720.3279722},
 doi = {10.1145/3279720.3279722},
 acmid = {3279722},
 publisher = {ACM},
 address = {New York, NY, USA},
 keywords = {classroom, eye-tracking, gaze guidance, source code},
}

@inproceedings{Swidan:2018:PMS:3230977.3230995,
 author = {Swidan, Alaaeddin and Hermans, Felienne and Smit, Marileen},
 title = {Programming Misconceptions for School Students},
 booktitle = {Proceedings of the 2018 ACM Conference on International Computing Education Research},
 series = {ICER '18},
 year = {2018},
 isbn = {978-1-4503-5628-2},
 location = {Espoo, Finland},
 pages = {151--159},
 numpages = {9},
 url = {http://doi.acm.org/10.1145/3230977.3230995},
 doi = {10.1145/3230977.3230995},
 acmid = {3230995},
 publisher = {ACM},
 address = {New York, NY, USA},
 keywords = {cs education, k-12 students, programming misconception, scratch},
}

@inproceedings{Falkner:2015:ESD:2819009.2819046,
 author = {Falkner, Katrina and Szabo, Claudia and Vivian, Rebecca and Falkner, Nickolas},
 title = {Evolution of Software Development Strategies},
 booktitle = {Proceedings of the 37th International Conference on Software Engineering - Volume 2},
 series = {ICSE '15},
 year = {2015},
 location = {Florence, Italy},
 pages = {243--252},
 numpages = {10},
 url = {http://dl.acm.org/citation.cfm?id=2819009.2819046},
 acmid = {2819046},
 publisher = {IEEE Press},
 address = {Piscataway, NJ, USA},
}

@inproceedings{Moran:1990:WWP:99332.99369,
 author = {Moran, Thomas P. and Anderson, R. J.},
 title = {The Workaday World As a Paradigm for CSCW Design},
 booktitle = {Proceedings of the 1990 ACM Conference on Computer-supported Cooperative Work},
 series = {CSCW '90},
 year = {1990},
 isbn = {0-89791-402-3},
 location = {Los Angeles, California, USA},
 pages = {381--393},
 numpages = {13},
 url = {http://doi.acm.org/10.1145/99332.99369},
 doi = {10.1145/99332.99369},
 acmid = {99369},
 publisher = {ACM},
 address = {New York, NY, USA},
}

@inproceedings{Chetty:2015:TPD:2828959.2828976,
 author = {Chetty, Jacqui and van der Westhuizen, Duan},
 title = {Towards a Pedagogical Design for Teaching Novice Programmers: Design-based Research As an Empirical Determinant for Success},
 booktitle = {Proceedings of the 15th Koli Calling Conference on Computing Education Research},
 series = {Koli Calling '15},
 year = {2015},
 isbn = {978-1-4503-4020-5},
 location = {Koli, Finland},
 pages = {5--12},
 numpages = {8},
 url = {http://doi.acm.org/10.1145/2828959.2828976},
 doi = {10.1145/2828959.2828976},
 acmid = {2828976},
 publisher = {ACM},
 address = {New York, NY, USA},
 keywords = {CS1, design principles, design-based research, instructional design},
}

@inproceedings{Teague:2012:SHW:2483716.2483727,
 author = {Teague, Donna and Corney, Malcolm and Ahadi, Alireza and Lister, Raymond},
 title = {Swapping As the "Hello World" of Relational Reasoning: Replications, Reflections and Extensions},
 booktitle = {Proceedings of the Fourteenth Australasian Computing Education Conference - Volume 123},
 series = {ACE '12},
 year = {2012},
 isbn = {978-1-921770-04-3},
 location = {Melbourne, Australia},
 pages = {87--94},
 numpages = {8},
 url = {http://dl.acm.org/citation.cfm?id=2483716.2483727},
 acmid = {2483727},
 publisher = {Australian Computer Society, Inc.},
 address = {Darlinghurst, Australia, Australia},
 keywords = {explaining, novice programmer, tracing, writing},
}

@inproceedings{Sikorski:2010:CLP:1854360.1854492,
 author = {Sikorski, Tiffany-Rose and Hammer, David},
 title = {A Critique of How Learning Progressions Research Conceptualizes Sophistication and Progress},
 booktitle = {Proceedings of the 9th International Conference of the Learning Sciences - Volume 1},
 series = {ICLS '10},
 year = {2010},
 location = {Chicago, Illinois},
 pages = {1032--1039},
 numpages = {8},
 url = {http://dl.acm.org/citation.cfm?id=1854360.1854492},
 acmid = {1854492},
 publisher = {International Society of the Learning Sciences},
}

@inproceedings{Prather:2019:FTF:3287324.3287374,
 author = {Prather, James and Pettit, Raymond and Becker, Brett A. and Denny, Paul and Loksa, Dastyni and Peters, Alani and Albrecht, Zachary and Masci, Krista},
 title = {First Things First: Providing Metacognitive Scaffolding for Interpreting Problem Prompts},
 booktitle = {Proceedings of the 50th ACM Technical Symposium on Computer Science Education},
 series = {SIGCSE '19},
 year = {2019},
 isbn = {978-1-4503-5890-3},
 location = {Minneapolis, MN, USA},
 pages = {531--537},
 numpages = {7},
 url = {http://doi.acm.org/10.1145/3287324.3287374},
 doi = {10.1145/3287324.3287374},
 acmid = {3287374},
 publisher = {ACM},
 address = {New York, NY, USA},
 keywords = {automated assessment tools, cs1, metacognitive awareness},
}

@inproceedings{Kopp:2009:CLV:1600053.1600076,
 author = {Kopp, Birgitta and Schnurer, Katharina and Mandl, Heinz},
 title = {Collaborative Learning in Virtual Seminars: Analyzing Learning Processes and Learning Outcomes},
 booktitle = {Proceedings of the 9th International Conference on Computer Supported Collaborative Learning - Volume 1},
 series = {CSCL'09},
 year = {2009},
 isbn = {978-1-4092-8598-4},
 location = {Rhodes, Greece},
 pages = {151--160},
 numpages = {10},
 url = {http://dl.acm.org/citation.cfm?id=1600053.1600076},
 acmid = {1600076},
 publisher = {International Society of the Learning Sciences},
}

@inproceedings{Derry:2002:SSC:1658616.1658646,
 author = {Derry, Sharon J. and Siegel, Marcelle and Stampen, John},
 title = {The STEP System for Collaborative Case-based Teacher Education: Design, Evaluation \& Future Directions},
 booktitle = {Proceedings of the Conference on Computer Support for Collaborative Learning: Foundations for a CSCL Community},
 series = {CSCL '02},
 year = {2002},
 location = {Boulder, Colorado},
 pages = {209--216},
 numpages = {8},
 url = {http://dl.acm.org/citation.cfm?id=1658616.1658646},
 acmid = {1658646},
 publisher = {International Society of the Learning Sciences},
 keywords = {case-based learning, instructional web sites, problem-based learning, teacher education, video cases},
}

@inproceedings{Kafai:2013:STK:2445196.2445373,
 author = {Kafai, Yasmin B. and Burke, Quinn},
 title = {The Social Turn in K-12 Programming: Moving from Computational Thinking to Computational Participation},
 booktitle = {Proceeding of the 44th ACM Technical Symposium on Computer Science Education},
 series = {SIGCSE '13},
 year = {2013},
 isbn = {978-1-4503-1868-6},
 location = {Denver, Colorado, USA},
 pages = {603--608},
 numpages = {6},
 url = {http://doi.acm.org/10.1145/2445196.2445373},
 doi = {10.1145/2445196.2445373},
 acmid = {2445373},
 publisher = {ACM},
 address = {New York, NY, USA},
 keywords = {networked commons, novice programming, tools},
}

@inproceedings{Harland:2013:CAR:2667199.2667212,
 author = {Harland, James and D'Souza, Daryl and Hamilton, Margaret},
 title = {A Comparative Analysis of Results on Programming Exams},
 booktitle = {Proceedings of the Fifteenth Australasian Computing Education Conference - Volume 136},
 series = {ACE '13},
 year = {2013},
 isbn = {978-1-921770-21-0},
 location = {Adelaide, Australia},
 pages = {117--126},
 numpages = {10},
 url = {http://dl.acm.org/citation.cfm?id=2667199.2667212},
 acmid = {2667212},
 publisher = {Australian Computer Society, Inc.},
 address = {Darlinghurst, Australia, Australia},
 keywords = {BABELnot, assessment measurement, exam classification},
}

@inproceedings{Villacis:2014:MEV:2701002.2701025,
 author = {Villac\'{\i}s, C{\'e}sar and Fuertes, Walter and Bustamante, Andr{\'e}s and Almachi, Daniel and Procel, Carlos and Fuertes, Susana and Toulkeridis, Theofilos},
 title = {Multi-player Educational Video Game over Cloud to Stimulate Logical Reasoning of Children},
 booktitle = {Proceedings of the 2014 IEEE/ACM 18th International Symposium on Distributed Simulation and Real Time Applications},
 series = {DS-RT '14},
 year = {2014},
 isbn = {978-1-4799-6144-3},
 pages = {129--137},
 numpages = {9},
 url = {http://dx.doi.org/10.1109/DS-RT.2014.24},
 doi = {10.1109/DS-RT.2014.24},
 acmid = {2701025},
 publisher = {IEEE Computer Society},
 address = {Washington, DC, USA},
 keywords = {educational video games, artificial intelligence, cognitive development, MMOG, 3D, cloud computing},
}

@inproceedings{Barbosa:2019:RPC:3311890.3311898,
 author = {Barbosa, Luciana Leal da Silva and Maltempi, Marcus Vinicius},
 title = {Recognizing Possibilities of Computational Thinking When Teaching First-degree Equations: A Classroom Case},
 booktitle = {Proceedings of FabLearn 2019},
 series = {FL2019},
 year = {2019},
 isbn = {978-1-4503-6244-3},
 location = {New York, NY, USA},
 pages = {57--64},
 numpages = {8},
 url = {http://doi.acm.org/10.1145/3311890.3311898},
 doi = {10.1145/3311890.3311898},
 acmid = {3311898},
 publisher = {ACM},
 address = {New York, NY, USA},
 keywords = {Balances of equations Game, Computational thinking, Hands-on activity, Mathematics education},
}

@inproceedings{Ajanovski:2017:ECR:3125659.3125698,
 author = {Ajanovski, Vangel V.},
 title = {Evolutionary Curriculum Reconstruction: Process Model and Information System Development},
 booktitle = {Proceedings of the 18th Annual Conference on Information Technology Education},
 series = {SIGITE '17},
 year = {2017},
 isbn = {978-1-4503-5100-3},
 location = {Rochester, New York, USA},
 pages = {89--94},
 numpages = {6},
 url = {http://doi.acm.org/10.1145/3125659.3125698},
 doi = {10.1145/3125659.3125698},
 acmid = {3125698},
 publisher = {ACM},
 address = {New York, NY, USA},
 keywords = {course enrollment, curricula guidelines, curriculum analysis, curriculum development, curriculum development process},
}

@article{Berger:1988:MIL:382236.382856,
 author = {Berger, Carl F. and Carlson, Elizabeth A.},
 title = {A Model for Incorporating Learning Theories into Preservice Computer Training},
 journal = {SIGCUE Outlook},
 issue_date = {Sept. 1988},
 volume = {20},
 number = {1},
 month = sep,
 year = {1988},
 issn = {0163-5735},
 pages = {32--46},
 numpages = {15},
 url = {http://doi.acm.org/10.1145/382236.382856},
 doi = {10.1145/382236.382856},
 acmid = {382856},
 publisher = {ACM},
 address = {New York, NY, USA},
}

@inproceedings{Poon:2000:JMT:359369.359399,
 author = {Poon, Josiah},
 title = {Java Meets Teletubbies: An Interaction Between Program Codes and Physical Props},
 booktitle = {Proceedings of the Australasian Conference on Computing Education},
 series = {ACSE '00},
 year = {2000},
 isbn = {1-58113-271-9},
 location = {Melbourne, Australia},
 pages = {195--202},
 numpages = {8},
 url = {http://doi.acm.org/10.1145/359369.359399},
 doi = {10.1145/359369.359399},
 acmid = {359399},
 publisher = {ACM},
 address = {New York, NY, USA},
}

@Article{1975:1045253,
 journal = {SIGART Bull.},
 year = {1975},
 issn = {0163-5719},
 number = {55},
 issue_date = {December 1975},
 publisher = {ACM},
 address = {New York, NY, USA},
key = {{$\!\!$}} ,
}

@inproceedings{Marton:2015:CRO:2872538.2872549,
 author = {Marton, Nick and Licato, John and Bringsjord, Selmer},
 title = {Creating and Reasoning over Scene Descriptions in a Physically Realistic Simulation},
 booktitle = {Proceedings of the Symposium on Agent-Directed Simulation},
 series = {ADS '15},
 year = {2015},
 isbn = {978-1-5108-0098-4},
 location = {Alexandria, Virginia},
 pages = {84--91},
 numpages = {8},
 url = {http://dl.acm.org/citation.cfm?id=2872538.2872549},
 acmid = {2872549},
 publisher = {Society for Computer Simulation International},
 address = {San Diego, CA, USA},
 keywords = {DCEC, PAGI world, computational logic, perception, unity},
}

@inproceedings{Sami:2009:MMJ:1600053.1600066,
 author = {Sami, Paavola and Kai, Hakkarainen},
 title = {From Meaning Making to Joint Construction of Knowledge Practices and Artefacts: A Trialogical Approach to CSCL},
 booktitle = {Proceedings of the 9th International Conference on Computer Supported Collaborative Learning - Volume 1},
 series = {CSCL'09},
 year = {2009},
 isbn = {978-1-4092-8598-4},
 location = {Rhodes, Greece},
 pages = {83--92},
 numpages = {10},
 url = {http://dl.acm.org/citation.cfm?id=1600053.1600066},
 acmid = {1600066},
 publisher = {International Society of the Learning Sciences},
}

@inproceedings{Mirolo:2012:IRE:2361276.2361296,
 author = {Mirolo, Claudio},
 title = {Is Iteration Really Easier to Learn Than Recursion for CS1 Students?},
 booktitle = {Proceedings of the Ninth Annual International Conference on International Computing Education Research},
 series = {ICER '12},
 year = {2012},
 isbn = {978-1-4503-1604-0},
 location = {Auckland, New Zealand},
 pages = {99--104},
 numpages = {6},
 url = {http://doi.acm.org/10.1145/2361276.2361296},
 doi = {10.1145/2361276.2361296},
 acmid = {2361296},
 publisher = {ACM},
 address = {New York, NY, USA},
 keywords = {cs1, iteration, novices, programming learning, recursion},
}

@inproceedings{Ferraris:2002:CCP:1658616.1658657,
 author = {Ferraris, Christine and Brunier, Philippe and Martel, Christian},
 title = {Constructing Collaborative Pedagogical Situations in Classrooms: A Scenario and Role Based Approach},
 booktitle = {Proceedings of the Conference on Computer Support for Collaborative Learning: Foundations for a CSCL Community},
 series = {CSCL '02},
 year = {2002},
 location = {Boulder, Colorado},
 pages = {290--299},
 numpages = {10},
 url = {http://dl.acm.org/citation.cfm?id=1658616.1658657},
 acmid = {1658657},
 publisher = {International Society of the Learning Sciences},
 keywords = {collaborative drawing application, constructing collaborative situations, regulation, roles, scenarios},
}

@inproceedings{Lipponen:2002:EFC:1658616.1658627,
 author = {Lipponen, Lasse},
 title = {Exploring Foundations for Computer-supported Collaborative Learning},
 booktitle = {Proceedings of the Conference on Computer Support for Collaborative Learning: Foundations for a CSCL Community},
 series = {CSCL '02},
 year = {2002},
 location = {Boulder, Colorado},
 pages = {72--81},
 numpages = {10},
 url = {http://dl.acm.org/citation.cfm?id=1658616.1658627},
 acmid = {1658627},
 publisher = {International Society of the Learning Sciences},
 keywords = {collaboration, collaborative technology, learning theories},
}

@inproceedings{Vihavainen:2014:NTF:2674683.2674692,
 author = {Vihavainen, Arto and Helminen, Juha and Ihantola, Petri},
 title = {How Novices Tackle Their First Lines of Code in an IDE: Analysis of Programming Session Traces},
 booktitle = {Proceedings of the 14th Koli Calling International Conference on Computing Education Research},
 series = {Koli Calling '14},
 year = {2014},
 isbn = {978-1-4503-3065-7},
 location = {Koli, Finland},
 pages = {109--116},
 numpages = {8},
 url = {http://doi.acm.org/10.1145/2674683.2674692},
 doi = {10.1145/2674683.2674692},
 acmid = {2674692},
 publisher = {ACM},
 address = {New York, NY, USA},
 keywords = {data mining, introductory programming, learning analytics, novice programmers, novices and programming environments, programming behavior, programming environments, programming session trace analysis, source code snapshot analysis},
}

@inproceedings{Trans:1993:SSM:162754.165208,
 author = {Trans, Kim},
 title = {A Symbolic Simulation Model of the Organization of Human Procedural Knowledge},
 booktitle = {Proceedings of the 1993 ACM/SIGAPP Symposium on Applied Computing: States of the Art and Practice},
 series = {SAC '93},
 year = {1993},
 isbn = {0-89791-567-4},
 location = {Indianapolis, Indiana, USA},
 pages = {482--489},
 numpages = {8},
 url = {http://doi.acm.org/10.1145/162754.165208},
 doi = {10.1145/162754.165208},
 acmid = {165208},
 publisher = {ACM},
 address = {New York, NY, USA},
}

@inproceedings{Kynigos:1999:PAC:1150240.1150282,
 author = {Kynigos, Chronis},
 title = {Perspectives in Analysing Classroom Interaction Data on Collaborative Computer-based Mathematical Projects},
 booktitle = {Proceedings of the 1999 Conference on Computer Support for Collaborative Learning},
 series = {CSCL '99},
 year = {1999},
 location = {Palo Alto, California},
 articleno = {42},
 url = {http://dl.acm.org/citation.cfm?id=1150240.1150282},
 acmid = {1150282},
 publisher = {International Society of the Learning Sciences},
 keywords = {community setting, discourse analysis, project - based},
}

@inproceedings{Izu:2016:SCD:2960310.2960324,
 author = {Izu, Cruz and Weerasinghe, Amali and Pope, Cheryl},
 title = {A Study of Code Design Skills in Novice Programmers Using the SOLO Taxonomy},
 booktitle = {Proceedings of the 2016 ACM Conference on International Computing Education Research},
 series = {ICER '16},
 year = {2016},
 isbn = {978-1-4503-4449-4},
 location = {Melbourne, VIC, Australia},
 pages = {251--259},
 numpages = {9},
 url = {http://doi.acm.org/10.1145/2960310.2960324},
 doi = {10.1145/2960310.2960324},
 acmid = {2960324},
 publisher = {ACM},
 address = {New York, NY, USA},
 keywords = {code design, novice programmers, solo},
}

@inproceedings{Zhu:2016:DIO:2930674.2930697,
 author = {Zhu, Kening and Ma, Xiaojuan and Wong, Gary Ka Wai and Huen, John Man Ho},
 title = {How Different Input and Output Modalities Support Coding As a Problem-Solving Process for Children},
 booktitle = {Proceedings of the The 15th International Conference on Interaction Design and Children},
 series = {IDC '16},
 year = {2016},
 isbn = {978-1-4503-4313-8},
 location = {Manchester, United Kingdom},
 pages = {238--245},
 numpages = {8},
 url = {http://doi.acm.org/10.1145/2930674.2930697},
 doi = {10.1145/2930674.2930697},
 acmid = {2930697},
 publisher = {ACM},
 address = {New York, NY, USA},
 keywords = {Graphical, Kids coding, Problem solving, Tangible},
}

@inproceedings{Vintimilla-Tapia:2017:SSO:3110025.3110081,
 author = {Vintimilla-Tapia, Pa\'{u}l E. and Bravo-Torres, Jack F. and Gallegos-Segovia, Pablo L. and Ord\'{o}\~{n}ez-Morales, Esteban F. and L\'{o}pez-Nores, Mart\'{\i}n and Blanco-Fern\'{a}ndez, Yolanda},
 title = {SOPPIA: Social Opportunistic Intelligent Ambient of Learning},
 booktitle = {Proceedings of the 2017 IEEE/ACM International Conference on Advances in Social Networks Analysis and Mining 2017},
 series = {ASONAM '17},
 year = {2017},
 isbn = {978-1-4503-4993-2},
 location = {Sydney, Australia},
 pages = {782--789},
 numpages = {8},
 url = {http://doi.acm.org/10.1145/3110025.3110081},
 doi = {10.1145/3110025.3110081},
 acmid = {3110081},
 publisher = {ACM},
 address = {New York, NY, USA},
}

@article{Wen:2017:SVT:3171581.3134744,
 author = {Wen, Miaomiao and Maki, Keith and Dow, Steven and Herbsleb, James D. and Rose, Carolyn},
 title = {Supporting Virtual Team Formation Through Community-Wide Deliberation},
 journal = {Proc. ACM Hum.-Comput. Interact.},
 issue_date = {November 2017},
 volume = {1},
 number = {CSCW},
 month = dec,
 year = {2017},
 issn = {2573-0142},
 pages = {109:1--109:19},
 articleno = {109},
 numpages = {19},
 url = {http://doi.acm.org/10.1145/3134744},
 doi = {10.1145/3134744},
 acmid = {3134744},
 publisher = {ACM},
 address = {New York, NY, USA},
 keywords = {online learning, team collaboration, team formation, transactivity},
}

@article{Ames:2018:HCC:3290265.3274287,
 author = {Ames, Morgan G.},
 title = {Hackers, Computers, and Cooperation: A Critical History of Logo and Constructionist Learning},
 journal = {Proc. ACM Hum.-Comput. Interact.},
 issue_date = {November 2018},
 volume = {2},
 number = {CSCW},
 month = nov,
 year = {2018},
 issn = {2573-0142},
 pages = {18:1--18:19},
 articleno = {18},
 numpages = {19},
 url = {http://doi.acm.org/10.1145/3274287},
 doi = {10.1145/3274287},
 acmid = {3274287},
 publisher = {ACM},
 address = {New York, NY, USA},
 keywords = {ai, constructionism, education, fablabs, hackers, ideology, learning, logo, maker movement, media lab, mindstorms, mit, olpc, piaget, robotics, scaffolding, school, scratch, seymour papert, teachers},
}

@inproceedings{Carroll:2000:DCF:347642.347731,
 author = {Carroll, John M. and Chin, George and Rosson, Mary Beth and Neale, Dennis C.},
 title = {The Development of Cooperation: Five Years of Participatory Design in the Virtual School},
 booktitle = {Proceedings of the 3rd Conference on Designing Interactive Systems: Processes, Practices, Methods, and Techniques},
 series = {DIS '00},
 year = {2000},
 isbn = {1-58113-219-0},
 location = {New York City, New York, USA},
 pages = {239--251},
 numpages = {13},
 url = {http://doi.acm.org/10.1145/347642.347731},
 doi = {10.1145/347642.347731},
 acmid = {347731},
 publisher = {ACM},
 address = {New York, NY, USA},
 keywords = {cognitive development, cooperative design, educational networks, participatory design, requirements development, requirements engineering, school culture},
}

@article{O'Connor:2010:MVM:1773652.1773667,
 author = {O'Connor, Cian and Fitzpatrick, Geraldine},
 title = {Making Video Mundane: Intellectual Disability and the Use of Camcorders},
 journal = {Personal Ubiquitous Comput.},
 issue_date = {April     2010},
 volume = {14},
 number = {3},
 month = apr,
 year = {2010},
 issn = {1617-4909},
 pages = {197--208},
 numpages = {12},
 url = {http://dx.doi.org/10.1007/s00779-009-0258-z},
 doi = {10.1007/s00779-009-0258-z},
 acmid = {1773667},
 publisher = {Springer-Verlag},
 address = {London, UK, UK},
 keywords = {Assistive technology, Case study, Disability, Domestication, Ethnography, Intellectual disability, Mundane technology, Video, Video cameras},
}

@inproceedings{Streitz:1998:CBI:289444.289519,
 note = {Chairman-Streitz, Norbert A.},
 title = {Cooperative Buildings\&Mdash;Integrating Information, Organization and Architecture},
 booktitle = {Proceedings of the 1998 ACM Conference on Computer Supported Cooperative Work},
 series = {CSCW '98},
 year = {1998},
 isbn = {1-58113-009-0},
 location = {Seattle, Washington, USA},
 pages = {411--413},
 numpages = {3},
 url = {http://doi.acm.org/10.1145/289444.289519},
 doi = {10.1145/289444.289519},
 acmid = {289519},
 publisher = {ACM},
 address = {New York, NY, USA},
}

@inproceedings{Freier:2008:CAM:1357054.1357113,
 author = {Freier, Nathan G.},
 title = {Children Attribute Moral Standing to a Personified Agent},
 booktitle = {Proceedings of the SIGCHI Conference on Human Factors in Computing Systems},
 series = {CHI '08},
 year = {2008},
 isbn = {978-1-60558-011-1},
 location = {Florence, Italy},
 pages = {343--352},
 numpages = {10},
 url = {http://doi.acm.org/10.1145/1357054.1357113},
 doi = {10.1145/1357054.1357113},
 acmid = {1357113},
 publisher = {ACM},
 address = {New York, NY, USA},
 keywords = {children, moral development, personified software agent, social responses to computing, user-centered design, value sensitive design},
}

@inproceedings{Gweon:2007:EEF:1599600.1599645,
 author = {Gweon, Gahgene and Ros{\'e}, Carolyn P. and Albright, Emil and Cui, Yue},
 title = {Evaluating the Effect of Feedback from a CSCL Problem Solving Environment on Learning, Interaction, and Perceived Interdependence},
 booktitle = {Proceedings of the 8th Iternational Conference on Computer Supported Collaborative Learning},
 series = {CSCL'07},
 year = {2007},
 isbn = {978-0-6151-5436-7},
 location = {New Brunswick, New Jersey, USA},
 pages = {234--243},
 numpages = {10},
 url = {http://dl.acm.org/citation.cfm?id=1599600.1599645},
 acmid = {1599645},
 publisher = {International Society of the Learning Sciences},
}

@article{Bauer:2017:CPS:3171581.3134657,
 author = {Bauer, Aaron and Popovi\'{c}, Zoran},
 title = {Collaborative Problem Solving in an Open-Ended Scientific Discovery Game},
 journal = {Proc. ACM Hum.-Comput. Interact.},
 issue_date = {November 2017},
 volume = {1},
 number = {CSCW},
 month = dec,
 year = {2017},
 issn = {2573-0142},
 pages = {22:1--22:21},
 articleno = {22},
 numpages = {21},
 url = {http://doi.acm.org/10.1145/3134657},
 doi = {10.1145/3134657},
 acmid = {3134657},
 publisher = {ACM},
 address = {New York, NY, USA},
 keywords = {online collaboration, problem solving, scientific discovery games},
}

@inproceedings{Ruan:2019:QDA:3290605.3300587,
 author = {Ruan, Sherry and Jiang, Liwei and Xu, Justin and Tham, Bryce Joe-Kun and Qiu, Zhengneng and Zhu, Yeshuang and Murnane, Elizabeth L. and Brunskill, Emma and Landay, James A.},
 title = {QuizBot: A Dialogue-based Adaptive Learning System for Factual Knowledge},
 booktitle = {Proceedings of the 2019 CHI Conference on Human Factors in Computing Systems},
 series = {CHI '19},
 year = {2019},
 isbn = {978-1-4503-5970-2},
 location = {Glasgow, Scotland Uk},
 pages = {357:1--357:13},
 articleno = {357},
 numpages = {13},
 url = {http://doi.acm.org/10.1145/3290605.3300587},
 doi = {10.1145/3290605.3300587},
 acmid = {3300587},
 publisher = {ACM},
 address = {New York, NY, USA},
 keywords = {chatbots, conversational user interfaces, educational applications, intelligent systems, pedagogical agents},
}

@inproceedings{Rodrigues:2003:SEV:860575.860589,
 author = {Rodrigues, Ma\'{\i}ra Ribeiro and da Rocha Costa, A. C. and Bordini, Rafael H.},
 title = {A System of Exchange Values to Support Social Interactions in Artificial Societies},
 booktitle = {Proceedings of the Second International Joint Conference on Autonomous Agents and Multiagent Systems},
 series = {AAMAS '03},
 year = {2003},
 isbn = {1-58113-683-8},
 location = {Melbourne, Australia},
 pages = {81--88},
 numpages = {8},
 url = {http://doi.acm.org/10.1145/860575.860589},
 doi = {10.1145/860575.860589},
 acmid = {860589},
 publisher = {ACM},
 address = {New York, NY, USA},
 keywords = {dynamics of exchange values, exchange values, multi-agent systems, social simulation, value-based exchange strategies},
}

@inproceedings{Stahl:2009:CLT:1600053.1600059,
 author = {Stahl, Gerry},
 title = {Collaborative Learning Through Practices of Group Cognition},
 booktitle = {Proceedings of the 9th International Conference on Computer Supported Collaborative Learning - Volume 1},
 series = {CSCL'09},
 year = {2009},
 isbn = {978-1-4092-8598-4},
 location = {Rhodes, Greece},
 pages = {33--42},
 numpages = {10},
 url = {http://dl.acm.org/citation.cfm?id=1600053.1600059},
 acmid = {1600059},
 publisher = {International Society of the Learning Sciences},
}

@inproceedings{Prather:2017:NIC:3105726.3106169,
 author = {Prather, James and Pettit, Raymond and McMurry, Kayla Holcomb and Peters, Alani and Homer, John and Simone, Nevan and Cohen, Maxine},
 title = {On Novices' Interaction with Compiler Error Messages: A Human Factors Approach},
 booktitle = {Proceedings of the 2017 ACM Conference on International Computing Education Research},
 series = {ICER '17},
 year = {2017},
 isbn = {978-1-4503-4968-0},
 location = {Tacoma, Washington, USA},
 pages = {74--82},
 numpages = {9},
 url = {http://doi.acm.org/10.1145/3105726.3106169},
 doi = {10.1145/3105726.3106169},
 acmid = {3106169},
 publisher = {ACM},
 address = {New York, NY, USA},
 keywords = {CS1, HCI, automated assessment tools, education, ethnography, human factors, usability},
}

@inproceedings{Rodrigues:2016:VIV:2889160.2889199,
 author = {Rodrigues, Claudia Susie C. and Werner, Cl\'{a}udia M. L. and Landau, Luiz},
 title = {VisAr3D: An Innovative 3D Visualization of UML Models},
 booktitle = {Proceedings of the 38th International Conference on Software Engineering Companion},
 series = {ICSE '16},
 year = {2016},
 isbn = {978-1-4503-4205-6},
 location = {Austin, Texas},
 pages = {451--460},
 numpages = {10},
 url = {http://doi.acm.org/10.1145/2889160.2889199},
 doi = {10.1145/2889160.2889199},
 acmid = {2889199},
 publisher = {ACM},
 address = {New York, NY, USA},
 keywords = {3D visualization, UML, large scale system, software engineering education},
}

@article{Sapounidis:2013:TVG:2581893.2581899,
 author = {Sapounidis, Theodosios and Demetriadis, Stavros},
 title = {Tangible Versus Graphical User Interfaces for Robot Programming: Exploring Cross-age Children's Preferences},
 journal = {Personal Ubiquitous Comput.},
 issue_date = {December  2013},
 volume = {17},
 number = {8},
 month = dec,
 year = {2013},
 issn = {1617-4909},
 pages = {1775--1786},
 numpages = {12},
 url = {https://doi.org/10.1007/s00779-013-0641-7},
 doi = {10.1007/s00779-013-0641-7},
 acmid = {2581899},
 publisher = {Springer-Verlag},
 address = {Berlin, Heidelberg},
 keywords = {Computer science education, Educational robot, Introductory programming, Tangible programming, Tangible user interfaces},
}

@inproceedings{Gluga:2013:CMR:2667199.2667208,
 author = {Gluga, Richard and Kay, Judy and Lister, Raymond and Simon and Charleston, Michael and Harland, James and Teague, Donna},
 title = {A Conceptual Model for Reflecting on Expected Learning vs. Demonstrated Student Performance},
 booktitle = {Proceedings of the Fifteenth Australasian Computing Education Conference - Volume 136},
 series = {ACE '13},
 year = {2013},
 isbn = {978-1-921770-21-0},
 location = {Adelaide, Australia},
 pages = {77--86},
 numpages = {10},
 url = {http://dl.acm.org/citation.cfm?id=2667199.2667208},
 acmid = {2667208},
 publisher = {Australian Computer Society, Inc.},
 address = {Darlinghurst, Australia, Australia},
 keywords = {assessment, course content, curriculum},
}

@inproceedings{Belin:2012:DTM:2317956.2318053,
 author = {Belin, Amaury and Pri{\'e}, Yannick},
 title = {DIAM: Towards a Model for Describing Appropriation Processes Through the Evolution of Digital Artifacts},
 booktitle = {Proceedings of the Designing Interactive Systems Conference},
 series = {DIS '12},
 year = {2012},
 isbn = {978-1-4503-1210-3},
 location = {Newcastle Upon Tyne, United Kingdom},
 pages = {645--654},
 numpages = {10},
 url = {http://doi.acm.org/10.1145/2317956.2318053},
 doi = {10.1145/2317956.2318053},
 acmid = {2318053},
 publisher = {ACM},
 address = {New York, NY, USA},
 keywords = {appropriation of technology, design-for-appropriation, information structures},
}

@inproceedings{Hourcade:2015:LMB:2702123.2702266,
 author = {Hourcade, Juan Pablo and Mascher, Sarah L. and Wu, David and Pantoja, Luiza},
 title = {Look, My Baby Is Using an iPad! An Analysis of YouTube Videos of Infants and Toddlers Using Tablets},
 booktitle = {Proceedings of the 33rd Annual ACM Conference on Human Factors in Computing Systems},
 series = {CHI '15},
 year = {2015},
 isbn = {978-1-4503-3145-6},
 location = {Seoul, Republic of Korea},
 pages = {1915--1924},
 numpages = {10},
 url = {http://doi.acm.org/10.1145/2702123.2702266},
 doi = {10.1145/2702123.2702266},
 acmid = {2702266},
 publisher = {ACM},
 address = {New York, NY, USA},
 keywords = {android, baby, infant, ipad, mobile device, tablet, toddler, touchscreen, young child},
}

@inproceedings{Bennedssen:2008:AAI:1404520.1404523,
 author = {Bennedssen, Jens and Caspersen, Michael E.},
 title = {Abstraction Ability As an Indicator of Success for Learning Computing Science?},
 booktitle = {Proceedings of the Fourth International Workshop on Computing Education Research},
 series = {ICER '08},
 year = {2008},
 isbn = {978-1-60558-216-0},
 location = {Sydney, Australia},
 pages = {15--26},
 numpages = {12},
 url = {http://doi.acm.org/10.1145/1404520.1404523},
 doi = {10.1145/1404520.1404523},
 acmid = {1404523},
 publisher = {ACM},
 address = {New York, NY, USA},
 keywords = {CS, abstraction, computer science, indicator, learning, success},
}

@article{Burgstahler:2011:UDI:2037276.2037283,
 author = {Burgstahler, Sheryl},
 title = {Universal Design: Implications for Computing Education},
 journal = {Trans. Comput. Educ.},
 issue_date = {October 2011},
 volume = {11},
 number = {3},
 month = oct,
 year = {2011},
 issn = {1946-6226},
 pages = {19:1--19:17},
 articleno = {19},
 numpages = {17},
 url = {http://doi.acm.org/10.1145/2037276.2037283},
 doi = {10.1145/2037276.2037283},
 acmid = {2037283},
 publisher = {ACM},
 address = {New York, NY, USA},
 keywords = {Disability, accessibility, assessment, instruction, teaching, universal design},
}

@inproceedings{Gweon:2006:PSA:1124772.1124810,
 author = {Gweon, Gahgene and Rose, Carolyn and Carey, Regan and Zaiss, Zachary},
 title = {Providing Support for Adaptive Scripting in an On-line Collaborative Learning Environment},
 booktitle = {Proceedings of the SIGCHI Conference on Human Factors in Computing Systems},
 series = {CHI '06},
 year = {2006},
 isbn = {1-59593-372-7},
 location = {Montr\&\#233;al, Qu\&\#233;bec, Canada},
 pages = {251--260},
 numpages = {10},
 url = {http://doi.acm.org/10.1145/1124772.1124810},
 doi = {10.1145/1124772.1124810},
 acmid = {1124810},
 publisher = {ACM},
 address = {New York, NY, USA},
 keywords = {adaptive support, collaborative learning, computer mediated communication},
}

@article{Katz:2006:GAP:1185335.1185344,
 author = {Katz, Sandra and Allbritton, David and Aronis, John and Wilson, Christine and Soffa, Mary Lou},
 title = {Gender, Achievement, and Persistence in an Undergraduate Computer Science Program},
 journal = {SIGMIS Database},
 issue_date = {Fall 2006},
 volume = {37},
 number = {4},
 month = nov,
 year = {2006},
 issn = {0095-0033},
 pages = {42--57},
 numpages = {16},
 url = {http://doi.acm.org/10.1145/1185335.1185344},
 doi = {10.1145/1185335.1185344},
 acmid = {1185344},
 publisher = {ACM},
 address = {New York, NY, USA},
 keywords = {achievement and retention of students in an undergraduate computer science program, gender and computer science education, under-representation of women in computer science},
}

@article{Prather:2019:BPS:3328733.3324892,
 author = {Prather, James and Pettit, Raymond and Becker, Brett A. and Denny, Paul and Loksa, Dastyni and Peters, Alani and Albrecht, Zachary and Masci, Krista},
 title = {BEST PAPER AT SIGCSE 2019 IN THE CS EDUCATION TRACK: First Things First: Providing Metacognitive Scaffolding for Interpreting Problem Prompts},
 journal = {ACM Inroads},
 issue_date = {June 2019},
 volume = {10},
 number = {2},
 month = apr,
 year = {2019},
 issn = {2153-2184},
 pages = {42--49},
 numpages = {8},
 url = {http://doi.acm.org/10.1145/3324892},
 doi = {10.1145/3324892},
 acmid = {3324892},
 publisher = {ACM},
 address = {New York, NY, USA},
}

@inproceedings{Zaman:2010:LYC:1810543.1810561,
 author = {Zaman, Bieke and Abeele, Vero Vanden},
 title = {Laddering with Young Children in User eXperience Evaluations: Theoretical Groundings and a Practical Case},
 booktitle = {Proceedings of the 9th International Conference on Interaction Design and Children},
 series = {IDC '10},
 year = {2010},
 isbn = {978-1-60558-951-0},
 location = {Barcelona, Spain},
 pages = {156--165},
 numpages = {10},
 url = {http://doi.acm.org/10.1145/1810543.1810561},
 doi = {10.1145/1810543.1810561},
 acmid = {1810561},
 publisher = {ACM},
 address = {New York, NY, USA},
 keywords = {UX, evaluation methods, laddering, user eXperience, young children},
}

@inproceedings{Prather:2018:MDF:3230977.3230981,
 author = {Prather, James and Pettit, Raymond and McMurry, Kayla and Peters, Alani and Homer, John and Cohen, Maxine},
 title = {Metacognitive Difficulties Faced by Novice Programmers in Automated Assessment Tools},
 booktitle = {Proceedings of the 2018 ACM Conference on International Computing Education Research},
 series = {ICER '18},
 year = {2018},
 isbn = {978-1-4503-5628-2},
 location = {Espoo, Finland},
 pages = {41--50},
 numpages = {10},
 url = {http://doi.acm.org/10.1145/3230977.3230981},
 doi = {10.1145/3230977.3230981},
 acmid = {3230981},
 publisher = {ACM},
 address = {New York, NY, USA},
 keywords = {automated assessment tools, cs1, education, hci, human factors, metacognitive awareness},
}

@inproceedings{Besevli:2019:MDP:3311927.3323147,
 author = {Be\c{s}evli, Ceylan and Salman, Elif and Goksun, Tilbe and Urey, Hakan and \"{O}zcan, O\u{g}uzhan},
 title = {MaR-T: Designing a Projection-Based Mixed Reality System for Nonsymbolic Math Development of Preschoolers: Guided by Theories of Cognition and Learning},
 booktitle = {Proceedings of the 18th ACM International Conference on Interaction Design and Children},
 series = {IDC '19},
 year = {2019},
 isbn = {978-1-4503-6690-8},
 location = {Boise, ID, USA},
 pages = {280--292},
 numpages = {13},
 url = {http://doi.acm.org/10.1145/3311927.3323147},
 doi = {10.1145/3311927.3323147},
 acmid = {3323147},
 publisher = {ACM},
 address = {New York, NY, USA},
 keywords = {Embodied learning, Interaction design for children, Mixed reality, Nonsymbolic math, Preschool, Tangible interaction},
}

@inproceedings{Luxton-Reilly:2018:IPS:3293881.3295779,
 author = {Luxton-Reilly, Andrew and Simon and Albluwi, Ibrahim and Becker, Brett A. and Giannakos, Michail and Kumar, Amruth N. and Ott, Linda and Paterson, James and Scott, Michael James and Sheard, Judy and Szabo, Claudia},
 title = {Introductory Programming: A Systematic Literature Review},
 booktitle = {Proceedings Companion of the 23rd Annual ACM Conference on Innovation and Technology in Computer Science Education},
 series = {ITiCSE 2018 Companion},
 year = {2018},
 isbn = {978-1-4503-6223-8},
 location = {Larnaca, Cyprus},
 pages = {55--106},
 numpages = {52},
 url = {http://doi.acm.org/10.1145/3293881.3295779},
 doi = {10.1145/3293881.3295779},
 acmid = {3295779},
 publisher = {ACM},
 address = {New York, NY, USA},
 keywords = {CS1, ITiCSE working group, SLR, introductory programming, literature review, novice programming, overview, review, systematic literature review, systematic review},
}

@inproceedings{Siqueira:2015:SDB:2814058.3252426,
 editor = {Siqueira, Sean W. M. and Carvalho, Sergio T.},
 title = {Session Details: Best Paper Candidates},
 booktitle = {Proceedings of the Annual Conference on Brazilian Symposium on Information Systems: Information Systems: A Computer Socio-Technical Perspective - Volume 1},
 series = {SBSI 2015},
 year = {2015},
 location = {Goiania, Goias, Brazil},
 pages = {--},
 url = {http://dl.acm.org/citation.cfm?id=2814058.3252426},
 acmid = {3252426},
 publisher = {Brazilian Computer Society},
 address = {Porto Alegre, Brazil, Brazil},
}

@inproceedings{Raudonat:2018:SAM:3196839.3196856,
 author = {Raudonat, Kerstin and Marsden, Nicola},
 title = {Social Actions in MMORPG Raiding Groups from the Perspective of Culture-inclusive Action Theory},
 booktitle = {Proceedings of the 4th Conference on Gender \& IT},
 series = {GenderIT '18},
 year = {2018},
 isbn = {978-1-4503-5346-5},
 location = {Heilbronn, Germany},
 pages = {101--111},
 numpages = {11},
 url = {http://doi.acm.org/10.1145/3196839.3196856},
 doi = {10.1145/3196839.3196856},
 acmid = {3196856},
 publisher = {ACM},
 address = {New York, NY, USA},
 keywords = {MMORPG, communication, culture-inclusive action theory, social interaction},
}

@article{VandenAbeele:2012:UEL:2205583.2205713,
 author = {Vanden Abeele, Vero and Zaman, Bieke and De Grooff, Dirk},
 title = {User eXperience Laddering with Preschoolers: Unveiling Attributes and Benefits of Cuddly Toy Interfaces},
 journal = {Personal Ubiquitous Comput.},
 issue_date = {April     2012},
 volume = {16},
 number = {4},
 month = apr,
 year = {2012},
 issn = {1617-4909},
 pages = {451--465},
 numpages = {15},
 url = {https://doi.org/10.1007/s00779-011-0408-y},
 doi = {10.1007/s00779-011-0408-y},
 acmid = {2205713},
 publisher = {Springer-Verlag},
 address = {Berlin, Heidelberg},
 keywords = {Children, Cuddly toy interface, Evaluation, Laddering, Preschoolers, Research methods, Tangible interaction, User eXperience},
}

@inproceedings{Maruyama:2017:SWC:2998181.2998340,
 author = {Maruyama, Misa and Robertson, Scott P. and Douglas, Sara and Raine, Roxanne and Semaan, Bryan},
 title = {Social Watching a Civic Broadcast: Understanding the Effects of Positive Feedback and Other Users' Opinions},
 booktitle = {Proceedings of the 2017 ACM Conference on Computer Supported Cooperative Work and Social Computing},
 series = {CSCW '17},
 year = {2017},
 isbn = {978-1-4503-4335-0},
 location = {Portland, Oregon, USA},
 pages = {794--807},
 numpages = {14},
 url = {http://doi.acm.org/10.1145/2998181.2998340},
 doi = {10.1145/2998181.2998340},
 acmid = {2998340},
 publisher = {ACM},
 address = {New York, NY, USA},
 keywords = {cognitive elaboration, community, conformity, interactivity, second screening, social media, social watching, television},
}

@inproceedings{Gulwani:2011:SGC:1993498.1993505,
 author = {Gulwani, Sumit and Korthikanti, Vijay Anand and Tiwari, Ashish},
 title = {Synthesizing Geometry Constructions},
 booktitle = {Proceedings of the 32Nd ACM SIGPLAN Conference on Programming Language Design and Implementation},
 series = {PLDI '11},
 year = {2011},
 isbn = {978-1-4503-0663-8},
 location = {San Jose, California, USA},
 pages = {50--61},
 numpages = {12},
 url = {http://doi.acm.org/10.1145/1993498.1993505},
 doi = {10.1145/1993498.1993505},
 acmid = {1993505},
 publisher = {ACM},
 address = {New York, NY, USA},
 keywords = {abstraction, forward and backward analysis, program synthesis, ruler-compass geometry constructions},
}

@article{Gulwani:2011:SGC:1993316.1993505,
 author = {Gulwani, Sumit and Korthikanti, Vijay Anand and Tiwari, Ashish},
 title = {Synthesizing Geometry Constructions},
 journal = {SIGPLAN Not.},
 issue_date = {June 2011},
 volume = {46},
 number = {6},
 month = jun,
 year = {2011},
 issn = {0362-1340},
 pages = {50--61},
 numpages = {12},
 url = {http://doi.acm.org/10.1145/1993316.1993505},
 doi = {10.1145/1993316.1993505},
 acmid = {1993505},
 publisher = {ACM},
 address = {New York, NY, USA},
 keywords = {abstraction, forward and backward analysis, program synthesis, ruler-compass geometry constructions},
}

@article{Chakraborty:2018:TDL:3292527.3265756,
 author = {Chakraborty, Tusher and Khan, Taslim Arefin and Al Islam, A. B. M. Alim},
 title = {Towards Devising a Low-cost and Easy-to-use Arithmetic Learning Framework for Economically Less-privileged Visually Impaired Children},
 journal = {ACM Trans. Access. Comput.},
 issue_date = {November 2018},
 volume = {11},
 number = {4},
 month = nov,
 year = {2018},
 issn = {1936-7228},
 pages = {21:1--21:31},
 articleno = {21},
 numpages = {31},
 url = {http://doi.acm.org/10.1145/3265756},
 doi = {10.1145/3265756},
 acmid = {3265756},
 publisher = {ACM},
 address = {New York, NY, USA},
 keywords = {Visual-impairment, arithmetic learning, economically less-privileged children, low-resource settings},
}

@article{Hubwieser:2012:CSE:2382564.2382568,
 author = {Hubwieser, Peter},
 title = {Computer Science Education in Secondary Schools -- The Introduction of a New Compulsory Subject},
 journal = {Trans. Comput. Educ.},
 issue_date = {November 2012},
 volume = {12},
 number = {4},
 month = nov,
 year = {2012},
 issn = {1946-6226},
 pages = {16:1--16:41},
 articleno = {16},
 numpages = {41},
 url = {http://doi.acm.org/10.1145/2382564.2382568},
 doi = {10.1145/2382564.2382568},
 acmid = {2382568},
 publisher = {ACM},
 address = {New York, NY, USA},
 keywords = {Compulsory subject, Darmstadt model, object-oriented modeling and programming, objects-first},
}

@article{Blackwell:2006:RMD:1188816.1188820,
 author = {Blackwell, Alan F.},
 title = {The Reification of Metaphor As a Design Tool},
 journal = {ACM Trans. Comput.-Hum. Interact.},
 issue_date = {December 2006},
 volume = {13},
 number = {4},
 month = dec,
 year = {2006},
 issn = {1073-0516},
 pages = {490--530},
 numpages = {41},
 url = {http://doi.acm.org/10.1145/1188816.1188820},
 doi = {10.1145/1188816.1188820},
 acmid = {1188820},
 publisher = {ACM},
 address = {New York, NY, USA},
 keywords = {UI metaphor, design research, history of HCI},
}

