@inproceedings{Rodriguez:2018:RBS:3278625.3278636,
 author = {Rodriguez, Philip Louis Piaget},
 title = {Reverie [Best Student Film Award]},
 booktitle = {SIGGRAPH Asia 2018 Computer Animation Festival},
 series = {SA '18},
 year = {2018},
 isbn = {978-1-4503-6061-6},
 location = {Tokyo, Japan},
 pages = {30:1--30:1},
 articleno = {30},
 numpages = {1},
 url = {http://doi.acm.org/10.1145/3278625.3278636},
 doi = {10.1145/3278625.3278636},
 acmid = {3278636},
 publisher = {ACM},
 address = {New York, NY, USA},
}

@inproceedings{Kuruvilla:2013:SUC:2463209.2488958,
 author = {Kuruvilla, Vimitha and Sinha, Debjit and Piaget, Jeff and Visweswariah, Chandu and Chandrachoodan, Nitin},
 title = {Speeding Up Computation of the Max/Min of a Set of Gaussians for Statistical Timing Analysis and Optimization},
 booktitle = {Proceedings of the 50th Annual Design Automation Conference},
 series = {DAC '13},
 year = {2013},
 isbn = {978-1-4503-2071-9},
 location = {Austin, Texas},
 pages = {182:1--182:7},
 articleno = {182},
 numpages = {7},
 url = {http://doi.acm.org/10.1145/2463209.2488958},
 doi = {10.1145/2463209.2488958},
 acmid = {2488958},
 publisher = {ACM},
 address = {New York, NY, USA},
 keywords = {statistical timing, variability},
}

@inproceedings{Zipitria:2018:PCT:3289406.3289412,
 author = {Zipitr\'{\i}a, Sylvia da Rosa},
 title = {Piaget and Computational Thinking},
 booktitle = {Proceedings of the 7th Computer Science Education Research Conference},
 series = {CSERC '18},
 year = {2018},
 isbn = {978-1-4503-6624-3},
 location = {Saint Petersburg, Russian Federation},
 pages = {44--50},
 numpages = {7},
 url = {http://doi.acm.org/10.1145/3289406.3289412},
 doi = {10.1145/3289406.3289412},
 acmid = {3289412},
 publisher = {ACM},
 address = {New York, NY, USA},
 keywords = {Learning to program, Novice learners, Piaget's theory},
}

@inproceedings{Rabin:2016:DIC:2899415.2925475,
 author = {Rabin, Beatriz and da Rosa, Sylvia},
 title = {Didactical Ideas in Computer Science},
 booktitle = {Proceedings of the 2016 ACM Conference on Innovation and Technology in Computer Science Education},
 series = {ITiCSE '16},
 year = {2016},
 isbn = {978-1-4503-4231-5},
 location = {Arequipa, Peru},
 pages = {352--352},
 numpages = {1},
 url = {http://doi.acm.org/10.1145/2899415.2925475},
 doi = {10.1145/2899415.2925475},
 acmid = {2925475},
 publisher = {ACM},
 address = {New York, NY, USA},
 keywords = {assessment, computer programming, epistemological theory, recursion, theory of situations},
}

@inproceedings{Esparza:2016:PMM:2998626.2998644,
 author = {Esparza, Miguel Angel Ortiz and Arteaga, Jaime Mu\~{n}oz and Francisco, R. Javier \'{A}lvarez and Rojano, C. Jos{\'e} Rafael and Garc\'{\i}a, Josefina Guerrero},
 title = {A Production Model of Mobile Applications for Children with Learning Problems in Basic Math},
 booktitle = {Proceedings of the XVII International Conference on Human Computer Interaction},
 series = {Interacci\&\#243;n '16},
 year = {2016},
 isbn = {978-1-4503-4119-6},
 location = {Salamanca, Spain},
 pages = {43:1--43:2},
 articleno = {43},
 numpages = {2},
 url = {http://doi.acm.org/10.1145/2998626.2998644},
 doi = {10.1145/2998626.2998644},
 acmid = {2998644},
 publisher = {ACM},
 address = {New York, NY, USA},
 keywords = {Playful Interactive applications, basic math skills, logic and infra-logic operations and software process},
}

@inproceedings{Wang:2006:CSF:1149941.1149953,
 author = {Wang, Weigang and Rubart, Jessica},
 title = {A Cognitive and Social Framework for Shared Understanding in Cooperative Hypermedia Authoring},
 booktitle = {Proceedings of the Seventeenth Conference on Hypertext and Hypermedia},
 series = {HYPERTEXT '06},
 year = {2006},
 isbn = {1-59593-417-0},
 location = {Odense, Denmark},
 pages = {53--56},
 numpages = {4},
 url = {http://doi.acm.org/10.1145/1149941.1149953},
 doi = {10.1145/1149941.1149953},
 acmid = {1149953},
 publisher = {ACM},
 address = {New York, NY, USA},
 keywords = {common ground, cooperative hypermedia, grounding, joint cognition, shared knowledge structure},
}

@inproceedings{Park:2012:FDA:2212776.2223813,
 author = {Park, Ji Hyun and Abirached, Bretagne and Zhang, Yan},
 title = {A Framework for Designing Assistive Technologies for Teaching Children with ASDs Emotions},
 booktitle = {CHI '12 Extended Abstracts on Human Factors in Computing Systems},
 series = {CHI EA '12},
 year = {2012},
 isbn = {978-1-4503-1016-1},
 location = {Austin, Texas, USA},
 pages = {2423--2428},
 numpages = {6},
 url = {http://doi.acm.org/10.1145/2212776.2223813},
 doi = {10.1145/2212776.2223813},
 acmid = {2223813},
 publisher = {ACM},
 address = {New York, NY, USA},
 keywords = {assistive technology, autism spectrum disorders, design guidelines, emotion, game, learning theories},
}

@inproceedings{Gillani:2013:CTD:2501907.2501938,
 author = {Gillani, Bijan},
 title = {Cognitive Theory and the Design of Education to Work Connection},
 booktitle = {Proceedings of the 31st European Conference on Cognitive Ergonomics},
 series = {ECCE '13},
 year = {2013},
 isbn = {978-1-4503-2251-5},
 location = {Toulouse, France},
 pages = {7:1--7:4},
 articleno = {7},
 numpages = {4},
 url = {http://doi.acm.org/10.1145/2501907.2501938},
 doi = {10.1145/2501907.2501938},
 acmid = {2501938},
 publisher = {ACM},
 address = {New York, NY, USA},
 keywords = {cognitive theories, development, e-learning, education to work connection, inquiry training, learning, web},
}

@inproceedings{Maksimenko:2019:RSD:3323771.3323822,
 author = {Maksimenko, Marianna N. and Mirzakhanyan, Ruzan E.},
 title = {The Role of Studying Discrete Mathematics in the Formation of the Logic of Thinking for Computer Science Students},
 booktitle = {Proceedings of the 2019 7th International Conference on Information and Education Technology},
 series = {ICIET 2019},
 year = {2019},
 isbn = {978-1-4503-6639-7},
 location = {Aizu-Wakamatsu, Japan},
 pages = {185--190},
 numpages = {6},
 url = {http://doi.acm.org/10.1145/3323771.3323822},
 doi = {10.1145/3323771.3323822},
 acmid = {3323822},
 publisher = {ACM},
 address = {New York, NY, USA},
 keywords = {Classical Logic, Development of Intelligence, Falsehood Logic, Logical Laws, Non-classical Logic, converse implication, converse non-implication, implication, non-implication, teaching Discrete Mathematics},
}

@inproceedings{Binemann-Zdanowicz:2004:STC:967900.968088,
 author = {Binemann-Zdanowicz, Aleksander},
 title = {SiteLang::Edu: Towards a Context-driven e-Learning Content Utilization Model},
 booktitle = {Proceedings of the 2004 ACM Symposium on Applied Computing},
 series = {SAC '04},
 year = {2004},
 isbn = {1-58113-812-1},
 location = {Nicosia, Cyprus},
 pages = {924--928},
 numpages = {5},
 url = {http://doi.acm.org/10.1145/967900.968088},
 doi = {10.1145/967900.968088},
 acmid = {968088},
 publisher = {ACM},
 address = {New York, NY, USA},
 keywords = {ASM, constructivism, didactics, e-learning, learner context},
}

@inproceedings{Cress:2007:TFC:1599600.1599630,
 author = {Cress, Ulrike and Kimmerle, Joachim},
 title = {A Theoretical Framework of Collaborative Knowledge Building with Wikis: A Systemic and Cognitive Perspective},
 booktitle = {Proceedings of the 8th Iternational Conference on Computer Supported Collaborative Learning},
 series = {CSCL'07},
 year = {2007},
 isbn = {978-0-6151-5436-7},
 location = {New Brunswick, New Jersey, USA},
 pages = {156--164},
 numpages = {9},
 url = {http://dl.acm.org/citation.cfm?id=1599600.1599630},
 acmid = {1599630},
 publisher = {International Society of the Learning Sciences},
}

@inproceedings{Oliveira:2011:CAP:1999747.1999797,
 author = {Oliveira, Osvaldo Luiz and Monteiro, Ana Maria and Roman, Norton Trevisan},
 title = {From Concrete to Abstract?: Problem Domain in the Learning of Introductory Programming},
 booktitle = {Proceedings of the 16th Annual Joint Conference on Innovation and Technology in Computer Science Education},
 series = {ITiCSE '11},
 year = {2011},
 isbn = {978-1-4503-0697-3},
 location = {Darmstadt, Germany},
 pages = {173--177},
 numpages = {5},
 url = {http://doi.acm.org/10.1145/1999747.1999797},
 doi = {10.1145/1999747.1999797},
 acmid = {1999797},
 publisher = {ACM},
 address = {New York, NY, USA},
 keywords = {computer programming education, cs1, empirical research, introductory programming, languages},
}

@inproceedings{Waite:2016:ACC:2978249.2978272,
 author = {Waite, Jane and Curzon, Paul and Marsh, William and Sentance, Sue},
 title = {Abstraction and Common Classroom Activities},
 booktitle = {Proceedings of the 11th Workshop in Primary and Secondary Computing Education},
 series = {WiPSCE '16},
 year = {2016},
 isbn = {978-1-4503-4223-0},
 location = {M\&\#252;nster, Germany},
 pages = {112--113},
 numpages = {2},
 url = {http://doi.acm.org/10.1145/2978249.2978272},
 doi = {10.1145/2978249.2978272},
 acmid = {2978272},
 publisher = {ACM},
 address = {New York, NY, USA},
 keywords = {Abstraction, design, graph, storyboard, visualisation},
}

@inproceedings{Barreto:2013:PPD:2501907.2501947,
 author = {Barreto, Mary and Scott, Michelle and Oakley, Ian and Karapanos, Evangelos and Nunes, Nuno J. and Gomes, Sofia and Gomes, Joana},
 title = {Playing for the Planet: Designing Toys That Foster Sustainable Values},
 booktitle = {Proceedings of the 31st European Conference on Cognitive Ergonomics},
 series = {ECCE '13},
 year = {2013},
 isbn = {978-1-4503-2251-5},
 location = {Toulouse, France},
 pages = {16:1--16:6},
 articleno = {16},
 numpages = {6},
 url = {http://doi.acm.org/10.1145/2501907.2501947},
 doi = {10.1145/2501907.2501947},
 acmid = {2501947},
 publisher = {ACM},
 address = {New York, NY, USA},
 keywords = {children, design guidelines, learning, play, sustainability, user characteristics, value development},
}

@article{Almstrum:2002:IET:637610.544471,
 author = {Almstrum, Vicki L. and Ginat, David and Hazzan, Orit and Morley, Tom},
 title = {Import and Export to/from Computing Science Education: The Case of Mathematics Education Research},
 journal = {SIGCSE Bull.},
 issue_date = {September 2002},
 volume = {34},
 number = {3},
 month = jun,
 year = {2002},
 issn = {0097-8418},
 pages = {193--194},
 numpages = {2},
 url = {http://doi.acm.org/10.1145/637610.544471},
 doi = {10.1145/637610.544471},
 acmid = {544471},
 publisher = {ACM},
 address = {New York, NY, USA},
}

@inproceedings{Almstrum:2002:IET:544414.544471,
 author = {Almstrum, Vicki L. and Ginat, David and Hazzan, Orit and Morley, Tom},
 title = {Import and Export to/from Computing Science Education: The Case of Mathematics Education Research},
 booktitle = {Proceedings of the 7th Annual Conference on Innovation and Technology in Computer Science Education},
 series = {ITiCSE '02},
 year = {2002},
 isbn = {1-58113-499-1},
 location = {Aarhus, Denmark},
 pages = {193--194},
 numpages = {2},
 url = {http://doi.acm.org/10.1145/544414.544471},
 doi = {10.1145/544414.544471},
 acmid = {544471},
 publisher = {ACM},
 address = {New York, NY, USA},
}

