@inproceedings{Williams:2010:RED:1854509.1854762,
 author = {Williams, Joseph and Lombrozo, Tania},
 title = {The Role of Explanation in Discovery and Generalization: Evidence from Category Learning},
 booktitle = {Proceedings of the 9th International Conference of the Learning Sciences - Volume 2},
 series = {ICLS '10},
 year = {2010},
 location = {Chicago, Illinois},
 pages = {490--491},
 numpages = {2},
 url = {http://dl.acm.org/citation.cfm?id=1854509.1854762},
 acmid = {1854762},
 publisher = {International Society of the Learning Sciences},
}

@inproceedings{Legare:2010:EGL:1854509.1854761,
 author = {Legare, Cristine and Lombrozo, Tania},
 title = {Explanation As a Guide to Learning},
 booktitle = {Proceedings of the 9th International Conference of the Learning Sciences - Volume 2},
 series = {ICLS '10},
 year = {2010},
 location = {Chicago, Illinois},
 pages = {489--490},
 numpages = {2},
 url = {http://dl.acm.org/citation.cfm?id=1854509.1854761},
 acmid = {1854761},
 publisher = {International Society of the Learning Sciences},
}

@inproceedings{Al-Tawil:2016:IKA:2914586.2914637,
 author = {Al-Tawil, Marwan and Dimitrova, Vania and Thakker, Dhavalkumar and Bennett, Brandon},
 title = {Identifying Knowledge Anchors in a Data Graph},
 booktitle = {Proceedings of the 27th ACM Conference on Hypertext and Social Media},
 series = {HT '16},
 year = {2016},
 isbn = {978-1-4503-4247-6},
 location = {Halifax, Nova Scotia, Canada},
 pages = {189--194},
 numpages = {6},
 url = {http://doi.acm.org/10.1145/2914586.2914637},
 doi = {10.1145/2914586.2914637},
 acmid = {2914637},
 publisher = {ACM},
 address = {New York, NY, USA},
 keywords = {basic level objects, data graphs, exploratory search, knowledge utility},
}

@inproceedings{Shayo:1998:RCM:279179.279216,
 author = {Shayo, Conrad and Olfman, Lorne},
 title = {The Role of Conceptual Models in Formal Software Training},
 booktitle = {Proceedings of the 1998 ACM SIGCPR Conference on Computer Personnel Research},
 series = {SIGCPR '98},
 year = {1998},
 isbn = {0-89791-959-9},
 location = {Boston, Massachusetts, USA},
 pages = {242--253},
 numpages = {12},
 url = {http://doi.acm.org/10.1145/279179.279216},
 doi = {10.1145/279179.279216},
 acmid = {279216},
 publisher = {ACM},
 address = {New York, NY, USA},
 keywords = {conceptual models, mental models, user training},
}

@inproceedings{Murray:1996:SPO:1161135.1161167,
 author = {Murray, Tom},
 title = {Special Purpose Ontologies and the Representation of Pedagogical Knowledge},
 booktitle = {Proceedings of the 1996 International Conference on Learning Sciences},
 series = {ICLS '96},
 year = {1996},
 isbn = {1-880094-23-1},
 location = {Evanston, Illinois},
 pages = {235--242},
 numpages = {8},
 url = {http://dl.acm.org/citation.cfm?id=1161135.1161167},
 acmid = {1161167},
 publisher = {International Society of the Learning Sciences},
}

@inproceedings{Falbo:2002:OAD:568760.568822,
 author = {Falbo, Ricardo de Almeida and Guizzardi, Giancarlo and Duarte, Katia Cristina},
 title = {An Ontological Approach to Domain Engineering},
 booktitle = {Proceedings of the 14th International Conference on Software Engineering and Knowledge Engineering},
 series = {SEKE '02},
 year = {2002},
 isbn = {1-58113-556-4},
 location = {Ischia, Italy},
 pages = {351--358},
 numpages = {8},
 url = {http://doi.acm.org/10.1145/568760.568822},
 doi = {10.1145/568760.568822},
 acmid = {568822},
 publisher = {ACM},
 address = {New York, NY, USA},
 keywords = {ontology, software reuse},
}

@inproceedings{Jeanson:2012:EAD:2330163.2330181,
 author = {Jeanson, Francis and White, Anthony},
 title = {Evolving Axonal Delay Neural Networks for Robot Control},
 booktitle = {Proceedings of the 14th Annual Conference on Genetic and Evolutionary Computation},
 series = {GECCO '12},
 year = {2012},
 isbn = {978-1-4503-1177-9},
 location = {Philadelphia, Pennsylvania, USA},
 pages = {121--128},
 numpages = {8},
 url = {http://doi.acm.org/10.1145/2330163.2330181},
 doi = {10.1145/2330163.2330181},
 acmid = {2330181},
 publisher = {ACM},
 address = {New York, NY, USA},
 keywords = {axonal delays, coincidence detection, embodied cognition, neural adaptation, neural coding, spiking neural network},
}

