@inproceedings{Sarkar:1990:RDP:98949.99159,
 author = {Sarkar, Manojit},
 title = {Runtime Debuggers for Parallel and Distributed Systems: A Uniform Design Approach},
 booktitle = {Proceedings of the 28th Annual Southeast Regional Conference},
 series = {ACM-SE 28},
 year = {1990},
 isbn = {0-89791-356-6},
 location = {Greenville, South Carolina},
 pages = {333--336},
 numpages = {4},
 url = {http://doi.acm.org/10.1145/98949.99159},
 doi = {10.1145/98949.99159},
 acmid = {99159},
 publisher = {ACM},
 address = {New York, NY, USA},
}

@article{Collins:1991:MIP:122344.122354,
 author = {Collins, Gregg and Birnbaum, Lawrence and Krulwich, Bruce and Freed, Michael},
 title = {Model-based Integration of Planning and Learning},
 journal = {SIGART Bull.},
 issue_date = {Aug. 1991},
 volume = {2},
 number = {4},
 month = jul,
 year = {1991},
 issn = {0163-5719},
 pages = {56--60},
 numpages = {5},
 url = {http://doi.acm.org/10.1145/122344.122354},
 doi = {10.1145/122344.122354},
 acmid = {122354},
 publisher = {ACM},
 address = {New York, NY, USA},
}

@inproceedings{Lawrance:2008:UIS:1357054.1357261,
 author = {Lawrance, Joseph and Bellamy, Rachel and Burnett, Margaret and Rector, Kyle},
 title = {Using Information Scent to Model the Dynamic Foraging Behavior of Programmers in Maintenance Tasks},
 booktitle = {Proceedings of the SIGCHI Conference on Human Factors in Computing Systems},
 series = {CHI '08},
 year = {2008},
 isbn = {978-1-60558-011-1},
 location = {Florence, Italy},
 pages = {1323--1332},
 numpages = {10},
 url = {http://doi.acm.org/10.1145/1357054.1357261},
 doi = {10.1145/1357054.1357261},
 acmid = {1357261},
 publisher = {ACM},
 address = {New York, NY, USA},
 keywords = {debugging, information foraging, software maintenance},
}

@article{Lichtenstein:1988:CAD:69215.69239,
 author = {Lichtenstein, Yossi and Shapiro, Ehud},
 title = {Concurrent Algorithmic Debugging},
 journal = {SIGPLAN Not.},
 issue_date = {Jan. 1989},
 volume = {24},
 number = {1},
 month = nov,
 year = {1988},
 issn = {0362-1340},
 pages = {248--260},
 numpages = {13},
 url = {http://doi.acm.org/10.1145/69215.69239},
 doi = {10.1145/69215.69239},
 acmid = {69239},
 publisher = {ACM},
 address = {New York, NY, USA},
}

@inproceedings{Lichtenstein:1988:CAD:68210.69239,
 author = {Lichtenstein, Yossi and Shapiro, Ehud},
 title = {Concurrent Algorithmic Debugging},
 booktitle = {Proceedings of the 1988 ACM SIGPLAN and SIGOPS Workshop on Parallel and Distributed Debugging},
 series = {PADD '88},
 year = {1988},
 isbn = {0-89791-296-9},
 location = {Madison, Wisconsin, USA},
 pages = {248--260},
 numpages = {13},
 url = {http://doi.acm.org/10.1145/68210.69239},
 doi = {10.1145/68210.69239},
 acmid = {69239},
 publisher = {ACM},
 address = {New York, NY, USA},
}

@Article{Waite:1988:54289,
 editor = {Waite, William M.},
 journal = {SIGOPS Oper. Syst. Rev.},
 year = {1988},
 issn = {0163-5980},
 volume = {22},
 number = {4},
 issue_date = {Oct. 1988},
 publisher = {ACM},
 address = {New York, NY, USA},
}

