@inproceedings{Rountree:2009:IRT:1862712.1862733,
 author = {Rountree, Janet and Rountree, Nathan},
 title = {Issues Regarding Threshold Concepts in Computer Science},
 booktitle = {Proceedings of the Eleventh Australasian Conference on Computing Education - Volume 95},
 series = {ACE '09},
 year = {2009},
 isbn = {978-1-920682-76-7},
 location = {Wellington, New Zealand},
 pages = {139--146},
 numpages = {8},
 url = {http://dl.acm.org/citation.cfm?id=1862712.1862733},
 acmid = {1862733},
 publisher = {Australian Computer Society, Inc.},
 address = {Darlinghurst, Australia, Australia},
 keywords = {computer science education, liminal space, threshold concepts},
}

@article{Alston:2015:ULC:2742853.2700513,
 author = {Alston, Peter and Walsh, David and Westhead, Gary},
 title = {Uncovering \&Ldquo;Threshold Concepts\&Rdquo; in Web Development: An Instructor Perspective},
 journal = {Trans. Comput. Educ.},
 issue_date = {March 2015},
 volume = {15},
 number = {1},
 month = mar,
 year = {2015},
 issn = {1946-6226},
 pages = {2:1--2:18},
 articleno = {2},
 numpages = {18},
 url = {http://doi.acm.org/10.1145/2700513},
 doi = {10.1145/2700513},
 acmid = {2700513},
 publisher = {ACM},
 address = {New York, NY, USA},
 keywords = {Web development, higher education, thematic analysis, threshold concepts},
}

@article{Eckerdal:2006:PTC:1140123.1140154,
 author = {Eckerdal, Anna and McCartney, Robert and Mostr\"{o}m, Jan Erik and Ratcliffe, Mark and Sanders, Kate and Zander, Carol},
 title = {Putting Threshold Concepts into Context in Computer Science Education},
 journal = {SIGCSE Bull.},
 issue_date = {September 2006},
 volume = {38},
 number = {3},
 month = jun,
 year = {2006},
 issn = {0097-8418},
 pages = {103--107},
 numpages = {5},
 url = {http://doi.acm.org/10.1145/1140123.1140154},
 doi = {10.1145/1140123.1140154},
 acmid = {1140154},
 publisher = {ACM},
 address = {New York, NY, USA},
 keywords = {constructivism, education research, threshold concepts},
}

@inproceedings{Eckerdal:2006:PTC:1140124.1140154,
 author = {Eckerdal, Anna and McCartney, Robert and Mostr\"{o}m, Jan Erik and Ratcliffe, Mark and Sanders, Kate and Zander, Carol},
 title = {Putting Threshold Concepts into Context in Computer Science Education},
 booktitle = {Proceedings of the 11th Annual SIGCSE Conference on Innovation and Technology in Computer Science Education},
 series = {ITICSE '06},
 year = {2006},
 isbn = {1-59593-055-8},
 location = {Bologna, Italy},
 pages = {103--107},
 numpages = {5},
 url = {http://doi.acm.org/10.1145/1140124.1140154},
 doi = {10.1145/1140124.1140154},
 acmid = {1140154},
 publisher = {ACM},
 address = {New York, NY, USA},
 keywords = {constructivism, education research, threshold concepts},
}

@inproceedings{Sorva:2010:RTC:1930464.1930467,
 author = {Sorva, Juha},
 title = {Reflections on Threshold Concepts in Computer Programming and Beyond},
 booktitle = {Proceedings of the 10th Koli Calling International Conference on Computing Education Research},
 series = {Koli Calling '10},
 year = {2010},
 isbn = {978-1-4503-0520-4},
 location = {Koli, Finland},
 pages = {21--30},
 numpages = {10},
 url = {http://doi.acm.org/10.1145/1930464.1930467},
 doi = {10.1145/1930464.1930467},
 acmid = {1930467},
 publisher = {ACM},
 address = {New York, NY, USA},
 keywords = {computer programming, fundamental ideas, information hiding, introductory programming, object interaction, program dynamics, threshold concepts, transliminal concepts},
}

@inproceedings{Kallia:2017:CTP:3137065.3137085,
 author = {Kallia, Maria and Sentance, Sue},
 title = {Computing Teachers' Perspectives on Threshold Concepts: Functions and Procedural Abstraction},
 booktitle = {Proceedings of the 12th Workshop on Primary and Secondary Computing Education},
 series = {WiPSCE '17},
 year = {2017},
 isbn = {978-1-4503-5428-8},
 location = {Nijmegen, Netherlands},
 pages = {15--24},
 numpages = {10},
 url = {http://doi.acm.org/10.1145/3137065.3137085},
 doi = {10.1145/3137065.3137085},
 acmid = {3137085},
 publisher = {ACM},
 address = {New York, NY, USA},
 keywords = {Computer Programming, Computer Science Education, Threshold Concepts},
}

@inproceedings{Sanders:2016:TCC:2999541.2999546,
 author = {Sanders, Kate and McCartney, Robert},
 title = {Threshold Concepts in Computing: Past, Present, and Future},
 booktitle = {Proceedings of the 16th Koli Calling International Conference on Computing Education Research},
 series = {Koli Calling '16},
 year = {2016},
 isbn = {978-1-4503-4770-9},
 location = {Koli, Finland},
 pages = {91--100},
 numpages = {10},
 url = {http://doi.acm.org/10.1145/2999541.2999546},
 doi = {10.1145/2999541.2999546},
 acmid = {2999546},
 publisher = {ACM},
 address = {New York, NY, USA},
 keywords = {threshold concepts},
}

@inproceedings{Park:2008:ITC:1599936.1599987,
 author = {Park, Eun Jung and Light, Gregory and Mason, Thomas},
 title = {Identifying Threshold Concepts in Learning Nanoscience by Using Concept Maps and Students' Responses to an Open-ended Interview},
 booktitle = {Proceedings of the 8th International Conference on International Conference for the Learning Sciences - Volume 3},
 series = {ICLS'08},
 year = {2008},
 location = {Utrecht, The Netherlands},
 pages = {109--110},
 numpages = {2},
 url = {http://dl.acm.org/citation.cfm?id=1599936.1599987},
 acmid = {1599987},
 publisher = {International Society of the Learning Sciences},
}

@inproceedings{Shinners-Kennedy:2013:ITC:2493394.2493396,
 author = {Shinners-Kennedy, Dermot and Fincher, Sally A.},
 title = {Identifying Threshold Concepts: From Dead End to a New Direction},
 booktitle = {Proceedings of the Ninth Annual International ACM Conference on International Computing Education Research},
 series = {ICER '13},
 year = {2013},
 isbn = {978-1-4503-2243-0},
 location = {San Diego, San California, USA},
 pages = {9--18},
 numpages = {10},
 url = {http://doi.acm.org/10.1145/2493394.2493396},
 doi = {10.1145/2493394.2493396},
 acmid = {2493396},
 publisher = {ACM},
 address = {New York, NY, USA},
 keywords = {hindsight bias, pck, threshold concepts},
}

@article{Boustedt:2007:TCC:1227504.1227482,
 author = {Boustedt, Jonas and Eckerdal, Anna and McCartney, Robert and Mostr\"{o}m, Jan Erik and Ratcliffe, Mark and Sanders, Kate and Zander, Carol},
 title = {Threshold Concepts in Computer Science: Do They Exist and Are They Useful?},
 journal = {SIGCSE Bull.},
 issue_date = {March 2007},
 volume = {39},
 number = {1},
 month = mar,
 year = {2007},
 issn = {0097-8418},
 pages = {504--508},
 numpages = {5},
 url = {http://doi.acm.org/10.1145/1227504.1227482},
 doi = {10.1145/1227504.1227482},
 acmid = {1227482},
 publisher = {ACM},
 address = {New York, NY, USA},
 keywords = {learning theory, threshold concepts},
}

@inproceedings{Boustedt:2007:TCC:1227310.1227482,
 author = {Boustedt, Jonas and Eckerdal, Anna and McCartney, Robert and Mostr\"{o}m, Jan Erik and Ratcliffe, Mark and Sanders, Kate and Zander, Carol},
 title = {Threshold Concepts in Computer Science: Do They Exist and Are They Useful?},
 booktitle = {Proceedings of the 38th SIGCSE Technical Symposium on Computer Science Education},
 series = {SIGCSE '07},
 year = {2007},
 isbn = {1-59593-361-1},
 location = {Covington, Kentucky, USA},
 pages = {504--508},
 numpages = {5},
 url = {http://doi.acm.org/10.1145/1227310.1227482},
 doi = {10.1145/1227310.1227482},
 acmid = {1227482},
 publisher = {ACM},
 address = {New York, NY, USA},
 keywords = {learning theory, threshold concepts},
}

@article{Yeomans:2019:TTS:3308443.3283071,
 author = {Yeomans, Lucy and Zschaler, Steffen and Coate, Kelly},
 title = {Transformative and Troublesome? Students' and Professional Programmers' Perspectives on Difficult Concepts in Programming},
 journal = {ACM Trans. Comput. Educ.},
 issue_date = {June 2019},
 volume = {19},
 number = {3},
 month = jan,
 year = {2019},
 issn = {1946-6226},
 pages = {23:1--23:27},
 articleno = {23},
 numpages = {27},
 url = {http://doi.acm.org/10.1145/3283071},
 doi = {10.1145/3283071},
 acmid = {3283071},
 publisher = {ACM},
 address = {New York, NY, USA},
 keywords = {Threshold concepts, accidental complexities, computer science curriculum, focus groups, learning programming},
}

@article{Sheard:2017:KCI:3094875.3094876,
 author = {Sheard, Judith and Montero, Calkin Suero},
 title = {Koli Calling International Computing Education Conference Review},
 journal = {SIGCSE Bull.},
 issue_date = {April 2017},
 volume = {49},
 number = {2},
 month = may,
 year = {2017},
 issn = {0097-8418},
 pages = {3--3},
 numpages = {1},
 url = {http://doi.acm.org/10.1145/3094875.3094876},
 doi = {10.1145/3094875.3094876},
 acmid = {3094876},
 publisher = {ACM},
 address = {New York, NY, USA},
}

@inproceedings{Sanders:2012:TCT:2361276.2361283,
 author = {Sanders, Kate and Boustedt, Jonas and Eckerdal, Anna and McCartney, Robert and Mostr\"{o}m, Jan Erik and Thomas, Lynda and Zander, Carol},
 title = {Threshold Concepts and Threshold Skills in Computing},
 booktitle = {Proceedings of the Ninth Annual International Conference on International Computing Education Research},
 series = {ICER '12},
 year = {2012},
 isbn = {978-1-4503-1604-0},
 location = {Auckland, New Zealand},
 pages = {23--30},
 numpages = {8},
 url = {http://doi.acm.org/10.1145/2361276.2361283},
 doi = {10.1145/2361276.2361283},
 acmid = {2361283},
 publisher = {ACM},
 address = {New York, NY, USA},
 keywords = {threshold concepts, threshold skills},
}

@inproceedings{Cajander:2011:APS:2459936.2459954,
 author = {Cajander, \AAsa and Daniels, Mats and McDermott, Roger and von Konsky, Brian R.},
 title = {Assessing Professional Skills in Engineering Education},
 booktitle = {Proceedings of the Thirteenth Australasian Computing Education Conference - Volume 114},
 series = {ACE '11},
 year = {2011},
 isbn = {978-1-920682-94-1},
 location = {Perth, Australia},
 pages = {145--154},
 numpages = {10},
 url = {http://dl.acm.org/citation.cfm?id=2459936.2459954},
 acmid = {2459954},
 publisher = {Australian Computer Society, Inc.},
 address = {Darlinghurst, Australia, Australia},
 keywords = {assessment, open ended group problems, professional skills, reflections, threshold concepts},
}

@inproceedings{Eckerdal:2007:LLC:1288580.1288597,
 author = {Eckerdal, Anna and McCartney, Robert and Mostr\"{o}m, Jan Erik and Sanders, Kate and Thomas, Lynda and Zander, Carol},
 title = {From Limen to Lumen: Computing Students in Liminal Spaces},
 booktitle = {Proceedings of the Third International Workshop on Computing Education Research},
 series = {ICER '07},
 year = {2007},
 isbn = {978-1-59593-841-1},
 location = {Atlanta, Georgia, USA},
 pages = {123--132},
 numpages = {10},
 url = {http://doi.acm.org/10.1145/1288580.1288597},
 doi = {10.1145/1288580.1288597},
 acmid = {1288597},
 publisher = {ACM},
 address = {New York, NY, USA},
 keywords = {learning theory, liminal space, threshold concepts},
}

@inproceedings{Sanders:2014:CSC:2674683.2675062,
 author = {Sanders, Kate},
 title = {Card Sorts, Commonsense, and Thresholds: A Case Study in CS Education Research},
 booktitle = {Proceedings of the 14th Koli Calling International Conference on Computing Education Research},
 series = {Koli Calling '14},
 year = {2014},
 isbn = {978-1-4503-3065-7},
 location = {Koli, Finland},
 pages = {1--3},
 numpages = {3},
 url = {http://doi.acm.org/10.1145/2674683.2675062},
 doi = {10.1145/2674683.2675062},
 acmid = {2675062},
 publisher = {ACM},
 address = {New York, NY, USA},
 keywords = {computer science education research, research agenda},
}

@inproceedings{Tedre:2014:TIC:2591708.2591758,
 author = {Tedre, Matti and Brash, Danny and M\"{a}nnikk\"{o}-Barbutiu, Sirkku and Cronj{\'e}, Johannes},
 title = {Towards Identification and Classification of Core and Threshold Concepts in Methodology Education in Computing},
 booktitle = {Proceedings of the 2014 Conference on Innovation \&\#38; Technology in Computer Science Education},
 series = {ITiCSE '14},
 year = {2014},
 isbn = {978-1-4503-2833-3},
 location = {Uppsala, Sweden},
 pages = {237--242},
 numpages = {6},
 url = {http://doi.acm.org/10.1145/2591708.2591758},
 doi = {10.1145/2591708.2591758},
 acmid = {2591758},
 publisher = {ACM},
 address = {New York, NY, USA},
 keywords = {computer science education, computing education, congruent design, methodology, methodology education, research design, thesis work},
}

@article{Mead:2006:CAI:1189136.1189185,
 author = {Mead, Jerry and Gray, Simon and Hamer, John and James, Richard and Sorva, Juha and Clair, Caroline St. and Thomas, Lynda},
 title = {A Cognitive Approach to Identifying Measurable Milestones for Programming Skill Acquisition},
 journal = {SIGCSE Bull.},
 issue_date = {December 2006},
 volume = {38},
 number = {4},
 month = jun,
 year = {2006},
 issn = {0097-8418},
 pages = {182--194},
 numpages = {13},
 url = {http://doi.acm.org/10.1145/1189136.1189185},
 doi = {10.1145/1189136.1189185},
 acmid = {1189185},
 publisher = {ACM},
 address = {New York, NY, USA},
 keywords = {CS1, cognitive approaches, curricular planning, programming},
}

@inproceedings{Mead:2006:CAI:1189215.1189185,
 author = {Mead, Jerry and Gray, Simon and Hamer, John and James, Richard and Sorva, Juha and Clair, Caroline St. and Thomas, Lynda},
 title = {A Cognitive Approach to Identifying Measurable Milestones for Programming Skill Acquisition},
 booktitle = {Working Group Reports on ITiCSE on Innovation and Technology in Computer Science Education},
 series = {ITiCSE-WGR '06},
 year = {2006},
 isbn = {1-59593-603-3},
 location = {Bologna, Italy},
 pages = {182--194},
 numpages = {13},
 url = {http://doi.acm.org/10.1145/1189215.1189185},
 doi = {10.1145/1189215.1189185},
 acmid = {1189185},
 publisher = {ACM},
 address = {New York, NY, USA},
 keywords = {CS1, cognitive approaches, curricular planning, programming},
}

@inproceedings{Adamczyk:2007:TSC:1254960.1255010,
 author = {Adamczyk, Piotr D. and Hamilton, Kevin and Twidale, Michael B. and Bailey, Brian P.},
 title = {Tools in Support of Creative Collaboration},
 booktitle = {Proceedings of the 6th ACM SIGCHI Conference on Creativity \&Amp; Cognition},
 series = {C\&amp;C '07},
 year = {2007},
 isbn = {978-1-59593-712-4},
 location = {Washington, DC, USA},
 pages = {273--274},
 numpages = {2},
 url = {http://doi.acm.org/10.1145/1254960.1255010},
 doi = {10.1145/1254960.1255010},
 acmid = {1255010},
 publisher = {ACM},
 address = {New York, NY, USA},
 keywords = {arts, creativity support tools, multidisciplinary collaboration, new media},
}

@inproceedings{Thomas:2010:HST:1734263.1734366,
 author = {Thomas, Lynda and Zander, Carol and Eckerdal, Anna},
 title = {Harnessing Surprise: Tales from Students' Transformational Biographies},
 booktitle = {Proceedings of the 41st ACM Technical Symposium on Computer Science Education},
 series = {SIGCSE '10},
 year = {2010},
 isbn = {978-1-4503-0006-3},
 location = {Milwaukee, Wisconsin, USA},
 pages = {300--304},
 numpages = {5},
 url = {http://doi.acm.org/10.1145/1734263.1734366},
 doi = {10.1145/1734263.1734366},
 acmid = {1734366},
 publisher = {ACM},
 address = {New York, NY, USA},
 keywords = {attitudinal factors, student biographies, surprise, threshold concepts, transformation, work experience},
}

@inproceedings{Vagianou:2006:PWS:1315803.1315816,
 author = {Vagianou, Evgenia},
 title = {Program Working Storage: A Beginner's Model},
 booktitle = {Proceedings of the 6th Baltic Sea Conference on Computing Education Research: Koli Calling 2006},
 series = {Baltic Sea '06},
 year = {2006},
 location = {Uppsala, Sweden},
 pages = {69--76},
 numpages = {8},
 url = {http://doi.acm.org/10.1145/1315803.1315816},
 doi = {10.1145/1315803.1315816},
 acmid = {1315816},
 publisher = {ACM},
 address = {New York, NY, USA},
 keywords = {constructivist instruction, introductory programming, preconceptions, teaching programming, threshold concepts},
}

@inproceedings{Reynolds:2007:ADP:1324302.1324306,
 author = {Reynolds, Charles W. and Goda, Bryan S.},
 title = {The Affective Dimension of Pervasive Themes in the Information Technology Curriculum},
 booktitle = {Proceedings of the 8th ACM SIGITE Conference on Information Technology Education},
 series = {SIGITE '07},
 year = {2007},
 isbn = {978-1-59593-920-3},
 location = {Destin, Florida, USA},
 pages = {13--20},
 numpages = {8},
 url = {http://doi.acm.org/10.1145/1324302.1324306},
 doi = {10.1145/1324302.1324306},
 acmid = {1324306},
 publisher = {ACM},
 address = {New York, NY, USA},
 keywords = {ACM computing curricula, affective objectives, curricular design, curricular evaluation, information technology curriculum, model curricula, pervasive themes},
}

@inproceedings{Mostrom:2009:CSS:1562877.1562935,
 author = {Mostr\"{o}m, Jan Erik and Boustedt, Jonas and Eckerdal, Anna and McCartney, Robert and Sanders, Kate and Thomas, Lynda and Zander, Carol},
 title = {Computer Science Student Transformations: Changes and Causes},
 booktitle = {Proceedings of the 14th Annual ACM SIGCSE Conference on Innovation and Technology in Computer Science Education},
 series = {ITiCSE '09},
 year = {2009},
 isbn = {978-1-60558-381-5},
 location = {Paris, France},
 pages = {181--185},
 numpages = {5},
 url = {http://doi.acm.org/10.1145/1562877.1562935},
 doi = {10.1145/1562877.1562935},
 acmid = {1562935},
 publisher = {ACM},
 address = {New York, NY, USA},
 keywords = {student biographies, threshold concepts, transformations},
}

@article{Mostrom:2009:CSS:1595496.1562935,
 author = {Mostr\"{o}m, Jan Erik and Boustedt, Jonas and Eckerdal, Anna and McCartney, Robert and Sanders, Kate and Thomas, Lynda and Zander, Carol},
 title = {Computer Science Student Transformations: Changes and Causes},
 journal = {SIGCSE Bull.},
 issue_date = {September 2009},
 volume = {41},
 number = {3},
 month = jul,
 year = {2009},
 issn = {0097-8418},
 pages = {181--185},
 numpages = {5},
 url = {http://doi.acm.org/10.1145/1595496.1562935},
 doi = {10.1145/1595496.1562935},
 acmid = {1562935},
 publisher = {ACM},
 address = {New York, NY, USA},
 keywords = {student biographies, threshold concepts, transformations},
}

@article{Sorva:2013:NMI:2483710.2483713,
 author = {Sorva, Juha},
 title = {Notional Machines and Introductory Programming Education},
 journal = {Trans. Comput. Educ.},
 issue_date = {June 2013},
 volume = {13},
 number = {2},
 month = jul,
 year = {2013},
 issn = {1946-6226},
 pages = {8:1--8:31},
 articleno = {8},
 numpages = {31},
 url = {http://doi.acm.org/10.1145/2483710.2483713},
 doi = {10.1145/2483710.2483713},
 acmid = {2483713},
 publisher = {ACM},
 address = {New York, NY, USA},
 keywords = {CS1, Notional machine, constructivism, introductory programming education, literature review, mental models, misconceptions, phenomenography, threshold concepts},
}

@inproceedings{Baader:2017:DCT:3019612.3019715,
 author = {Baader, Franz and Gil, Oliver Fern\'{a}ndez},
 title = {Decidability and Complexity of Threshold Description Logics Induced by Concept Similarity Measures},
 booktitle = {Proceedings of the Symposium on Applied Computing},
 series = {SAC '17},
 year = {2017},
 isbn = {978-1-4503-4486-9},
 location = {Marrakech, Morocco},
 pages = {983--988},
 numpages = {6},
 url = {http://doi.acm.org/10.1145/3019612.3019715},
 doi = {10.1145/3019612.3019715},
 acmid = {3019715},
 publisher = {ACM},
 address = {New York, NY, USA},
 keywords = {complexity, description logics, reasoning, similarity},
}

@inproceedings{Mostrom:2008:CEA:1404520.1404533,
 author = {Mostr\"{o}m, Jan Erik and Boustedt, Jonas and Eckerdal, Anna and McCartney, Robert and Sanders, Kate and Thomas, Lynda and Zander, Carol},
 title = {Concrete Examples of Abstraction As Manifested in Students' Transformative Experiences},
 booktitle = {Proceedings of the Fourth International Workshop on Computing Education Research},
 series = {ICER '08},
 year = {2008},
 isbn = {978-1-60558-216-0},
 location = {Sydney, Australia},
 pages = {125--136},
 numpages = {12},
 url = {http://doi.acm.org/10.1145/1404520.1404533},
 doi = {10.1145/1404520.1404533},
 acmid = {1404533},
 publisher = {ACM},
 address = {New York, NY, USA},
 keywords = {abstraction, learning theory, threshold concepts, transformation},
}

@inproceedings{Hoar:2016:GED:2872518.2890575,
 author = {Hoar, Ricardo and Connolly, Randy},
 title = {The Garden of Earthly Delights: Constructing and Revising a Web Development Textbook},
 booktitle = {Proceedings of the 25th International Conference Companion on World Wide Web},
 series = {WWW '16 Companion},
 year = {2016},
 isbn = {978-1-4503-4144-8},
 location = {Montr\&\#233;al, Qu\&\#233;bec, Canada},
 pages = {821--822},
 numpages = {2},
 url = {https://doi.org/10.1145/2872518.2890575},
 doi = {10.1145/2872518.2890575},
 acmid = {2890575},
 publisher = {International World Wide Web Conferences Steering Committee},
 address = {Republic and Canton of Geneva, Switzerland},
 keywords = {pedagogy, textbooks, web development education},
}

@inproceedings{Thomas:2017:SSD:3059009.3059016,
 author = {Thomas, Lynda and Zander, Carol and Loftus, Chris and Eckerdal, Anna},
 title = {Student Software Designs at the Undergraduate Midpoint},
 booktitle = {Proceedings of the 2017 ACM Conference on Innovation and Technology in Computer Science Education},
 series = {ITiCSE '17},
 year = {2017},
 isbn = {978-1-4503-4704-4},
 location = {Bologna, Italy},
 pages = {34--39},
 numpages = {6},
 url = {http://doi.acm.org/10.1145/3059009.3059016},
 doi = {10.1145/3059009.3059016},
 acmid = {3059016},
 publisher = {ACM},
 address = {New York, NY, USA},
 keywords = {replication, software design, software engineering, threshold concepts, threshold skills, uml},
}

@inproceedings{McGill:2019:MSG:3304221.3325550,
 author = {McGill, Monica M. and Pollock, Ian},
 title = {If Memory Serves: A Game to Supplement the Instruction of Concepts Related to Pointers},
 booktitle = {Proceedings of the 2019 ACM Conference on Innovation and Technology in Computer Science Education},
 series = {ITiCSE '19},
 year = {2019},
 isbn = {978-1-4503-6301-3},
 location = {Aberdeen, Scotland Uk},
 pages = {241--242},
 numpages = {2},
 url = {http://doi.acm.org/10.1145/3304221.3325550},
 doi = {10.1145/3304221.3325550},
 acmid = {3325550},
 publisher = {ACM},
 address = {New York, NY, USA},
 keywords = {computing education, educational research, games, games for education, learning, pointers},
}

@inproceedings{Bain:2014:WPS:2591708.2602675,
 author = {Bain, Gillian and Barnes, Ian},
 title = {Why is Programming So Hard to Learn?},
 booktitle = {Proceedings of the 2014 Conference on Innovation \&\#38; Technology in Computer Science Education},
 series = {ITiCSE '14},
 year = {2014},
 isbn = {978-1-4503-2833-3},
 location = {Uppsala, Sweden},
 pages = {356--356},
 numpages = {1},
 url = {http://doi.acm.org/10.1145/2591708.2602675},
 doi = {10.1145/2591708.2602675},
 acmid = {2602675},
 publisher = {ACM},
 address = {New York, NY, USA},
 keywords = {difficulties, programming, student learning},
}

@inproceedings{Miller:2015:LOP:2808006.2808017,
 author = {Miller, Craig S. and Settle, Amber and Lalor, John},
 title = {Learning Object-Oriented Programming in Python: Towards an Inventory of Difficulties and Testing Pitfalls},
 booktitle = {Proceedings of the 16th Annual Conference on Information Technology Education},
 series = {SIGITE '15},
 year = {2015},
 isbn = {978-1-4503-3835-6},
 location = {Chicago, Illinois, USA},
 pages = {59--64},
 numpages = {6},
 url = {http://doi.acm.org/10.1145/2808006.2808017},
 doi = {10.1145/2808006.2808017},
 acmid = {2808017},
 publisher = {ACM},
 address = {New York, NY, USA},
 keywords = {inheritance, novice programming, python, reference errors},
}

@article{Zendler:2008:EFC:1362787.1362790,
 author = {Zendler, Andreas and Spannagel, Christian},
 title = {Empirical Foundation of Central Concepts for Computer Science Education},
 journal = {J. Educ. Resour. Comput.},
 issue_date = {June 2008},
 volume = {8},
 number = {2},
 month = may,
 year = {2008},
 issn = {1531-4278},
 pages = {6:1--6:15},
 articleno = {6},
 numpages = {15},
 url = {http://doi.acm.org/10.1145/1362787.1362790},
 doi = {10.1145/1362787.1362790},
 acmid = {1362790},
 publisher = {ACM},
 address = {New York, NY, USA},
 keywords = {Central concepts, fundamental ideas},
}

@article{Bailey:2019:EM:3312531.3306142,
 author = {Bailey, Mark and King, Laurie Smith and Hamilton, Margaret and Harland, James},
 title = {Editors' Message},
 journal = {ACM Inroads},
 issue_date = {March 2019},
 volume = {10},
 number = {1},
 month = feb,
 year = {2019},
 issn = {2153-2184},
 pages = {4--4},
 numpages = {1},
 url = {http://doi.acm.org/10.1145/3306142},
 doi = {10.1145/3306142},
 acmid = {3306142},
 publisher = {ACM},
 address = {New York, NY, USA},
}

@inproceedings{Kennedy:2018:TTE:3279720.3279728,
 author = {Kennedy, Cazembe and Kraemer, Eileen T.},
 title = {What Are They Thinking?: Eliciting Student Reasoning About Troublesome Concepts in Introductory Computer Science},
 booktitle = {Proceedings of the 18th Koli Calling International Conference on Computing Education Research},
 series = {Koli Calling '18},
 year = {2018},
 isbn = {978-1-4503-6535-2},
 location = {Koli, Finland},
 pages = {7:1--7:10},
 articleno = {7},
 numpages = {10},
 url = {http://doi.acm.org/10.1145/3279720.3279728},
 doi = {10.1145/3279720.3279728},
 acmid = {3279728},
 publisher = {ACM},
 address = {New York, NY, USA},
 keywords = {Computing education, false sharing, misconceptions, parameter passing, pedagogical content knowledge, student reasoning, variable shadowing},
}

@inproceedings{Alvarez:2016:HSL:2908812.2908813,
 author = {Alvarez, Isidro M. and Browne, Will N. and Zhang, Mengjie},
 title = {Human-inspired Scaling in Learning Classifier Systems: Case Study on the N-bit Multiplexer Problem Set},
 booktitle = {Proceedings of the Genetic and Evolutionary Computation Conference 2016},
 series = {GECCO '16},
 year = {2016},
 isbn = {978-1-4503-4206-3},
 location = {Denver, Colorado, USA},
 pages = {429--436},
 numpages = {8},
 url = {http://doi.acm.org/10.1145/2908812.2908813},
 doi = {10.1145/2908812.2908813},
 acmid = {2908813},
 publisher = {ACM},
 address = {New York, NY, USA},
 keywords = {XCS, genetic programming, learning classifier systems, scalability, transfer learning},
}

@inproceedings{Falkner:2016:AVP:2899415.2899429,
 author = {Falkner, Katrina and Falkner, Nickolas and Szabo, Claudia and Vivian, Rebecca},
 title = {Applying Validated Pedagogy to MOOCs: An Introductory Programming Course with Media Computation},
 booktitle = {Proceedings of the 2016 ACM Conference on Innovation and Technology in Computer Science Education},
 series = {ITiCSE '16},
 year = {2016},
 isbn = {978-1-4503-4231-5},
 location = {Arequipa, Peru},
 pages = {326--331},
 numpages = {6},
 url = {http://doi.acm.org/10.1145/2899415.2899429},
 doi = {10.1145/2899415.2899429},
 acmid = {2899429},
 publisher = {ACM},
 address = {New York, NY, USA},
 keywords = {cs101, introductory programming, massively open online course (mooc), online learning},
}

@article{Stuetzle:2014:HC:2602724.2602737,
 author = {Stuetzle, Christopher},
 title = {The Human Computer},
 journal = {J. Comput. Sci. Coll.},
 issue_date = {June 2014},
 volume = {29},
 number = {6},
 month = jun,
 year = {2014},
 issn = {1937-4771},
 pages = {68--73},
 numpages = {6},
 url = {http://dl.acm.org/citation.cfm?id=2602724.2602737},
 acmid = {2602737},
 publisher = {Consortium for Computing Sciences in Colleges},
 address = {USA},
}

@inproceedings{McCartney:2007:SSS:1268784.1268831,
 author = {McCartney, Robert and Eckerdal, Anna and Mostrom, Jan Erik and Sanders, Kate and Zander, Carol},
 title = {Successful Students' Strategies for Getting Unstuck},
 booktitle = {Proceedings of the 12th Annual SIGCSE Conference on Innovation and Technology in Computer Science Education},
 series = {ITiCSE '07},
 year = {2007},
 isbn = {978-1-59593-610-3},
 location = {Dundee, Scotland},
 pages = {156--160},
 numpages = {5},
 url = {http://doi.acm.org/10.1145/1268784.1268831},
 doi = {10.1145/1268784.1268831},
 acmid = {1268831},
 publisher = {ACM},
 address = {New York, NY, USA},
 keywords = {learning strategies, stuck places, threshold concepts},
}

@article{McCartney:2007:SSS:1269900.1268831,
 author = {McCartney, Robert and Eckerdal, Anna and Mostrom, Jan Erik and Sanders, Kate and Zander, Carol},
 title = {Successful Students' Strategies for Getting Unstuck},
 journal = {SIGCSE Bull.},
 issue_date = {September 2007},
 volume = {39},
 number = {3},
 month = jun,
 year = {2007},
 issn = {0097-8418},
 pages = {156--160},
 numpages = {5},
 url = {http://doi.acm.org/10.1145/1269900.1268831},
 doi = {10.1145/1269900.1268831},
 acmid = {1268831},
 publisher = {ACM},
 address = {New York, NY, USA},
 keywords = {learning strategies, stuck places, threshold concepts},
}

@inproceedings{Schwartzman:2006:QAR:1315803.1315813,
 author = {Schwartzman, Leslie},
 title = {A Qualitative Analysis of Reflective and Defensive Student Responses in a Software Engineering and Design Course},
 booktitle = {Proceedings of the 6th Baltic Sea Conference on Computing Education Research: Koli Calling 2006},
 series = {Baltic Sea '06},
 year = {2006},
 location = {Uppsala, Sweden},
 pages = {46--53},
 numpages = {8},
 url = {http://doi.acm.org/10.1145/1315803.1315813},
 doi = {10.1145/1315803.1315813},
 acmid = {1315813},
 publisher = {ACM},
 address = {New York, NY, USA},
 keywords = {confusion, defensiveness, dynamic of rupture, learning, phenomenology, reflectiveness, student feedback},
}

@article{Miller:2015:ISI:2742853.2724759,
 author = {Miller, Craig S. and Connolly, Randy},
 title = {Introduction to the Special Issue on Web Development},
 journal = {Trans. Comput. Educ.},
 issue_date = {March 2015},
 volume = {15},
 number = {1},
 month = mar,
 year = {2015},
 issn = {1946-6226},
 pages = {1:1--1:5},
 articleno = {1},
 numpages = {5},
 url = {http://doi.acm.org/10.1145/2724759},
 doi = {10.1145/2724759},
 acmid = {2724759},
 publisher = {ACM},
 address = {New York, NY, USA},
 keywords = {Web development},
}

@article{White:2013:SPO:2432596.2432618,
 author = {White, Curt M. and McCauley, Ren{\'e}e and Friedman, Rob},
 title = {Spotlight},
 journal = {ACM Inroads},
 issue_date = {March 2013},
 volume = {4},
 number = {1},
 month = mar,
 year = {2013},
 issn = {2153-2184},
 pages = {81--83},
 numpages = {3},
 url = {http://doi.acm.org/10.1145/2432596.2432618},
 doi = {10.1145/2432596.2432618},
 acmid = {2432618},
 publisher = {ACM},
 address = {New York, NY, USA},
}

@article{Blake:2011:LCF:1968521.1968547,
 author = {Blake, Jonathan D.},
 title = {Language Considerations in the First Year CS Curriculum},
 journal = {J. Comput. Sci. Coll.},
 issue_date = {June 2011},
 volume = {26},
 number = {6},
 month = jun,
 year = {2011},
 issn = {1937-4771},
 pages = {124--129},
 numpages = {6},
 url = {http://dl.acm.org/citation.cfm?id=1968521.1968547},
 acmid = {1968547},
 publisher = {Consortium for Computing Sciences in Colleges},
 address = {USA},
}

@inproceedings{Connolly:2019:FBW:3287324.3287433,
 author = {Connolly, Randy},
 title = {Facing Backwards While Stumbling Forwards: The Future of Teaching Web Development},
 booktitle = {Proceedings of the 50th ACM Technical Symposium on Computer Science Education},
 series = {SIGCSE '19},
 year = {2019},
 isbn = {978-1-4503-5890-3},
 location = {Minneapolis, MN, USA},
 pages = {518--523},
 numpages = {6},
 url = {http://doi.acm.org/10.1145/3287324.3287433},
 doi = {10.1145/3287324.3287433},
 acmid = {3287433},
 publisher = {ACM},
 address = {New York, NY, USA},
 keywords = {cloud computing, cs education, web development},
}

@inproceedings{Zander:2009:STT:1584322.1584337,
 author = {Zander, Carol and Boustedt, Jonas and McCartney, Robert and Mostr\"{o}m, Jan Erik and Sanders, Kate and Thomas, Lynda},
 title = {Student Transformations: Are They Computer Scientists Yet?},
 booktitle = {Proceedings of the Fifth International Workshop on Computing Education Research Workshop},
 series = {ICER '09},
 year = {2009},
 isbn = {978-1-60558-615-1},
 location = {Berkeley, CA, USA},
 pages = {129--140},
 numpages = {12},
 url = {http://doi.acm.org/10.1145/1584322.1584337},
 doi = {10.1145/1584322.1584337},
 acmid = {1584337},
 publisher = {ACM},
 address = {New York, NY, USA},
 keywords = {student biographies, threshold concepts, transformations},
}

@article{Adapa:2015:AAT:2767532.2749228,
 author = {Adapa, Sujana},
 title = {Authentic Assessment Tasks: Students Take a Deep Approach to Learning},
 journal = {eLearn},
 issue_date = {04-01-2015},
 volume = {2015},
 number = {April},
 month = apr,
 year = {2015},
 issn = {1535-394X},
 articleno = {1},
 url = {http://doi.acm.org/10.1145/2767532.2749228},
 doi = {10.1145/2767532.2749228},
 acmid = {2749228},
 publisher = {ACM},
 address = {New York, NY, USA},
}

@inproceedings{Pears:2011:MTE:2094131.2094135,
 author = {Pears, Arnold and Rogalli, Moritz},
 title = {mJeliot: A Tool for Enhanced Interactivity in Programming Instruction},
 booktitle = {Proceedings of the 11th Koli Calling International Conference on Computing Education Research},
 series = {Koli Calling '11},
 year = {2011},
 isbn = {978-1-4503-1052-9},
 location = {Koli, Finland},
 pages = {16--22},
 numpages = {7},
 url = {http://doi.acm.org/10.1145/2094131.2094135},
 doi = {10.1145/2094131.2094135},
 acmid = {2094135},
 publisher = {ACM},
 address = {New York, NY, USA},
 keywords = {assessment, learning outcomes, project based learning},
}

@proceedings{Sheard:2016:2999541,
 title = {Koli Calling '16: Proceedings of the 16th Koli Calling International Conference on Computing Education Research},
 year = {2016},
 isbn = {978-1-4503-4770-9},
 location = {Koli, Finland},
 publisher = {ACM},
 address = {New York, NY, USA},
}

@inproceedings{Dadzie:2014:SDC:2598510.2598527,
 author = {Dadzie, Aba-Sah and Benton, Laura and Vasalou, Asimina and Beale, Russell},
 title = {Situated Design for Creative, Reflective, Collaborative, Technology-mediated Learning},
 booktitle = {Proceedings of the 2014 Conference on Designing Interactive Systems},
 series = {DIS '14},
 year = {2014},
 isbn = {978-1-4503-2902-6},
 location = {Vancouver, BC, Canada},
 pages = {83--92},
 numpages = {10},
 url = {http://doi.acm.org/10.1145/2598510.2598527},
 doi = {10.1145/2598510.2598527},
 acmid = {2598527},
 publisher = {ACM},
 address = {New York, NY, USA},
 keywords = {cscl, research through design (rtd), scaffolded learning, touch surfaces, video-making},
}

@article{Clear:2011:ADC:2038876.2038878,
 author = {Clear, Tony},
 title = {Affective Dimensions of Computing Education: An 'Education As Drama' Approach?},
 journal = {ACM Inroads},
 issue_date = {December 2011},
 volume = {2},
 number = {4},
 month = dec,
 year = {2011},
 issn = {2153-2184},
 pages = {12--13},
 numpages = {2},
 url = {http://doi.acm.org/10.1145/2038876.2038878},
 doi = {10.1145/2038876.2038878},
 acmid = {2038878},
 publisher = {ACM},
 address = {New York, NY, USA},
}

@inproceedings{Zehetmeier:2015:CGD:2787622.2787753,
 author = {Zehetmeier, Daniela},
 title = {A Competence Graph to Derive Individual Learning Paths},
 booktitle = {Proceedings of the Eleventh Annual International Conference on International Computing Education Research},
 series = {ICER '15},
 year = {2015},
 isbn = {978-1-4503-3630-7},
 location = {Omaha, Nebraska, USA},
 pages = {285--286},
 numpages = {2},
 url = {http://doi.acm.org/10.1145/2787622.2787753},
 doi = {10.1145/2787622.2787753},
 acmid = {2787753},
 publisher = {ACM},
 address = {New York, NY, USA},
 keywords = {competencies, heterogeneity, higher education, learning paths, software engineering education, teaching methods},
}

@article{Sablis:2019:BLT:3303943.3218249,
 author = {\v{S}\={a}blis, Aivars and Gonzalez-Huerta, Javier and Zabardast, Ehsan and \v{S}mite, Darja},
 title = {Building LEGO Towers: An Exercise for Teaching the Challenges of Global Work},
 journal = {ACM Trans. Comput. Educ.},
 issue_date = {February 2019},
 volume = {19},
 number = {2},
 month = jan,
 year = {2019},
 issn = {1946-6226},
 pages = {15:1--15:32},
 articleno = {15},
 numpages = {32},
 url = {http://doi.acm.org/10.1145/3218249},
 doi = {10.1145/3218249},
 acmid = {3218249},
 publisher = {ACM},
 address = {New York, NY, USA},
 keywords = {Global software engineering, communication and coordination, distributed software development, distributed teams, practical exercise, teaching},
}

@inproceedings{Zander:2019:CGI:3304221.3319783,
 author = {Zander, Carol and Eckerdal, Anna and McCartney, Robert and Mostrom, Jan Erik and Sanders, Kate and Thomas, Lynda},
 title = {Copying Can Be Good: How Instructors Use Imitation in Teaching Programming},
 booktitle = {Proceedings of the 2019 ACM Conference on Innovation and Technology in Computer Science Education},
 series = {ITiCSE '19},
 year = {2019},
 isbn = {978-1-4503-6301-3},
 location = {Aberdeen, Scotland Uk},
 pages = {450--456},
 numpages = {7},
 url = {http://doi.acm.org/10.1145/3304221.3319783},
 doi = {10.1145/3304221.3319783},
 acmid = {3319783},
 publisher = {ACM},
 address = {New York, NY, USA},
 keywords = {copying, imitation, mimicry},
}

@inproceedings{Wittman:2015:BBL:2676723.2677291,
 author = {Wittman, Barry and Pretz, Jean},
 title = {Bats, Balls, and Lures: Cognitive Style in CS Education},
 booktitle = {Proceedings of the 46th ACM Technical Symposium on Computer Science Education},
 series = {SIGCSE '15},
 year = {2015},
 isbn = {978-1-4503-2966-8},
 location = {Kansas City, Missouri, USA},
 pages = {447--451},
 numpages = {5},
 url = {http://doi.acm.org/10.1145/2676723.2677291},
 doi = {10.1145/2676723.2677291},
 acmid = {2677291},
 publisher = {ACM},
 address = {New York, NY, USA},
 keywords = {cognitive bias, cognitive style, intuition},
}

@inproceedings{Barr:2012:EET:2157136.2157242,
 author = {Barr, John and Erkan, Ali},
 title = {Educating the Educator Through Computation: What GIS Can Do for Computer Science},
 booktitle = {Proceedings of the 43rd ACM Technical Symposium on Computer Science Education},
 series = {SIGCSE '12},
 year = {2012},
 isbn = {978-1-4503-1098-7},
 location = {Raleigh, North Carolina, USA},
 pages = {355--360},
 numpages = {6},
 url = {http://doi.acm.org/10.1145/2157136.2157242},
 doi = {10.1145/2157136.2157242},
 acmid = {2157242},
 publisher = {ACM},
 address = {New York, NY, USA},
 keywords = {computational thinking, education, experience report, gis, integrative learning, spatial data processing},
}

@inproceedings{Kules:2016:CTC:3017447.3017539,
 author = {Kules, Bill},
 title = {Computational Thinking is Critical Thinking: Connecting to University Discourse, Goals, and Learning Outcomes},
 booktitle = {Proceedings of the 79th ASIS\&T Annual Meeting: Creating Knowledge, Enhancing Lives Through Information \& Technology},
 series = {ASIST '16},
 year = {2016},
 location = {Copenhagen, Denmark},
 pages = {92:1--92:6},
 articleno = {92},
 numpages = {6},
 url = {http://dl.acm.org/citation.cfm?id=3017447.3017539},
 acmid = {3017539},
 publisher = {American Society for Information Science},
 address = {Silver Springs, MD, USA},
 keywords = {computational thinking, critical thinking, curriculum, education, student learning outcomes},
}

@inproceedings{Trim:2017:IEA:3121113.3121219,
 author = {Trim, Michelle},
 title = {Increasing Ethical Awareness in [Future] Software Developers Using Audience-based Writing},
 booktitle = {Proceedings of the 35th ACM International Conference on the Design of Communication},
 series = {SIGDOC '17},
 year = {2017},
 isbn = {978-1-4503-5160-7},
 location = {Halifax, Nova Scotia, Canada},
 pages = {30:1--30:5},
 articleno = {30},
 numpages = {5},
 url = {http://doi.acm.org/10.1145/3121113.3121219},
 doi = {10.1145/3121113.3121219},
 acmid = {3121219},
 publisher = {ACM},
 address = {New York, NY, USA},
 keywords = {computer science education, ethics, technical communication, usability, writing},
}

@inproceedings{Strahm:2018:GMA:3196709.3196727,
 author = {Strahm, Brendan and Gray, Colin M. and Vorvoreanu, Mihaela},
 title = {Generating Mobile Application Onboarding Insights Through Minimalist Instruction},
 booktitle = {Proceedings of the 2018 Designing Interactive Systems Conference},
 series = {DIS '18},
 year = {2018},
 isbn = {978-1-4503-5198-0},
 location = {Hong Kong, China},
 pages = {361--372},
 numpages = {12},
 url = {http://doi.acm.org/10.1145/3196709.3196727},
 doi = {10.1145/3196709.3196727},
 acmid = {3196727},
 publisher = {ACM},
 address = {New York, NY, USA},
 keywords = {design methods, minimalist instruction, mobile., onboarding, user experience},
}

@inproceedings{Hubwieser:2012:TDE:2481449.2481464,
 author = {Hubwieser, Peter and Zendler, Andreas},
 title = {How Teachers in Different Educational Systems Value Central Concepts of Computer Science},
 booktitle = {Proceedings of the 7th Workshop in Primary and Secondary Computing Education},
 series = {WiPSCE '12},
 year = {2012},
 isbn = {978-1-4503-1787-0},
 location = {Hamburg, Germany},
 pages = {62--69},
 numpages = {8},
 url = {http://doi.acm.org/10.1145/2481449.2481464},
 doi = {10.1145/2481449.2481464},
 acmid = {2481464},
 publisher = {ACM},
 address = {New York, NY, USA},
 keywords = {central concepts, computer science education, subject domain knowledge, teacher education},
}

@inproceedings{Allgair:1988:CAC:62882.62923,
 author = {Allgair, R. M. and Evans, D. S.},
 title = {A Comprehensive Approach to a Connectivity Audit, or a Fruitful Comparison of Apples and Oranges},
 booktitle = {Papers on Twenty-five Years of Electronic Design Automation},
 series = {25 years of DAC},
 year = {1988},
 isbn = {0-89791-267-5},
 pages = {348--357},
 numpages = {10},
 url = {http://doi.acm.org/10.1145/62882.62923},
 doi = {10.1145/62882.62923},
 acmid = {62923},
 publisher = {ACM},
 address = {New York, NY, USA},
}

@inproceedings{Otero:2013:PSS:2523429.2523475,
 author = {Otero, Nuno and Alissandrakis, Aris and M\"{u}ller, Maximiliian and Milrad, Marcelo and Lencastre, Jos{\'e} Alberto and Casal, Jo\~{a}o and Jos{\'e}, Rui},
 title = {Promoting Secondary School Learners' Curiosity Towards Science Through Digital Public Displays},
 booktitle = {Proceedings of International Conference on Making Sense of Converging Media},
 series = {AcademicMindTrek '13},
 year = {2013},
 isbn = {978-1-4503-1992-8},
 location = {Tampere, Finland},
 pages = {204:204--204:210},
 articleno = {204},
 numpages = {7},
 url = {http://doi.acm.org/10.1145/2523429.2523475},
 doi = {10.1145/2523429.2523475},
 acmid = {2523475},
 publisher = {ACM},
 address = {New York, NY, USA},
 keywords = {Technology-enhanced learning, participatory design, public displays, videos},
}

@Article{McCartney:2015:2742853,
 editor = {McCartney, Robert and Tenenberg, Josh},
 journal = {Trans. Comput. Educ.},
 year = {2015},
 volume = {15},
 number = {1},
 issue_date = {March 2015},
 issue_description = {Special Issue on Web Development},
 publisher = {ACM},
 address = {New York, NY, USA},
}

@inproceedings{Burchfield:2007:AHA:1248054.1248073,
 author = {Burchfield, T. Ryan and Venkatesan, S.},
 title = {Accelerometer-based Human Abnormal Movement Detection in Wireless Sensor Networks},
 booktitle = {Proceedings of the 1st ACM SIGMOBILE International Workshop on Systems and Networking Support for Healthcare and Assisted Living Environments},
 series = {HealthNet '07},
 year = {2007},
 isbn = {978-1-59593-767-4},
 location = {San Juan, Puerto Rico},
 pages = {67--69},
 numpages = {3},
 url = {http://doi.acm.org/10.1145/1248054.1248073},
 doi = {10.1145/1248054.1248073},
 acmid = {1248073},
 publisher = {ACM},
 address = {New York, NY, USA},
 keywords = {accelerometer, movement detection, wireless biomedical sensor network},
}

@inproceedings{Sorva:2010:UST:1930464.1930471,
 author = {Sorva, Juha and Sirki\"{a}, Teemu},
 title = {UUhistle: A Software Tool for Visual Program Simulation},
 booktitle = {Proceedings of the 10th Koli Calling International Conference on Computing Education Research},
 series = {Koli Calling '10},
 year = {2010},
 isbn = {978-1-4503-0520-4},
 location = {Koli, Finland},
 pages = {49--54},
 numpages = {6},
 url = {http://doi.acm.org/10.1145/1930464.1930471},
 doi = {10.1145/1930464.1930471},
 acmid = {1930471},
 publisher = {ACM},
 address = {New York, NY, USA},
 keywords = {UUhistle, automatic assessment, engagement, introductory programming, notional machine, program dynamics, program visualization, visual program simulation},
}

@article{Bain:2017:CPT:3054937.3043957,
 author = {Bain, Gillian M. and Wilson, Graham},
 title = {CONVERGENT PATHWAYS IN TERTIARY EDUCATION: Everyone Deserves a Second Chance!},
 journal = {ACM Inroads},
 issue_date = {March 2017},
 volume = {8},
 number = {1},
 month = feb,
 year = {2017},
 issn = {2153-2184},
 pages = {16--18},
 numpages = {3},
 url = {http://doi.acm.org/10.1145/3043957},
 doi = {10.1145/3043957},
 acmid = {3043957},
 publisher = {ACM},
 address = {New York, NY, USA},
}

@inproceedings{Chung:2002:TMU:584792.584892,
 author = {Chung, Christina Yip and Lieu, Raymond and Liu, Jinhui and Luk, Alpha and Mao, Jianchang and Raghavan, Prabhakar},
 title = {Thematic Mapping - from Unstructured Documents to Taxonomies},
 booktitle = {Proceedings of the Eleventh International Conference on Information and Knowledge Management},
 series = {CIKM '02},
 year = {2002},
 isbn = {1-58113-492-4},
 location = {McLean, Virginia, USA},
 pages = {608--610},
 numpages = {3},
 url = {http://doi.acm.org/10.1145/584792.584892},
 doi = {10.1145/584792.584892},
 acmid = {584892},
 publisher = {ACM},
 address = {New York, NY, USA},
 keywords = {clustering and labeling, concept discovery, concept tree construction and visualization, conceptual search, thematic mapping},
}

@inproceedings{Kay:2018:DMS:3279720.3279738,
 author = {Kay, Andrew and Wong, Shun Ha Sylvia},
 title = {Discovering Missing Stages in the Teaching of Algorithm Analysis: An APOS-based Study},
 booktitle = {Proceedings of the 18th Koli Calling International Conference on Computing Education Research},
 series = {Koli Calling '18},
 year = {2018},
 isbn = {978-1-4503-6535-2},
 location = {Koli, Finland},
 pages = {18:1--18:5},
 articleno = {18},
 numpages = {5},
 url = {http://doi.acm.org/10.1145/3279720.3279738},
 doi = {10.1145/3279720.3279738},
 acmid = {3279738},
 publisher = {ACM},
 address = {New York, NY, USA},
 keywords = {APOS theory, algorithm analysis, computing education},
}

@article{Yadin:2013:UUA:2432596.2432612,
 author = {Yadin, Aharon},
 title = {Using Unique Assignments for Reducing the Bimodal Grade Distribution},
 journal = {ACM Inroads},
 issue_date = {March 2013},
 volume = {4},
 number = {1},
 month = mar,
 year = {2013},
 issn = {2153-2184},
 pages = {38--42},
 numpages = {5},
 url = {http://doi.acm.org/10.1145/2432596.2432612},
 doi = {10.1145/2432596.2432612},
 acmid = {2432612},
 publisher = {ACM},
 address = {New York, NY, USA},
 keywords = {bimodal distribution, individual and unique assignments, learning habits},
}

@inproceedings{Allgair:1977:CAC:800262.809148,
 author = {Allgair, R. M. and Evans, D. S.},
 title = {A Comprehensive Approach to a Connectivity Audit, or a Fruitful Comparison of Apples and Oranges},
 booktitle = {Proceedings of the 14th Design Automation Conference},
 series = {DAC '77},
 year = {1977},
 pages = {312--321},
 numpages = {10},
 url = {http://dl.acm.org/citation.cfm?id=800262.809148},
 acmid = {809148},
 publisher = {IEEE Press},
 address = {Piscataway, NJ, USA},
}

@inproceedings{Malmi:2010:CRC:1839594.1839597,
 author = {Malmi, Lauri and Sheard, Judy and Simon and Bednarik, Roman and Helminen, Juha and Korhonen, Ari and Myller, Niko and Sorva, Juha and Taherkhani, Ahmad},
 title = {Characterizing Research in Computing Education: A Preliminary Analysis of the Literature},
 booktitle = {Proceedings of the Sixth International Workshop on Computing Education Research},
 series = {ICER '10},
 year = {2010},
 isbn = {978-1-4503-0257-9},
 location = {Aarhus, Denmark},
 pages = {3--12},
 numpages = {10},
 url = {http://doi.acm.org/10.1145/1839594.1839597},
 doi = {10.1145/1839594.1839597},
 acmid = {1839597},
 publisher = {ACM},
 address = {New York, NY, USA},
 keywords = {classifying publications, computing education, research methods},
}

@article{Graja:2015:SFK:2872461.2872479,
 author = {Graja, M. and Jaoua, M. and Belguith, L. Hadrich},
 title = {Statistical Framework with Knowledge Base Integration for Robust Speech Understanding of the Tunisian Dialect},
 journal = {IEEE/ACM Trans. Audio, Speech and Lang. Proc.},
 issue_date = {December 2015},
 volume = {23},
 number = {12},
 month = dec,
 year = {2015},
 issn = {2329-9290},
 pages = {2311--2321},
 numpages = {11},
 url = {http://dx.doi.org/10.1109/TASLP.2015.2464687},
 doi = {10.1109/TASLP.2015.2464687},
 acmid = {2872479},
 publisher = {IEEE Press},
 address = {Piscataway, NJ, USA},
 keywords = {conditional random field (CRF), domain ontology, knowledge base, speech understanding, statistical models, tunisian dialect (TD)},
}

@article{Mesterharm:2003:TLC:945365.964296,
 author = {Mesterharm, Chris},
 title = {Tracking Linear-threshold Concepts with Winnow},
 journal = {J. Mach. Learn. Res.},
 issue_date = {12/1/2003},
 volume = {4},
 month = dec,
 year = {2003},
 issn = {1532-4435},
 pages = {819--838},
 numpages = {20},
 url = {http://dl.acm.org/citation.cfm?id=945365.964296},
 acmid = {964296},
 publisher = {JMLR.org},
}

@inproceedings{Enstrom:2010:CLW:1822090.1822118,
 author = {Enstr\"{o}m, Emma and Kann, Viggo},
 title = {Computer Lab Work on Theory},
 booktitle = {Proceedings of the Fifteenth Annual Conference on Innovation and Technology in Computer Science Education},
 series = {ITiCSE '10},
 year = {2010},
 isbn = {978-1-60558-820-9},
 location = {Bilkent, Ankara, Turkey},
 pages = {93--97},
 numpages = {5},
 url = {http://doi.acm.org/10.1145/1822090.1822118},
 doi = {10.1145/1822090.1822118},
 acmid = {1822118},
 publisher = {ACM},
 address = {New York, NY, USA},
 keywords = {computer lab work, learning theoretical computer science, reductions},
}

@inproceedings{Friend:2013:EED:2493394.2493413,
 author = {Friend, Michelle and Cutler, Robert},
 title = {Efficient Egg Drop Contests: How Middle School Girls Think About Algorithmic Efficiency},
 booktitle = {Proceedings of the Ninth Annual International ACM Conference on International Computing Education Research},
 series = {ICER '13},
 year = {2013},
 isbn = {978-1-4503-2243-0},
 location = {San Diego, San California, USA},
 pages = {99--106},
 numpages = {8},
 url = {http://doi.acm.org/10.1145/2493394.2493413},
 doi = {10.1145/2493394.2493413},
 acmid = {2493413},
 publisher = {ACM},
 address = {New York, NY, USA},
 keywords = {algorithmic efficiency, computational thinking, k-12, middle school},
}

@inproceedings{Ohrndorf:2013:MPC:2532748.2532758,
 author = {Ohrndorf, Laura and Schubert, Sigrid},
 title = {Measurement of Pedagogical Content Knowledge: Students' Knowledge and Conceptions},
 booktitle = {Proceedings of the 8th Workshop in Primary and Secondary Computing Education},
 series = {WiPSE '13},
 year = {2013},
 isbn = {978-1-4503-2455-7},
 location = {Aarhus, Denmark},
 pages = {104--107},
 numpages = {4},
 url = {http://doi.acm.org/10.1145/2532748.2532758},
 doi = {10.1145/2532748.2532758},
 acmid = {2532758},
 publisher = {ACM},
 address = {New York, NY, USA},
 keywords = {computer science teachers, errors, misconceptions, pedagogical content knowledge},
}

@proceedings{Hamilton:2009:1862712,
 editor = {Hamilton, Margaret and Clear, Tony},
 title = {ACE '09: Proceedings of the Eleventh Australasian Conference on Computing Education - Volume 95},
 year = {2009},
 isbn = {978-1-920682-76-7},
 issn = {1445-1336},
 location = {Wellington, New Zealand},
 publisher = {Australian Computer Society, Inc.},
 address = {Darlinghurst, Australia, Australia},
}

@inproceedings{Psycharis:2017:DSI:3160908.3160918,
 author = {Psycharis, Sarantos and Kotzampasaki, Evangelia},
 title = {A Didactic Scenario for Implementation of Computational Thinking Using Inquiry Game Learning},
 booktitle = {Proceedings of the 2017 International Conference on Education and E-Learning},
 series = {ICEEL 2017},
 year = {2017},
 isbn = {978-1-4503-5377-9},
 location = {Bangkok, Thailand},
 pages = {26--29},
 numpages = {4},
 url = {http://doi.acm.org/10.1145/3160908.3160918},
 doi = {10.1145/3160908.3160918},
 acmid = {3160918},
 publisher = {ACM},
 address = {New York, NY, USA},
 keywords = {Arduino, Computational Experiment, Computational Thinking, Ejs, STEM},
}

@inproceedings{Rahman:2017:TFF:3171592.3171606,
 author = {Rahman, Fatin Hamadah and Au, Thien Wan and Newaz, S. H. Shah and Suhaili, Wida Susanty},
 title = {Trustworthiness in Fog: A Fuzzy Approach},
 booktitle = {Proceedings of the 2017 VI International Conference on Network, Communication and Computing},
 series = {ICNCC 2017},
 year = {2017},
 isbn = {978-1-4503-5366-3},
 location = {Kunming, China},
 pages = {207--211},
 numpages = {5},
 url = {http://doi.acm.org/10.1145/3171592.3171606},
 doi = {10.1145/3171592.3171606},
 acmid = {3171606},
 publisher = {ACM},
 address = {New York, NY, USA},
 keywords = {Keywords - Fog computing, fuzzy logic, trust evaluation},
}

@inproceedings{Bylander:1993:PLL:168304.168356,
 author = {Bylander, Tom},
 title = {Polynomial Learnability of Linear Threshold Approximations},
 booktitle = {Proceedings of the Sixth Annual Conference on Computational Learning Theory},
 series = {COLT '93},
 year = {1993},
 isbn = {0-89791-611-5},
 location = {Santa Cruz, California, USA},
 pages = {297--302},
 numpages = {6},
 url = {http://doi.acm.org/10.1145/168304.168356},
 doi = {10.1145/168304.168356},
 acmid = {168356},
 publisher = {ACM},
 address = {New York, NY, USA},
}

@article{Coffey:2016:IRA:2904298.2904303,
 author = {Coffey, John W. and Owsnicki, Bernd},
 title = {Introducing a Reflective Activity into the Design Process in an Advanced Computer Programming Course},
 journal = {J. Comput. Sci. Coll.},
 issue_date = {May 2016},
 volume = {31},
 number = {5},
 month = may,
 year = {2016},
 issn = {1937-4771},
 pages = {29--37},
 numpages = {9},
 url = {http://dl.acm.org/citation.cfm?id=2904298.2904303},
 acmid = {2904303},
 publisher = {Consortium for Computing Sciences in Colleges},
 address = {USA},
}

@inproceedings{Chaib:2012:UAR:2387218.2387233,
 author = {Chaib, Noureddine and Lagraa, Nasreddine and Yagoubi, Mohamed and Lakas, Abderrahmane},
 title = {Unthresholded Adaptive Revocation Technique in Mobile Ad Hoc Networks},
 booktitle = {Proceedings of the 8H ACM Symposium on QoS and Security for Wireless and Mobile Networks},
 series = {Q2SWinet '12},
 year = {2012},
 isbn = {978-1-4503-1619-4},
 location = {Paphos, Cyprus},
 pages = {75--78},
 numpages = {4},
 url = {http://doi.acm.org/10.1145/2387218.2387233},
 doi = {10.1145/2387218.2387233},
 acmid = {2387233},
 publisher = {ACM},
 address = {New York, NY, USA},
 keywords = {distributed revocation, manet, secure routing},
}

@article{Tedre:2018:CED:3282570.3265887,
 author = {Tedre, Matti},
 title = {Computing As an Evolving Discipline},
 journal = {XRDS},
 issue_date = {Fall 2018},
 volume = {25},
 number = {1},
 month = oct,
 year = {2018},
 issn = {1528-4972},
 pages = {18--21},
 numpages = {4},
 url = {http://doi.acm.org/10.1145/3265887},
 doi = {10.1145/3265887},
 acmid = {3265887},
 publisher = {ACM},
 address = {New York, NY, USA},
}

@article{Bloch:2013:FGP:2535418.2535442,
 author = {Bloch, Stephen and Stemkoski, Lee},
 title = {Functional Game Programming in Java-based CS1},
 journal = {J. Comput. Sci. Coll.},
 issue_date = {December 2013},
 volume = {29},
 number = {2},
 month = dec,
 year = {2013},
 issn = {1937-4771},
 pages = {154--161},
 numpages = {8},
 url = {http://dl.acm.org/citation.cfm?id=2535418.2535442},
 acmid = {2535442},
 publisher = {Consortium for Computing Sciences in Colleges},
 address = {USA},
}

@inproceedings{Nelson:2018:UTC:3230977.3230992,
 author = {Nelson, Greg L. and Ko, Andrew J.},
 title = {On Use of Theory in Computing Education Research},
 booktitle = {Proceedings of the 2018 ACM Conference on International Computing Education Research},
 series = {ICER '18},
 year = {2018},
 isbn = {978-1-4503-5628-2},
 location = {Espoo, Finland},
 pages = {31--39},
 numpages = {9},
 url = {http://doi.acm.org/10.1145/3230977.3230992},
 doi = {10.1145/3230977.3230992},
 acmid = {3230992},
 publisher = {ACM},
 address = {New York, NY, USA},
 keywords = {cognitive load theory, design, design science, domain-specific theory, peer review, publication bias, theory},
}

@inproceedings{Daniels:2012:MMC:2483716.2483728,
 author = {Daniels, Mats and Pears, Arnold},
 title = {Models and Methods for Computing Education Research},
 booktitle = {Proceedings of the Fourteenth Australasian Computing Education Conference - Volume 123},
 series = {ACE '12},
 year = {2012},
 isbn = {978-1-921770-04-3},
 location = {Melbourne, Australia},
 pages = {95--102},
 numpages = {8},
 url = {http://dl.acm.org/citation.cfm?id=2483716.2483728},
 acmid = {2483728},
 publisher = {Australian Computer Society, Inc.},
 address = {Darlinghurst, Australia, Australia},
 keywords = {educational research, paradigm, research framework},
}

@inproceedings{Schwartzman:2009:NSD:1584322.1584333,
 author = {Schwartzman, Leslie},
 title = {On the Nature of Student Defensiveness: Theory and Feedback from a Software Design Course},
 booktitle = {Proceedings of the Fifth International Workshop on Computing Education Research Workshop},
 series = {ICER '09},
 year = {2009},
 isbn = {978-1-60558-615-1},
 location = {Berkeley, CA, USA},
 pages = {81--92},
 numpages = {12},
 url = {http://doi.acm.org/10.1145/1584322.1584333},
 doi = {10.1145/1584322.1584333},
 acmid = {1584333},
 publisher = {ACM},
 address = {New York, NY, USA},
 keywords = {confusion, defensiveness, fixed unknowing, phenomenology, reflectiveness, rupture in knowing, transformative learning, will to authenticity},
}

@inproceedings{Sorva:2014:RDF:2674683.2674690,
 author = {Sorva, Juha and Sepp\"{a}l\"{a}, Otto},
 title = {Research-based Design of the First Weeks of CS1},
 booktitle = {Proceedings of the 14th Koli Calling International Conference on Computing Education Research},
 series = {Koli Calling '14},
 year = {2014},
 isbn = {978-1-4503-3065-7},
 location = {Koli, Finland},
 pages = {71--80},
 numpages = {10},
 url = {http://doi.acm.org/10.1145/2674683.2674690},
 doi = {10.1145/2674683.2674690},
 acmid = {2674690},
 publisher = {ACM},
 address = {New York, NY, USA},
 keywords = {CS1, cognitive load, instructional design, notional machines, objects early, program visualization, project-driven learning},
}

@inproceedings{Muller:2014:EUP:2677972.2677983,
 author = {M\"{u}ller, Maximilian and Otero, Nuno and Alissandrakis, Aris and Milrad, Marcelo},
 title = {Evaluating Usage Patterns and Adoption of an Interactive Video Installation on Public Displays in School Contexts},
 booktitle = {Proceedings of the 13th International Conference on Mobile and Ubiquitous Multimedia},
 series = {MUM '14},
 year = {2014},
 isbn = {978-1-4503-3304-7},
 location = {Melbourne, Victoria, Australia},
 pages = {160--169},
 numpages = {10},
 url = {http://doi.acm.org/10.1145/2677972.2677983},
 doi = {10.1145/2677972.2677983},
 acmid = {2677983},
 publisher = {ACM},
 address = {New York, NY, USA},
 keywords = {field study, in-situ evaluation, public display, technology-enhanced learning, usage patterns, video installation},
}

@article{Nelson:2019:JHA:3312531.3306153,
 author = {Nelson, Greg L. and Ko, Andrew J.},
 title = {John Henry AWARD: On Use of Theory in Computing Education Research},
 journal = {ACM Inroads},
 issue_date = {March 2019},
 volume = {10},
 number = {1},
 month = feb,
 year = {2019},
 issn = {2153-2184},
 pages = {74--83},
 numpages = {10},
 url = {http://doi.acm.org/10.1145/3306153},
 doi = {10.1145/3306153},
 acmid = {3306153},
 publisher = {ACM},
 address = {New York, NY, USA},
}

@inproceedings{Cai:1999:ADR:301429.301461,
 author = {Cai, Wentong and Lee, Francis B. S. and Chen, L.},
 title = {An Auto-adaptive Dead Reckoning Algorithm for Distributed Interactive Simulation},
 booktitle = {Proceedings of the Thirteenth Workshop on Parallel and Distributed Simulation},
 series = {PADS '99},
 year = {1999},
 isbn = {0-7695-0155-9},
 location = {Atlanta, Georgia, USA},
 pages = {82--89},
 numpages = {8},
 url = {http://dl.acm.org/citation.cfm?id=301429.301461},
 acmid = {301461},
 publisher = {IEEE Computer Society},
 address = {Washington, DC, USA},
 keywords = {Distributed Interactive Simulation (DIS), Dead Reckoning, Relevance Filtering, Extrapolation, Area of Interest (AOI), Sensitive Region (SR), Multi-level Threshold, Adaptive Algorithm.},
}

@article{Clear:2019:GSE:3303943.3294011,
 author = {Clear, Tony and Beecham, Sarah},
 title = {Global Software Engineering Education Practice Continuum Special Issue of the ACM Transactions on Computing Education},
 journal = {ACM Trans. Comput. Educ.},
 issue_date = {February 2019},
 volume = {19},
 number = {2},
 month = jan,
 year = {2019},
 issn = {1946-6226},
 pages = {7:1--7:8},
 articleno = {7},
 numpages = {8},
 url = {http://doi.acm.org/10.1145/3294011},
 doi = {10.1145/3294011},
 acmid = {3294011},
 publisher = {ACM},
 address = {New York, NY, USA},
}

@inproceedings{Corney:2010:ESP:1862219.1862230,
 author = {Corney, Malcolm and Teague, Donna and Thomas, Richard N.},
 title = {Engaging Students in Programming},
 booktitle = {Proceedings of the Twelfth Australasian Conference on Computing Education - Volume 103},
 series = {ACE '10},
 year = {2010},
 isbn = {978-1-920682-84-2},
 location = {Brisbane, Australia},
 pages = {63--72},
 numpages = {10},
 url = {http://dl.acm.org/citation.cfm?id=1862219.1862230},
 acmid = {1862230},
 publisher = {Australian Computer Society, Inc.},
 address = {Darlinghurst, Australia, Australia},
 keywords = {IT course, attrition, introductory programming, student engagement},
}

@inproceedings{Cutts:2014:CSF:2670757.2670780,
 author = {Cutts, Quintin and Connor, Richard and Michaelson, Greg and Donaldson, Peter},
 title = {Code or (Not Code): Separating Formal and Natural Language in CS Education},
 booktitle = {Proceedings of the 9th Workshop in Primary and Secondary Computing Education},
 series = {WiPSCE '14},
 year = {2014},
 isbn = {978-1-4503-3250-7},
 location = {Berlin, Germany},
 pages = {20--28},
 numpages = {9},
 url = {http://doi.acm.org/10.1145/2670757.2670780},
 doi = {10.1145/2670757.2670780},
 acmid = {2670780},
 publisher = {ACM},
 address = {New York, NY, USA},
 keywords = {assessment, comprehension, language, program, pseudo-code, reference},
}

@inproceedings{DeRaffaele:2018:ATU:3172944.3172976,
 author = {De Raffaele, Clifford and Smith, Serengul and Gemikonakli, Orhan},
 title = {An Active Tangible User Interface Framework for Teaching and Learning Artificial Intelligence},
 booktitle = {23rd International Conference on Intelligent User Interfaces},
 series = {IUI '18},
 year = {2018},
 isbn = {978-1-4503-4945-1},
 location = {Tokyo, Japan},
 pages = {535--546},
 numpages = {12},
 url = {http://doi.acm.org/10.1145/3172944.3172976},
 doi = {10.1145/3172944.3172976},
 acmid = {3172976},
 publisher = {ACM},
 address = {New York, NY, USA},
 keywords = {artificial neural networks., computer-aided instruction, higher education, tangible user interface},
}

@inproceedings{Schulte:2018:FCE:3279720.3279733,
 author = {Schulte, Carsten and Budde, Lea},
 title = {A Framework for Computing Education: Hybrid Interaction System: The Need for a Bigger Picture in Computing Education},
 booktitle = {Proceedings of the 18th Koli Calling International Conference on Computing Education Research},
 series = {Koli Calling '18},
 year = {2018},
 isbn = {978-1-4503-6535-2},
 location = {Koli, Finland},
 pages = {12:1--12:10},
 articleno = {12},
 numpages = {10},
 url = {http://doi.acm.org/10.1145/3279720.3279733},
 doi = {10.1145/3279720.3279733},
 acmid = {3279733},
 publisher = {ACM},
 address = {New York, NY, USA},
 keywords = {Bildung, Framework, Hybrid Interaction System, Philosophy and Purpose of Computing Education, computing education, digital artefact, reciprocal interaction, self-perception, world-perception},
}

@inproceedings{Ul-Abdin:2015:TTE:2795122.2795130,
 author = {Ul-Abdin, Zain and Svensson, Bertil},
 title = {Towards Teaching Embedded Parallel Computing: An Analytical Approach},
 booktitle = {Proceedings of the Workshop on Computer Architecture Education},
 series = {WCAE '15},
 year = {2015},
 isbn = {978-1-4503-3717-5},
 location = {Portland, Oregon},
 pages = {8:1--8:6},
 articleno = {8},
 numpages = {6},
 url = {http://doi.acm.org/10.1145/2795122.2795130},
 doi = {10.1145/2795122.2795130},
 acmid = {2795130},
 publisher = {ACM},
 address = {New York, NY, USA},
 keywords = {component, embedded, manycore, multicore, university course},
}

@inproceedings{DeRaffaele:2017:EET:3178298.3178299,
 author = {De Raffaele, Clifford and Smith, Serengul and Gemikonakli, Orhan},
 title = {Enabling the Effective Teaching and Learning of Advanced Robotics in Higher Education Using an Active TUI Framework},
 booktitle = {Proceedings of the 3rd Africa and Middle East Conference on Software Engineering},
 series = {AMECSE '17},
 year = {2017},
 isbn = {978-1-4503-5512-4},
 location = {Cairo, Egypt},
 pages = {7--12},
 numpages = {6},
 url = {http://doi.acm.org/10.1145/3178298.3178299},
 doi = {10.1145/3178298.3178299},
 acmid = {3178299},
 publisher = {ACM},
 address = {New York, NY, USA},
 keywords = {Active Tangible User Interface, Educational Technology, Embedded Interaction, Higher Education, Robot Operating System},
}

@inproceedings{Thevathayan:2015:SDN:2729094.2742609,
 author = {Thevathayan, Charles and Hamilton, Margaret},
 title = {Supporting Diverse Novice Programming Cohorts Through Flexible and Incremental Visual Constructivist Pathways},
 booktitle = {Proceedings of the 2015 ACM Conference on Innovation and Technology in Computer Science Education},
 series = {ITiCSE '15},
 year = {2015},
 isbn = {978-1-4503-3440-2},
 location = {Vilnius, Lithuania},
 pages = {296--301},
 numpages = {6},
 url = {http://doi.acm.org/10.1145/2729094.2742609},
 doi = {10.1145/2729094.2742609},
 acmid = {2742609},
 publisher = {ACM},
 address = {New York, NY, USA},
 keywords = {constructivism, diversity in the classroom, learning programming, motivation, visualisation},
}

@inproceedings{Rao:2016:DDC:2979779.2979822,
 author = {Rao, Annaluri Sreenivasa and Ramakrishna, S.},
 title = {DCCSR: Document Clustering by Conceptual and Semantic Relevance As Factors of Unsupervised Learning},
 booktitle = {Proceedings of the International Conference on Advances in Information Communication Technology \& Computing},
 series = {AICTC '16},
 year = {2016},
 isbn = {978-1-4503-4213-1},
 location = {Bikaner, India},
 pages = {43:1--43:6},
 articleno = {43},
 numpages = {6},
 url = {http://doi.acm.org/10.1145/2979779.2979822},
 doi = {10.1145/2979779.2979822},
 acmid = {2979822},
 publisher = {ACM},
 address = {New York, NY, USA},
 keywords = {Document classification, accuracy, classifiers, clustering algorithms, document clustering, similarity measure},
}

@inproceedings{Coffey:2017:SUR:3017680.3017770,
 author = {Coffey, John W.},
 title = {A Study of the Use of a Reflective Activity to Improve Students' Software Design Capabilities},
 booktitle = {Proceedings of the 2017 ACM SIGCSE Technical Symposium on Computer Science Education},
 series = {SIGCSE '17},
 year = {2017},
 isbn = {978-1-4503-4698-6},
 location = {Seattle, Washington, USA},
 pages = {129--134},
 numpages = {6},
 url = {http://doi.acm.org/10.1145/3017680.3017770},
 doi = {10.1145/3017680.3017770},
 acmid = {3017770},
 publisher = {ACM},
 address = {New York, NY, USA},
 keywords = {final design, preliminary design, reflection, reflective activity, software design},
}

@inproceedings{Sellak:2015:URC:2837185.2837279,
 author = {Sellak, Hamza and Ouhbi, Brahim and Frikh, Bouchra},
 title = {Using Rule-based Classifiers in Systematic Reviews: A Semantic Class Association Rules Approach},
 booktitle = {Proceedings of the 17th International Conference on Information Integration and Web-based Applications \& Services},
 series = {iiWAS '15},
 year = {2015},
 isbn = {978-1-4503-3491-4},
 location = {Brussels, Belgium},
 pages = {43:1--43:5},
 articleno = {43},
 numpages = {5},
 url = {http://doi.acm.org/10.1145/2837185.2837279},
 doi = {10.1145/2837185.2837279},
 acmid = {2837279},
 publisher = {ACM},
 address = {New York, NY, USA},
 keywords = {class association rules, feature selection methods, semantic association rules, systematic reviews, text classification},
}

@inproceedings{Cho:2008:PET:1402050.1402053,
 author = {Cho, YongHyun and Son, Jihoon and Chung, Yon Dohn},
 title = {POT: An Efficient Top-k Monitoring Method for Spatially Correlated Sensor Readings},
 booktitle = {Proceedings of the 5th Workshop on Data Management for Sensor Networks},
 series = {DMSN '08},
 year = {2008},
 isbn = {978-1-60558-284-9},
 location = {Auckland, New Zealand},
 pages = {8--13},
 numpages = {6},
 url = {http://doi.acm.org/10.1145/1402050.1402053},
 doi = {10.1145/1402050.1402053},
 acmid = {1402053},
 publisher = {ACM},
 address = {New York, NY, USA},
 keywords = {sensor networks, top-<i>k</i> monitoring},
}

@inproceedings{Wang:2008:STT:1414558.1414609,
 author = {Wang, Andy Ju An},
 title = {A Security Thread in a Thread-based Curriculum},
 booktitle = {Proceedings of the 9th ACM SIGITE Conference on Information Technology Education},
 series = {SIGITE '08},
 year = {2008},
 isbn = {978-1-60558-329-7},
 location = {Cincinnati, OH, USA},
 pages = {193--200},
 numpages = {8},
 url = {http://doi.acm.org/10.1145/1414558.1414609},
 doi = {10.1145/1414558.1414609},
 acmid = {1414609},
 publisher = {ACM},
 address = {New York, NY, USA},
 keywords = {information assurance education, information security, it curriculum, threads model},
}

@inproceedings{Kaijanaho:2017:TMD:3141880.3141893,
 author = {Kaijanaho, Antti-Juhani},
 title = {Teaching Master's Degree Students to Read Research Literature: Experience in a Programming Languages Course 2002--2017},
 booktitle = {Proceedings of the 17th Koli Calling International Conference on Computing Education Research},
 series = {Koli Calling '17},
 year = {2017},
 isbn = {978-1-4503-5301-4},
 location = {Koli, Finland},
 pages = {143--147},
 numpages = {5},
 url = {http://doi.acm.org/10.1145/3141880.3141893},
 doi = {10.1145/3141880.3141893},
 acmid = {3141893},
 publisher = {ACM},
 address = {New York, NY, USA},
 keywords = {content analysis, critical reading, critical thinking, evidence-based practice, evidence-based programming language design, flipped classroom, pyramid discussion, qualitative research, science literacy},
}

@inproceedings{Ahadi:2013:GGP:2493394.2493416,
 author = {Ahadi, Alireza and Lister, Raymond},
 title = {Geek Genes, Prior Knowledge, Stumbling Points and Learning Edge Momentum: Parts of the One Elephant?},
 booktitle = {Proceedings of the Ninth Annual International ACM Conference on International Computing Education Research},
 series = {ICER '13},
 year = {2013},
 isbn = {978-1-4503-2243-0},
 location = {San Diego, San California, USA},
 pages = {123--128},
 numpages = {6},
 url = {http://doi.acm.org/10.1145/2493394.2493416},
 doi = {10.1145/2493394.2493416},
 acmid = {2493416},
 publisher = {ACM},
 address = {New York, NY, USA},
 keywords = {assessment, bimodal grade distribution, cs1, learning edge momentum, programming},
}

@inproceedings{McGill:2018:MST:3174781.3174783,
 author = {McGill, Monica M. and Johnson, Chris and Atlas, James and Bouchard, Durell and Messom, Chris and Pollock, Ian and Scott, Michael James},
 title = {If Memory Serves: Towards Designing and Evaluating a Game for Teaching Pointers to Undergraduate Students},
 booktitle = {Proceedings of the 2017 ITiCSE Conference on Working Group Reports},
 series = {ITiCSE-WGR '17},
 year = {2017},
 isbn = {978-1-4503-5627-5},
 location = {Bologna, Italy},
 pages = {25--46},
 numpages = {22},
 url = {http://doi.acm.org/10.1145/3174781.3174783},
 doi = {10.1145/3174781.3174783},
 acmid = {3174783},
 publisher = {ACM},
 address = {New York, NY, USA},
 keywords = {computer memory, design, development, educational, games, learning, pointers, research methods, serious, validation framework},
}

@inproceedings{Sheard:2009:ART:1584322.1584334,
 author = {Sheard, Judy and Simon, S. and Hamilton, Margaret and L\"{o}nnberg, Jan},
 title = {Analysis of Research into the Teaching and Learning of Programming},
 booktitle = {Proceedings of the Fifth International Workshop on Computing Education Research Workshop},
 series = {ICER '09},
 year = {2009},
 isbn = {978-1-60558-615-1},
 location = {Berkeley, CA, USA},
 pages = {93--104},
 numpages = {12},
 url = {http://doi.acm.org/10.1145/1584322.1584334},
 doi = {10.1145/1584322.1584334},
 acmid = {1584334},
 publisher = {ACM},
 address = {New York, NY, USA},
 keywords = {classifying publications, computing education, research methods, teaching and learning of programming},
}

@article{Kelley:2015:TRC:2818936.2818944,
 author = {Kelley, Dean},
 title = {Technical Report Column},
 journal = {SIGACT News},
 issue_date = {September 2015},
 volume = {46},
 number = {3},
 month = sep,
 year = {2015},
 issn = {0163-5700},
 pages = {23--35},
 numpages = {13},
 url = {http://doi.acm.org/10.1145/2818936.2818944},
 doi = {10.1145/2818936.2818944},
 acmid = {2818944},
 publisher = {ACM},
 address = {New York, NY, USA},
}

@inproceedings{Zhang:2015:PSB:2695664.2695872,
 author = {Zhang, Tao and Yang, Geunseok and Lee, Byungjeong and Chan, Alvin T. S.},
 title = {Predicting Severity of Bug Report by Mining Bug Repository with Concept Profile},
 booktitle = {Proceedings of the 30th Annual ACM Symposium on Applied Computing},
 series = {SAC '15},
 year = {2015},
 isbn = {978-1-4503-3196-8},
 location = {Salamanca, Spain},
 pages = {1553--1558},
 numpages = {6},
 url = {http://doi.acm.org/10.1145/2695664.2695872},
 doi = {10.1145/2695664.2695872},
 acmid = {2695872},
 publisher = {ACM},
 address = {New York, NY, USA},
 keywords = {bug report, bug triage, concept profile, mining bug repository, severity prediction, software maintenance},
}

@inproceedings{Bergin:2016:SCA:3011784.3011808,
 author = {Bergin, Joe and Kohls, Christian and K\"{o}ppe, Christian and Mor, Yishay and Portier, Michel and Sch\"{u}mmer, Till and Warburton, Steven},
 title = {Student's Choice of Assessment},
 booktitle = {Proceedings of the 21st European Conference on Pattern Languages of Programs},
 series = {EuroPlop '16},
 year = {2016},
 isbn = {978-1-4503-4074-8},
 location = {Kaufbeuren, Germany},
 pages = {22:1--22:10},
 articleno = {22},
 numpages = {10},
 url = {http://doi.acm.org/10.1145/3011784.3011808},
 doi = {10.1145/3011784.3011808},
 acmid = {3011808},
 publisher = {ACM},
 address = {New York, NY, USA},
 keywords = {Education, assessment, educational patterns},
}

@article{Corder:2011:ISL:1835428.1835442,
 author = {Corder, Debbie and U., Alice},
 title = {Integrating Second Life to Enhance Global Intercultural Collaboration Projects},
 journal = {ACM Inroads},
 issue_date = {September 2010},
 volume = {1},
 number = {3},
 month = sep,
 year = {2011},
 issn = {2153-2184},
 pages = {43--50},
 numpages = {8},
 url = {http://doi.acm.org/10.1145/1835428.1835442},
 doi = {10.1145/1835428.1835442},
 acmid = {1835442},
 publisher = {ACM},
 address = {New York, NY, USA},
 keywords = {Second Life, avatar, blogs, critical reflection, global collaborative projects, intercultural competence, interdisciplinary, liminality, metacognitive skills, motivation, multi-user virtual environment (MUVE), self-assessment---authentic real world experience, socialisation, virtual collaboration, wikis},
}

@inproceedings{Koppe:2016:FCP:3022636.3022637,
 author = {K\"{o}ppe, Christian and Niels, Ralph and Bakker, Ren{\'e} and Hoppenbrouwers, Stijn},
 title = {Flipped Classroom Patterns: Controlling the Pace},
 booktitle = {Proceedings of the 10th Travelling Conference on Pattern Languages of Programs},
 series = {VikingPLoP '16},
 year = {2016},
 isbn = {978-1-4503-4200-1},
 location = {Leerdam, AA, Netherlands},
 pages = {1:1--1:13},
 articleno = {1},
 numpages = {13},
 url = {http://doi.acm.org/10.1145/3022636.3022637},
 doi = {10.1145/3022636.3022637},
 acmid = {3022637},
 publisher = {ACM},
 address = {New York, NY, USA},
 keywords = {Design Patterns, Educational Patterns},
}

@inproceedings{Pirro:2008:ASS:1384209.1384222,
 author = {Pirr\`{o}, Giuseppe and Ruffolo, Massimo and Talia, Domenico},
 title = {Advanced Semantic Search and Retrieval in a Collaborative Peer-to-peer System},
 booktitle = {Proceedings of the Third International Workshop on Use of P2P, Grid and Agents for the Development of Content Networks},
 series = {UPGRADE '08},
 year = {2008},
 isbn = {978-1-60558-155-2},
 location = {Boston, MA, USA},
 pages = {65--72},
 numpages = {8},
 url = {http://doi.acm.org/10.1145/1384209.1384222},
 doi = {10.1145/1384209.1384222},
 acmid = {1384222},
 publisher = {ACM},
 address = {New York, NY, USA},
 keywords = {distributed search and retrieval, ontology, ontology mapping, peer-to-peer, semantic annotation, semantic search and retrieval},
}

@inproceedings{Carrico:1998:MCM:948496.948527,
 author = {Carri\c{c}o, Lu\'{\i}s and Guimar\~{a}es, Nuno},
 title = {Manipulating Concept Maps with Constrained Regions},
 booktitle = {Proceedings of the Working Conference on Advanced Visual Interfaces},
 series = {AVI '98},
 year = {1998},
 location = {L'Aquila, Italy},
 pages = {226--234},
 numpages = {9},
 url = {http://doi.acm.org/10.1145/948496.948527},
 doi = {10.1145/948496.948527},
 acmid = {948527},
 publisher = {ACM},
 address = {New York, NY, USA},
 keywords = {concept maps, direct manipulation, visual constraints, visual languages},
}

@inproceedings{Tao:2004:SGM:1015330.1015405,
 author = {Tao, Qingping and Scott, Stephen and Vinodchandran, N. V. and Osugi, Thomas Takeo},
 title = {SVM-based Generalized Multiple-instance Learning via Approximate Box Counting},
 booktitle = {Proceedings of the Twenty-first International Conference on Machine Learning},
 series = {ICML '04},
 year = {2004},
 isbn = {1-58113-838-5},
 location = {Banff, Alberta, Canada},
 pages = {101--},
 url = {http://doi.acm.org/10.1145/1015330.1015405},
 doi = {10.1145/1015330.1015405},
 acmid = {1015405},
 publisher = {ACM},
 address = {New York, NY, USA},
}

@inproceedings{Lee:2000:RTR:62597.62620,
 author = {Lee, Y. H. and Yu, P. S. and Leff, A.},
 title = {Robust Transaction Routing in Distributed Database Systems},
 booktitle = {Proceedings of the First International Symposium on Databases in Parallel and Distributed Systems},
 series = {DPDS '88},
 year = {1988},
 isbn = {0-8186-0893-5},
 location = {Austin, Texas, USA},
 pages = {210--219},
 numpages = {10},
 url = {http://dl.acm.org/citation.cfm?id=62597.62620},
 acmid = {62620},
 publisher = {IEEE Computer Society Press},
 address = {Los Alamitos, CA, USA},
}

@inproceedings{Nisiotis:2019:RSE:3304221.3319743,
 author = {Nisiotis, Louis and Kleanthous, Styliani},
 title = {The Relationship Between Students' Engagement and the Development of Transactive Memory Systems in MUVE: An Experience Report},
 booktitle = {Proceedings of the 2019 ACM Conference on Innovation and Technology in Computer Science Education},
 series = {ITiCSE '19},
 year = {2019},
 isbn = {978-1-4503-6301-3},
 location = {Aberdeen, Scotland Uk},
 pages = {71--77},
 numpages = {7},
 url = {http://doi.acm.org/10.1145/3304221.3319743},
 doi = {10.1145/3304221.3319743},
 acmid = {3319743},
 publisher = {ACM},
 address = {New York, NY, USA},
 keywords = {cscl, engagement, transactive memory systems, virtual worlds},
}

@inproceedings{Mehlenbacher:2009:MCC:1621995.1622007,
 author = {Mehlenbacher, Brad},
 title = {Multidisciplinarity and 21st Century Communication Design},
 booktitle = {Proceedings of the 27th ACM International Conference on Design of Communication},
 series = {SIGDOC '09},
 year = {2009},
 isbn = {978-1-60558-559-8},
 location = {Bloomington, Indiana, USA},
 pages = {59--66},
 numpages = {8},
 url = {http://doi.acm.org/10.1145/1621995.1622007},
 doi = {10.1145/1621995.1622007},
 acmid = {1622007},
 publisher = {ACM},
 address = {New York, NY, USA},
 keywords = {communication, cross-disciplinary, design, education, interdisciplinary, multidisciplinary, transdisciplinary, work},
}

@inproceedings{Crescenzi:2013:TPN:2462476.2465582,
 author = {Crescenzi, Pierluigi and Enstr\"{o}m, Emma and Kann, Viggo},
 title = {From Theory to Practice: NP-completeness for Every CS Student},
 booktitle = {Proceedings of the 18th ACM Conference on Innovation and Technology in Computer Science Education},
 series = {ITiCSE '13},
 year = {2013},
 isbn = {978-1-4503-2078-8},
 location = {Canterbury, England, UK},
 pages = {16--21},
 numpages = {6},
 url = {http://doi.acm.org/10.1145/2462476.2465582},
 doi = {10.1145/2462476.2465582},
 acmid = {2465582},
 publisher = {ACM},
 address = {New York, NY, USA},
 keywords = {algorithm visualization, assessment, np-completeness, self-efficacy},
}

@inproceedings{Hanneke:2007:BLC:1273496.1273541,
 author = {Hanneke, Steve},
 title = {A Bound on the Label Complexity of Agnostic Active Learning},
 booktitle = {Proceedings of the 24th International Conference on Machine Learning},
 series = {ICML '07},
 year = {2007},
 isbn = {978-1-59593-793-3},
 location = {Corvalis, Oregon, USA},
 pages = {353--360},
 numpages = {8},
 url = {http://doi.acm.org/10.1145/1273496.1273541},
 doi = {10.1145/1273496.1273541},
 acmid = {1273541},
 publisher = {ACM},
 address = {New York, NY, USA},
}

@inproceedings{Josefek:1999:STR:299513.299630,
 author = {Josefek,Jr., Robert A. and Kauffman, Robert J.},
 title = {Separation Thresholds, Retention Frontiers, and Intervention Assessment: Human Capital in the Information Technology Workforce},
 booktitle = {Proceedings of the 1999 ACM SIGCPR Conference on Computer Personnel Research},
 series = {SIGCPR '99},
 year = {1999},
 isbn = {1-58113-063-5},
 location = {New Orleans, Louisiana, USA},
 pages = {113--124},
 numpages = {12},
 url = {http://doi.acm.org/10.1145/299513.299630},
 doi = {10.1145/299513.299630},
 acmid = {299630},
 publisher = {ACM},
 address = {New York, NY, USA},
 keywords = {IS professionals, IT human capital, binomial logit model, economic analysis, retention, retention frontiers, retention policies, separation, separation thresholds, workforce retention},
}

@inproceedings{Alwahab:2018:SSA:3193092.3193106,
 author = {Alwahab, Dhulfiqar A. and Laki, S\'{a}ndor},
 title = {A Simulation-Based Survey of Active Queue Management Algorithms},
 booktitle = {Proceedings of the 6th International Conference on Communications and Broadband Networking},
 series = {ICCBN 2018},
 year = {2018},
 isbn = {978-1-4503-6360-0},
 location = {Singapore, Singapore},
 pages = {71--77},
 numpages = {7},
 url = {http://doi.acm.org/10.1145/3193092.3193106},
 doi = {10.1145/3193092.3193106},
 acmid = {3193106},
 publisher = {ACM},
 address = {New York, NY, USA},
 keywords = {AQM, network simulation, ns3, traffic-congestion, traffic-flow},
}

@inproceedings{Vihavainen:2014:SRA:2632320.2632349,
 author = {Vihavainen, Arto and Airaksinen, Jonne and Watson, Christopher},
 title = {A Systematic Review of Approaches for Teaching Introductory Programming and Their Influence on Success},
 booktitle = {Proceedings of the Tenth Annual Conference on International Computing Education Research},
 series = {ICER '14},
 year = {2014},
 isbn = {978-1-4503-2755-8},
 location = {Glasgow, Scotland, United Kingdom},
 pages = {19--26},
 numpages = {8},
 url = {http://doi.acm.org/10.1145/2632320.2632349},
 doi = {10.1145/2632320.2632349},
 acmid = {2632349},
 publisher = {ACM},
 address = {New York, NY, USA},
 keywords = {analysis, cs1, introductory programming, programming education, systematic review, teaching interventions},
}

@article{Cassel:2007:COA:1345375.1345439,
 author = {Cassel, Lillian N. and Davies, Gordon and Fone, William and Hacquebard, Anneke and Impagliazzo, John and LeBlanc, Richard and Little, Joyce Currie and McGettrick, Andrew and Pedrona, Michela},
 title = {The Computing Ontology: Application in Education},
 journal = {SIGCSE Bull.},
 issue_date = {December 2007},
 volume = {39},
 number = {4},
 month = dec,
 year = {2007},
 issn = {0097-8418},
 pages = {171--183},
 numpages = {13},
 url = {http://doi.acm.org/10.1145/1345375.1345439},
 doi = {10.1145/1345375.1345439},
 acmid = {1345439},
 publisher = {ACM},
 address = {New York, NY, USA},
 keywords = {computing classification, computing ontology, history, social issues, visualization},
}

@inproceedings{Cassel:2007:COA:1345443.1345439,
 author = {Cassel, Lillian N. and Davies, Gordon and Fone, William and Hacquebard, Anneke and Impagliazzo, John and LeBlanc, Richard and Little, Joyce Currie and McGettrick, Andrew and Pedrona, Michela},
 title = {The Computing Ontology: Application in Education},
 booktitle = {Working Group Reports on ITiCSE on Innovation and Technology in Computer Science Education},
 series = {ITiCSE-WGR '07},
 year = {2007},
 location = {Dundee, Scotland},
 pages = {171--183},
 numpages = {13},
 url = {http://doi.acm.org/10.1145/1345443.1345439},
 doi = {10.1145/1345443.1345439},
 acmid = {1345439},
 publisher = {ACM},
 address = {New York, NY, USA},
 keywords = {computing classification, computing ontology, history, social issues, visualization},
}

@inproceedings{Jodoin:2002:HES:508530.508536,
 author = {Jodoin, Pierre-Marc and Epstein, Emric and Granger-Pich{\'e}, Martin and Ostromoukhov, Victor},
 title = {Hatching by Example: A Statistical Approach},
 booktitle = {Proceedings of the 2Nd International Symposium on Non-photorealistic Animation and Rendering},
 series = {NPAR '02},
 year = {2002},
 isbn = {1-58113-494-0},
 location = {Annecy, France},
 pages = {29--36},
 numpages = {8},
 url = {http://doi.acm.org/10.1145/508530.508536},
 doi = {10.1145/508530.508536},
 acmid = {508536},
 publisher = {ACM},
 address = {New York, NY, USA},
}

@inproceedings{Tolbert:2009:SCT:1594233.1594239,
 author = {Tolbert, Jeremy R. and Zhao, Xin and Lim, Sung Kyu and Mukhopadhyay, Saibal},
 title = {Slew-aware Clock Tree Design for Reliable Subthreshold Circuits},
 booktitle = {Proceedings of the 2009 ACM/IEEE International Symposium on Low Power Electronics and Design},
 series = {ISLPED '09},
 year = {2009},
 isbn = {978-1-60558-684-7},
 location = {San Fancisco, CA, USA},
 pages = {15--20},
 numpages = {6},
 url = {http://doi.acm.org/10.1145/1594233.1594239},
 doi = {10.1145/1594233.1594239},
 acmid = {1594239},
 publisher = {ACM},
 address = {New York, NY, USA},
 keywords = {clocks, slew, subthreshold},
}

@inproceedings{Butler:2015:IIE:2729094.2742629,
 author = {Butler, Matthew and Morgan, Michael and Sheard, Judy and Simon and Falkner, Katrina and Weerasinghe, Amali},
 title = {Initiatives to Increase Engagement in First-Year ICT},
 booktitle = {Proceedings of the 2015 ACM Conference on Innovation and Technology in Computer Science Education},
 series = {ITiCSE '15},
 year = {2015},
 isbn = {978-1-4503-3440-2},
 location = {Vilnius, Lithuania},
 pages = {308--313},
 numpages = {6},
 url = {http://doi.acm.org/10.1145/2729094.2742629},
 doi = {10.1145/2729094.2742629},
 acmid = {2742629},
 publisher = {ACM},
 address = {New York, NY, USA},
 keywords = {CS, student engagement},
}

@inproceedings{Lawson:2019:MSU:3304221.3319763,
 author = {Lawson, Aubrey and Kraemer, Eileen T. and Che, S. Megan and Kennedy, Cazembe},
 title = {A Multi-Level Study of Undergraduate Computer Science Reasoning About Concurrency},
 booktitle = {Proceedings of the 2019 ACM Conference on Innovation and Technology in Computer Science Education},
 series = {ITiCSE '19},
 year = {2019},
 isbn = {978-1-4503-6301-3},
 location = {Aberdeen, Scotland Uk},
 pages = {210--216},
 numpages = {7},
 url = {http://doi.acm.org/10.1145/3304221.3319763},
 doi = {10.1145/3304221.3319763},
 acmid = {3319763},
 publisher = {ACM},
 address = {New York, NY, USA},
 keywords = {concurrency, pedagogical content knowledge, undergraduate education},
}

@inproceedings{Nardini:2011:DSF:1982185.1982375,
 author = {Nardini, Elena and Omicini, Andrea and Viroli, Mirko},
 title = {Description Spaces with Fuzziness},
 booktitle = {Proceedings of the 2011 ACM Symposium on Applied Computing},
 series = {SAC '11},
 year = {2011},
 isbn = {978-1-4503-0113-8},
 location = {TaiChung, Taiwan},
 pages = {869--876},
 numpages = {8},
 url = {http://doi.acm.org/10.1145/1982185.1982375},
 doi = {10.1145/1982185.1982375},
 acmid = {1982375},
 publisher = {ACM},
 address = {New York, NY, USA},
}

@inproceedings{Lishinski:2017:SER:3105726.3106187,
 author = {Lishinski, Alex and Yadav, Aman and Enbody, Richard},
 title = {Students' Emotional Reactions to Programming Projects in Introduction to Programming: Measurement Approach and Influence on Learning Outcomes},
 booktitle = {Proceedings of the 2017 ACM Conference on International Computing Education Research},
 series = {ICER '17},
 year = {2017},
 isbn = {978-1-4503-4968-0},
 location = {Tacoma, Washington, USA},
 pages = {30--38},
 numpages = {9},
 url = {http://doi.acm.org/10.1145/3105726.3106187},
 doi = {10.1145/3105726.3106187},
 acmid = {3106187},
 publisher = {ACM},
 address = {New York, NY, USA},
 keywords = {cs1, emotion},
}

@inproceedings{Babbitt:2019:PCP:3287324.3287491,
 author = {Babbitt, Thomas and Schooler, Charles and King, Kyle},
 title = {Punch Cards to Python: A Case Study of a CS0 Core Course},
 booktitle = {Proceedings of the 50th ACM Technical Symposium on Computer Science Education},
 series = {SIGCSE '19},
 year = {2019},
 isbn = {978-1-4503-5890-3},
 location = {Minneapolis, MN, USA},
 pages = {811--817},
 numpages = {7},
 url = {http://doi.acm.org/10.1145/3287324.3287491},
 doi = {10.1145/3287324.3287491},
 acmid = {3287491},
 publisher = {ACM},
 address = {New York, NY, USA},
 keywords = {computational thinking, computer science education, programming, programming tools, undergraduate education},
}

@inproceedings{Bouvier:2012:UIE:2325296.2325372,
 author = {Bouvier, Dennis and Chen, Tzu-Yi and Lewandowski, Gary and McCartney, Robert and Sanders, Kate and VanDeGrift, Tammy},
 title = {User Interface Evaluation by Novices},
 booktitle = {Proceedings of the 17th ACM Annual Conference on Innovation and Technology in Computer Science Education},
 series = {ITiCSE '12},
 year = {2012},
 isbn = {978-1-4503-1246-2},
 location = {Haifa, Israel},
 pages = {327--332},
 numpages = {6},
 url = {http://doi.acm.org/10.1145/2325296.2325372},
 doi = {10.1145/2325296.2325372},
 acmid = {2325372},
 publisher = {ACM},
 address = {New York, NY, USA},
 keywords = {commonsense computing, novice, user interface evaluation},
}

@inproceedings{McCartney:2013:FSP:2493394.2493412,
 author = {McCartney, Robert and Boustedt, Jonas and Eckerdal, Anna and Sanders, Kate and Zander, Carol},
 title = {Can First-year Students Program Yet?: A Study Revisited},
 booktitle = {Proceedings of the Ninth Annual International ACM Conference on International Computing Education Research},
 series = {ICER '13},
 year = {2013},
 isbn = {978-1-4503-2243-0},
 location = {San Diego, San California, USA},
 pages = {91--98},
 numpages = {8},
 url = {http://doi.acm.org/10.1145/2493394.2493412},
 doi = {10.1145/2493394.2493412},
 acmid = {2493412},
 publisher = {ACM},
 address = {New York, NY, USA},
 keywords = {assessment, programming, replication},
}

@inproceedings{Zhang:2013:FCG:2568493.2569334,
 author = {Zhang, Youzhi and Luo, Xudong and Leung, Ho-Fung},
 title = {Fuzzily Constrained Games},
 booktitle = {Proceedings of the 2013 IEEE/WIC/ACM International Joint Conferences on Web Intelligence (WI) and Intelligent Agent Technologies (IAT) - Volume 02},
 series = {WI-IAT '13},
 year = {2013},
 isbn = {978-0-7695-5145-6},
 pages = {361--368},
 numpages = {8},
 url = {https://doi.org/10.1109/WI-IAT.2013.133},
 doi = {10.1109/WI-IAT.2013.133},
 acmid = {2569334},
 publisher = {IEEE Computer Society},
 address = {Washington, DC, USA},
 keywords = {Constraint, Stag Hunt, Prisoner's Dilemma, Nash equilibrium, Game theory},
}

@inproceedings{Cater:1987:TTI:42005.42025,
 author = {Cater, S. and Kraft, D.},
 title = {TIRS: A Topological Information Retrieval System Satisfying the Requirements of the Waller-Kraft Wish List},
 booktitle = {Proceedings of the 10th Annual International ACM SIGIR Conference on Research and Development in Information Retrieval},
 series = {SIGIR '87},
 year = {1987},
 isbn = {0-89791-232-2},
 location = {New Orleans, Louisiana, USA},
 pages = {171--180},
 numpages = {10},
 url = {http://doi.acm.org/10.1145/42005.42025},
 doi = {10.1145/42005.42025},
 acmid = {42025},
 publisher = {ACM},
 address = {New York, NY, USA},
}

@inproceedings{Sorva:2007:SUS:2449323.2449337,
 author = {Sorva, Juha},
 title = {Students' Understandings of Storing Objects},
 booktitle = {Proceedings of the Seventh Baltic Sea Conference on Computing Education Research - Volume 88},
 series = {Koli Calling '07},
 year = {2007},
 isbn = {978-1-920682-69-9},
 location = {Koli National Park, Finland},
 pages = {127--135},
 numpages = {9},
 url = {http://dl.acm.org/citation.cfm?id=2449323.2449337},
 acmid = {2449337},
 publisher = {Australian Computer Society, Inc.},
 address = {Darlinghurst, Australia, Australia},
 keywords = {CS1, constructivism, misconceptions, objects, phenomenography, students' understandings},
}

@inproceedings{Kussmaul:2017:PCF:3158491.3158507,
 author = {Kussmaul, Clifton},
 title = {Patterns in Classroom Facilitation for Process Oriented Guided Inquiry Learning (POGIL)},
 booktitle = {Proceedings of the VikingPLoP 2017 Conference on Pattern Languages of Program},
 series = {VikingPLoP '17},
 year = {2017},
 isbn = {978-1-4503-6342-6},
 location = {Grube, Schleswig-Holstein, Germany},
 pages = {9:1--9:17},
 articleno = {9},
 numpages = {17},
 url = {http://doi.acm.org/10.1145/3158491.3158507},
 doi = {10.1145/3158491.3158507},
 acmid = {3158507},
 publisher = {ACM},
 address = {New York, NY, USA},
 keywords = {POGIL, active learning, patterns, process oriented guided inquiry learning},
}

@inproceedings{Ma:2010:RMB:1809842.1809854,
 author = {Ma, Xiaopu and Li, Ruixuan and Lu, Zhengding},
 title = {Role Mining Based on Weights},
 booktitle = {Proceedings of the 15th ACM Symposium on Access Control Models and Technologies},
 series = {SACMAT '10},
 year = {2010},
 isbn = {978-1-4503-0049-0},
 location = {Pittsburgh, Pennsylvania, USA},
 pages = {65--74},
 numpages = {10},
 url = {http://doi.acm.org/10.1145/1809842.1809854},
 doi = {10.1145/1809842.1809854},
 acmid = {1809854},
 publisher = {ACM},
 address = {New York, NY, USA},
 keywords = {rbac, role engineering, role mining, similarity, weight},
}

@article{Belenki:2002:EID:568567.568569,
 author = {Belenki, Stanislav},
 title = {An Enforced Inter-admission Delay Performance-driven Connection Admission Control Algorithm},
 journal = {SIGCOMM Comput. Commun. Rev.},
 issue_date = {April 2002},
 volume = {32},
 number = {2},
 month = apr,
 year = {2002},
 issn = {0146-4833},
 pages = {31--41},
 numpages = {11},
 url = {http://doi.acm.org/10.1145/568567.568569},
 doi = {10.1145/568567.568569},
 acmid = {568569},
 publisher = {ACM},
 address = {New York, NY, USA},
}

@inproceedings{Zhang:2019:UPU:3295750.3298936,
 author = {Zhang, Yinglong and Capra, Robert},
 title = {Understanding How People Use Search to Support Their Everyday Creative Tasks},
 booktitle = {Proceedings of the 2019 Conference on Human Information Interaction and Retrieval},
 series = {CHIIR '19},
 year = {2019},
 isbn = {978-1-4503-6025-8},
 location = {Glasgow, Scotland UK},
 pages = {153--162},
 numpages = {10},
 url = {http://doi.acm.org/10.1145/3295750.3298936},
 doi = {10.1145/3295750.3298936},
 acmid = {3298936},
 publisher = {ACM},
 address = {New York, NY, USA},
 keywords = {creative process, creativity, information search, search engines},
}

@inproceedings{Brown:2010:LRP:1852761.1852773,
 author = {Brown, Rhodes H. F. and Horspool, R. Nigel},
 title = {Local Redundant Polymorphism Query Elimination},
 booktitle = {Proceedings of the 8th International Conference on the Principles and Practice of Programming in Java},
 series = {PPPJ '10},
 year = {2010},
 isbn = {978-1-4503-0269-2},
 location = {Vienna, Austria},
 pages = {78--88},
 numpages = {11},
 url = {http://doi.acm.org/10.1145/1852761.1852773},
 doi = {10.1145/1852761.1852773},
 acmid = {1852773},
 publisher = {ACM},
 address = {New York, NY, USA},
 keywords = {Java, redundancy elimination, virtual dispatch},
}

@inproceedings{Wirth:2018:APA:3196709.3196780,
 author = {Wirth, Markus and Gradl, Stefan and Poimann, Dino and Schaefke, Hannes and Matlok, Julia and Koerger, Harald and Eskofier, Bjoern M.},
 title = {Assessment of Perceptual-Cognitive Abilities Among Athletes in Virtual Environments: Exploring Interaction Concepts for Soccer Players},
 booktitle = {Proceedings of the 2018 Designing Interactive Systems Conference},
 series = {DIS '18},
 year = {2018},
 isbn = {978-1-4503-5198-0},
 location = {Hong Kong, China},
 pages = {1013--1023},
 numpages = {11},
 url = {http://doi.acm.org/10.1145/3196709.3196780},
 doi = {10.1145/3196709.3196780},
 acmid = {3196780},
 publisher = {ACM},
 address = {New York, NY, USA},
 keywords = {football, interaction concept, perceptual-cognitive training, soccer, virtual reality},
}

@inproceedings{Kinnunen:2010:EPA:1839594.1839609,
 author = {Kinnunen, Paivi and Simon, Beth},
 title = {Experiencing Programming Assignments in CS1: The Emotional Toll},
 booktitle = {Proceedings of the Sixth International Workshop on Computing Education Research},
 series = {ICER '10},
 year = {2010},
 isbn = {978-1-4503-0257-9},
 location = {Aarhus, Denmark},
 pages = {77--86},
 numpages = {10},
 url = {http://doi.acm.org/10.1145/1839594.1839609},
 doi = {10.1145/1839594.1839609},
 acmid = {1839609},
 publisher = {ACM},
 address = {New York, NY, USA},
 keywords = {cs1, emotion, novice programmers, retention},
}

@article{Hoffman:2017:ECA:3171581.3134687,
 author = {Hoffman, Erin R. and McDonald, David W. and Zachry, Mark},
 title = {Evaluating a Computational Approach to Labeling Politeness: Challenges for the Application of Machine Classification to Social Computing Data},
 journal = {Proc. ACM Hum.-Comput. Interact.},
 issue_date = {November 2017},
 volume = {1},
 number = {CSCW},
 month = dec,
 year = {2017},
 issn = {2573-0142},
 pages = {52:1--52:14},
 articleno = {52},
 numpages = {14},
 url = {http://doi.acm.org/10.1145/3134687},
 doi = {10.1145/3134687},
 acmid = {3134687},
 publisher = {ACM},
 address = {New York, NY, USA},
 keywords = {machine classification, politeness, social computing},
}

@inproceedings{Herman:2017:ACD:3105726.3106172,
 author = {Herman, Geoffrey L. and Choi, Dong San},
 title = {The Affordances and Constraints of Diagrams on Students' Reasoning About State Machines},
 booktitle = {Proceedings of the 2017 ACM Conference on International Computing Education Research},
 series = {ICER '17},
 year = {2017},
 isbn = {978-1-4503-4968-0},
 location = {Tacoma, Washington, USA},
 pages = {173--181},
 numpages = {9},
 url = {http://doi.acm.org/10.1145/3105726.3106172},
 doi = {10.1145/3105726.3106172},
 acmid = {3106172},
 publisher = {ACM},
 address = {New York, NY, USA},
 keywords = {diagrams, finite state machines, misconceptions, state, visual representations},
}

@article{Cassel:2005:SCC:1113847.1113894,
 author = {Cassel, Lillian N. and Hacquebard, Anneke and McGettrick, Andrew and Davies, Gordon and LeBlanc, Richard and Riedesel, Charles and Varol, Yaakov L and Finley, Gail T. and Mann, Samuel and Sloan, Robert H.},
 title = {A Synthesis of Computing Concepts},
 journal = {SIGCSE Bull.},
 issue_date = {December 2005},
 volume = {37},
 number = {4},
 month = dec,
 year = {2005},
 issn = {0097-8418},
 pages = {162--172},
 numpages = {11},
 url = {http://doi.acm.org/10.1145/1113847.1113894},
 doi = {10.1145/1113847.1113894},
 acmid = {1113894},
 publisher = {ACM},
 address = {New York, NY, USA},
 keywords = {computing classification},
}

@article{Sorva:2013:RGP:2543488.2490822,
 author = {Sorva, Juha and Karavirta, Ville and Malmi, Lauri},
 title = {A Review of Generic Program Visualization Systems for Introductory Programming Education},
 journal = {Trans. Comput. Educ.},
 issue_date = {November 2013},
 volume = {13},
 number = {4},
 month = nov,
 year = {2013},
 issn = {1946-6226},
 pages = {15:1--15:64},
 articleno = {15},
 numpages = {64},
 url = {http://doi.acm.org/10.1145/2490822},
 doi = {10.1145/2490822},
 acmid = {2490822},
 publisher = {ACM},
 address = {New York, NY, USA},
 keywords = {CS1, Introductory programming education, engagement taxonomy, literature review, notional machine, program dynamics, program visualization, software visualization},
}

@article{Andujar:2019:PPR:3284745.3293445,
 author = {And\'{u}jar, Franciso J. and Coll, Salvador and Alonso, Marina and L\'{o}pez, Pedro and Mart\'{\i}nez, Juan-Miguel},
 title = {POWAR: Power-Aware Routing in HPC Networks with On/Off Links},
 journal = {ACM Trans. Archit. Code Optim.},
 issue_date = {January 2019},
 volume = {15},
 number = {4},
 month = jan,
 year = {2019},
 issn = {1544-3566},
 pages = {61:1--61:22},
 articleno = {61},
 numpages = {22},
 url = {http://doi.acm.org/10.1145/3293445},
 doi = {10.1145/3293445},
 acmid = {3293445},
 publisher = {ACM},
 address = {New York, NY, USA},
 keywords = {Switch architecture, high-performance computing, interconnection networks, power saving, routing algorithms},
}

@inproceedings{Kompella:2005:IFL:1251203.1251208,
 author = {Kompella, Ramana Rao and Yates, Jennifer and Greenberg, Albert and Snoeren, Alex C.},
 title = {IP Fault Localization via Risk Modeling},
 booktitle = {Proceedings of the 2Nd Conference on Symposium on Networked Systems Design \& Implementation - Volume 2},
 series = {NSDI'05},
 year = {2005},
 pages = {57--70},
 numpages = {14},
 url = {http://dl.acm.org/citation.cfm?id=1251203.1251208},
 acmid = {1251208},
 publisher = {USENIX Association},
 address = {Berkeley, CA, USA},
}

@inproceedings{Bun:2016:SPL:2840728.2840747,
 author = {Bun, Mark and Nissim, Kobbi and Stemmer, Uri},
 title = {Simultaneous Private Learning of Multiple Concepts},
 booktitle = {Proceedings of the 2016 ACM Conference on Innovations in Theoretical Computer Science},
 series = {ITCS '16},
 year = {2016},
 isbn = {978-1-4503-4057-1},
 location = {Cambridge, Massachusetts, USA},
 pages = {369--380},
 numpages = {12},
 url = {http://doi.acm.org/10.1145/2840728.2840747},
 doi = {10.1145/2840728.2840747},
 acmid = {2840747},
 publisher = {ACM},
 address = {New York, NY, USA},
 keywords = {agnostic learning, differential privacy, direct-sum, pac learning},
}

@article{Kolter:2007:DWM:1314498.1390333,
 author = {Kolter, J. Zico and Maloof, Marcus A.},
 title = {Dynamic Weighted Majority: An Ensemble Method for Drifting Concepts},
 journal = {J. Mach. Learn. Res.},
 issue_date = {12/1/2007},
 volume = {8},
 month = dec,
 year = {2007},
 issn = {1532-4435},
 pages = {2755--2790},
 numpages = {36},
 url = {http://dl.acm.org/citation.cfm?id=1314498.1390333},
 acmid = {1390333},
 publisher = {JMLR.org},
}

@article{Pears:2007:SLT:1345375.1345441,
 author = {Pears, Arnold and Seidman, Stephen and Malmi, Lauri and Mannila, Linda and Adams, Elizabeth and Bennedsen, Jens and Devlin, Marie and Paterson, James},
 title = {A Survey of Literature on the Teaching of Introductory Programming},
 journal = {SIGCSE Bull.},
 issue_date = {December 2007},
 volume = {39},
 number = {4},
 month = dec,
 year = {2007},
 issn = {0097-8418},
 pages = {204--223},
 numpages = {20},
 url = {http://doi.acm.org/10.1145/1345375.1345441},
 doi = {10.1145/1345375.1345441},
 acmid = {1345441},
 publisher = {ACM},
 address = {New York, NY, USA},
 keywords = {bibliography, computing education research, introductory programming, literature survey, teaching},
}

@inproceedings{Pears:2007:SLT:1345443.1345441,
 author = {Pears, Arnold and Seidman, Stephen and Malmi, Lauri and Mannila, Linda and Adams, Elizabeth and Bennedsen, Jens and Devlin, Marie and Paterson, James},
 title = {A Survey of Literature on the Teaching of Introductory Programming},
 booktitle = {Working Group Reports on ITiCSE on Innovation and Technology in Computer Science Education},
 series = {ITiCSE-WGR '07},
 year = {2007},
 location = {Dundee, Scotland},
 pages = {204--223},
 numpages = {20},
 url = {http://doi.acm.org/10.1145/1345443.1345441},
 doi = {10.1145/1345443.1345441},
 acmid = {1345441},
 publisher = {ACM},
 address = {New York, NY, USA},
 keywords = {bibliography, computing education research, introductory programming, literature survey, teaching},
}

@article{McCall:2019:NLN:3345033.3335814,
 author = {McCall, Davin and K\"{o}lling, Michael},
 title = {A New Look at Novice Programmer Errors},
 journal = {ACM Trans. Comput. Educ.},
 issue_date = {July 2019},
 volume = {19},
 number = {4},
 month = jul,
 year = {2019},
 issn = {1946-6226},
 pages = {38:1--38:30},
 articleno = {38},
 numpages = {30},
 url = {http://doi.acm.org/10.1145/3335814},
 doi = {10.1145/3335814},
 acmid = {3335814},
 publisher = {ACM},
 address = {New York, NY, USA},
 keywords = {Java, Programming errors, novice programmers},
}

@article{Turner:2018:PRC:3266362.3152715,
 author = {Turner, Scott Alexander and P{\'e}rez-Qui\~{n}ones, Manuel A. and Edwards, Stephen H.},
 title = {Peer Review in CS2: Conceptual Learning and High-Level Thinking},
 journal = {ACM Trans. Comput. Educ.},
 issue_date = {September 2018},
 volume = {18},
 number = {3},
 month = sep,
 year = {2018},
 issn = {1946-6226},
 pages = {13:1--13:37},
 articleno = {13},
 numpages = {37},
 url = {http://doi.acm.org/10.1145/3152715},
 doi = {10.1145/3152715},
 acmid = {3152715},
 publisher = {ACM},
 address = {New York, NY, USA},
 keywords = {CS education, learning, Peer Review, object-oriented concepts, peer assessment},
}

@inproceedings{Luxton-Reilly:2018:IPS:3293881.3295779,
 author = {Luxton-Reilly, Andrew and Simon and Albluwi, Ibrahim and Becker, Brett A. and Giannakos, Michail and Kumar, Amruth N. and Ott, Linda and Paterson, James and Scott, Michael James and Sheard, Judy and Szabo, Claudia},
 title = {Introductory Programming: A Systematic Literature Review},
 booktitle = {Proceedings Companion of the 23rd Annual ACM Conference on Innovation and Technology in Computer Science Education},
 series = {ITiCSE 2018 Companion},
 year = {2018},
 isbn = {978-1-4503-6223-8},
 location = {Larnaca, Cyprus},
 pages = {55--106},
 numpages = {52},
 url = {http://doi.acm.org/10.1145/3293881.3295779},
 doi = {10.1145/3293881.3295779},
 acmid = {3295779},
 publisher = {ACM},
 address = {New York, NY, USA},
 keywords = {CS1, ITiCSE working group, SLR, introductory programming, literature review, novice programming, overview, review, systematic literature review, systematic review},
}

@article{Blumer:1989:LVD:76359.76371,
 author = {Blumer, Anselm and Ehrenfeucht, A. and Haussler, David and Warmuth, Manfred K.},
 title = {Learnability and the Vapnik-Chervonenkis Dimension},
 journal = {J. ACM},
 issue_date = {Oct. 1989},
 volume = {36},
 number = {4},
 month = oct,
 year = {1989},
 issn = {0004-5411},
 pages = {929--965},
 numpages = {37},
 url = {http://doi.acm.org/10.1145/76359.76371},
 doi = {10.1145/76359.76371},
 acmid = {76371},
 publisher = {ACM},
 address = {New York, NY, USA},
}

