@incollection{Kopp:2017:UCM:3015783.3015791,
 author = {Kopp, Stefan and Bergmann, Kirsten},
 chapter = {Using Cognitive Models to Understand Multimodal Processes: The Case for Speech and Gesture Production},
 title = {The Handbook of Multimodal-Multisensor Interfaces},
 editor = {Oviatt, Sharon and Schuller, Bj\"{o}rn and Cohen, Philip R. and Sonntag, Daniel and Potamianos, Gerasimos and Kr\"{u}ger, Antonio},
 year = {2017},
 isbn = {978-1-97000-167-9},
 pages = {239--276},
 numpages = {38},
 url = {https://doi.org/10.1145/3015783.3015791},
 doi = {10.1145/3015783.3015791},
 acmid = {3015791},
 publisher = {Association for Computing Machinery and Morgan \&\#38; Claypool},
 address = {New York, NY, USA},
}

