@inproceedings{Deng:2019:ATD:3300115.3312513,
 author = {Deng, Qianni},
 title = {Adaptable Test Design for Collaborative Exams in Computer Science},
 booktitle = {Proceedings of the ACM Conference on Global Computing Education},
 series = {CompEd '19},
 year = {2019},
 isbn = {978-1-4503-6259-7},
 location = {Chengdu,Sichuan, China},
 pages = {236--236},
 numpages = {1},
 url = {http://doi.acm.org/10.1145/3300115.3312513},
 doi = {10.1145/3300115.3312513},
 acmid = {3312513},
 publisher = {ACM},
 address = {New York, NY, USA},
 keywords = {adaptable collaborative test, zone of proximal development},
}

@inproceedings{Anderson:2015:MML:2676723.2691879,
 author = {Anderson, Nicole and Gegg-Harrison, Tim},
 title = {Montessori Methods + A Living Textbook \&\#62; Traditional CS Instruction (Abstract Only)},
 booktitle = {Proceedings of the 46th ACM Technical Symposium on Computer Science Education},
 series = {SIGCSE '15},
 year = {2015},
 isbn = {978-1-4503-2966-8},
 location = {Kansas City, Missouri, USA},
 pages = {512--512},
 numpages = {1},
 url = {http://doi.acm.org/10.1145/2676723.2691879},
 doi = {10.1145/2676723.2691879},
 acmid = {2691879},
 publisher = {ACM},
 address = {New York, NY, USA},
 keywords = {living textbook, montessori, scaffolded instruction, zone of proximal development},
}

@inproceedings{Berman:2019:PDM:3311890.3311894,
 author = {Berman, Alexander and Chu, Sharon Lynn and Quek, Francis and Okundaye, Osazuwa and Yang, Leming and Deuermeyer, Elizabeth and Berrios, Enrique and Deady, Skylar and Doss, Jessica},
 title = {Proximal and Distal Mentors: Sustaining Making-Expertise in Rural Schools},
 booktitle = {Proceedings of FabLearn 2019},
 series = {FL2019},
 year = {2019},
 isbn = {978-1-4503-6244-3},
 location = {New York, NY, USA},
 pages = {26--33},
 numpages = {8},
 url = {http://doi.acm.org/10.1145/3311890.3311894},
 doi = {10.1145/3311890.3311894},
 acmid = {3311894},
 publisher = {ACM},
 address = {New York, NY, USA},
 keywords = {Apprenticeship, Communities of Practice, Maker Movement, Micro-Manufacture, Public School, Zone of Proximal Development},
}

@inproceedings{Okundaye:2019:BPR:3311927.3325318,
 author = {Okundaye, Osazuwa and Quek, Francis and Chu, Sharon},
 title = {Broadening Participation for Remote Communities: Situated Distance Telepresence},
 booktitle = {Proceedings of the 18th ACM International Conference on Interaction Design and Children},
 series = {IDC '19},
 year = {2019},
 isbn = {978-1-4503-6690-8},
 location = {Boise, ID, USA},
 pages = {494--500},
 numpages = {7},
 url = {http://doi.acm.org/10.1145/3311927.3325318},
 doi = {10.1145/3311927.3325318},
 acmid = {3325318},
 publisher = {ACM},
 address = {New York, NY, USA},
 keywords = {Apprenticeship, Communities of Practice, Maker Movement, Micro-Manufacture, Public School, Zone of Proximal Development},
}

@inproceedings{Beheshti:2013:ESI:2655780.2655827,
 author = {Beheshti, Jamshid and Cole, Charles and Kuhlthau, Carol and Bilal, Dania},
 title = {Enabling Systems for Inquiry-based Learning},
 booktitle = {Proceedings of the 76th ASIS\&T Annual Meeting: Beyond the Cloud: Rethinking Information Boundaries},
 series = {ASIST '13},
 year = {2013},
 isbn = {0-87715-545-3},
 location = {Montreal, Quebec, Canada},
 pages = {47:1--47:3},
 articleno = {47},
 numpages = {3},
 url = {http://dl.acm.org/citation.cfm?id=2655780.2655827},
 acmid = {2655827},
 publisher = {American Society for Information Science},
 address = {Silver Springs, MD, USA},
 keywords = {children, information search process, inquiry-based learning, teens, zone of proximal development},
}

@inproceedings{Berman:2016:TMC:3003397.3003399,
 author = {Berman, Alexander and Garcia, Brittany and Nam, Beth and Chu, Sharon and Quek, Francis},
 title = {Toward a Making Community of Practice: The Social Aspects of Elementary Classroom-Based Making},
 booktitle = {Proceedings of the 6th Annual Conference on Creativity and Fabrication in Education},
 series = {FabLearn '16},
 year = {2016},
 isbn = {978-1-4503-4802-7},
 location = {Stanford, CA, USA},
 pages = {9--16},
 numpages = {8},
 url = {http://doi.acm.org/10.1145/3003397.3003399},
 doi = {10.1145/3003397.3003399},
 acmid = {3003399},
 publisher = {ACM},
 address = {New York, NY, USA},
 keywords = {Children, Communities of Practice, Diversity, Maker Movement, Underrepresented Populations, Zone of Proximal Development},
}

@inproceedings{Saunders:2006:TRM:1121241.1121263,
 author = {Saunders, Joe and Nehaniv, Chrystopher L. and Dautenhahn, Kerstin},
 title = {Teaching Robots by Moulding Behavior and Scaffolding the Environment},
 booktitle = {Proceedings of the 1st ACM SIGCHI/SIGART Conference on Human-robot Interaction},
 series = {HRI '06},
 year = {2006},
 isbn = {1-59593-294-1},
 location = {Salt Lake City, Utah, USA},
 pages = {118--125},
 numpages = {8},
 url = {http://doi.acm.org/10.1145/1121241.1121263},
 doi = {10.1145/1121241.1121263},
 acmid = {1121263},
 publisher = {ACM},
 address = {New York, NY, USA},
 keywords = {imitation, memory-based learning, scaffolding, social robotics, teaching, zone of proximal development},
}

@inproceedings{Ericson:2018:EEE:3230977.3231000,
 author = {Ericson, Barbara J. and Foley, James D. and Rick, Jochen},
 title = {Evaluating the Efficiency and Effectiveness of Adaptive Parsons Problems},
 booktitle = {Proceedings of the 2018 ACM Conference on International Computing Education Research},
 series = {ICER '18},
 year = {2018},
 isbn = {978-1-4503-5628-2},
 location = {Espoo, Finland},
 pages = {60--68},
 numpages = {9},
 url = {http://doi.acm.org/10.1145/3230977.3231000},
 doi = {10.1145/3230977.3231000},
 acmid = {3231000},
 publisher = {ACM},
 address = {New York, NY, USA},
 keywords = {adaptive parsons problems, cognitive load, parson's problems, parsons problems, parsons puzzles, zone of proximal development},
}

@inproceedings{Basawapatna:2013:ZPF:2493394.2493404,
 author = {Basawapatna, Ashok R. and Repenning, Alexander and Koh, Kyu Han and Nickerson, Hilarie},
 title = {The Zones of Proximal Flow: Guiding Students Through a Space of Computational Thinking Skills and Challenges},
 booktitle = {Proceedings of the Ninth Annual International ACM Conference on International Computing Education Research},
 series = {ICER '13},
 year = {2013},
 isbn = {978-1-4503-2243-0},
 location = {San Diego, San California, USA},
 pages = {67--74},
 numpages = {8},
 url = {http://doi.acm.org/10.1145/2493394.2493404},
 doi = {10.1145/2493394.2493404},
 acmid = {2493404},
 publisher = {ACM},
 address = {New York, NY, USA},
 keywords = {computational thinking, computational thinking patterns, computer science education, flow, scalable game design, simulations, zone of proximal development, zones of proximal flow},
}

@inproceedings{Anderson:2013:LCS:2445196.2445344,
 author = {Anderson, Nicole and Gegg-Harrison, Tim},
 title = {Learning Computer Science in the "Comfort Zone of Proximal Development"},
 booktitle = {Proceeding of the 44th ACM Technical Symposium on Computer Science Education},
 series = {SIGCSE '13},
 year = {2013},
 isbn = {978-1-4503-1868-6},
 location = {Denver, Colorado, USA},
 pages = {495--500},
 numpages = {6},
 url = {http://doi.acm.org/10.1145/2445196.2445344},
 doi = {10.1145/2445196.2445344},
 acmid = {2445344},
 publisher = {ACM},
 address = {New York, NY, USA},
 keywords = {CS1, active learning, mobile game development, pair programming/teaching, scaffolding},
}

@inproceedings{Fulmore:2015:VGC:2807565.2807710,
 author = {Fulmore, Yvonne},
 title = {Video Games and the Customization of Learning: Interactive Narratives As a Promising Design Framework for Crafting Inclusive Educational Environments},
 booktitle = {Proceedings of the Third Conference on GenderIT},
 series = {GenderIT '15},
 year = {2015},
 isbn = {978-1-4503-3596-6},
 location = {Philadelphia, PA, USA},
 pages = {32--39},
 numpages = {8},
 url = {http://doi.acm.org/10.1145/2807565.2807710},
 doi = {10.1145/2807565.2807710},
 acmid = {2807710},
 publisher = {ACM},
 address = {New York, NY, USA},
 keywords = {Socio-cultural learning theories, designing games for learning, game-based learning, immersion, inclusivity, law of cultural development, media literacy, representations, serious games, stereotypes, zone of proximal development},
}

@inproceedings{Basawapatna:2019:ZPF:3287324.3287361,
 author = {Basawapatna, Ashok and Repenning, Alexander and Savignano, Mark},
 title = {The Zones of Proximal Flow Tutorial: Designing Computational Thinking Cliffhangers},
 booktitle = {Proceedings of the 50th ACM Technical Symposium on Computer Science Education},
 series = {SIGCSE '19},
 year = {2019},
 isbn = {978-1-4503-5890-3},
 location = {Minneapolis, MN, USA},
 pages = {428--434},
 numpages = {7},
 url = {http://doi.acm.org/10.1145/3287324.3287361},
 doi = {10.1145/3287324.3287361},
 acmid = {3287361},
 publisher = {ACM},
 address = {New York, NY, USA},
 keywords = {computational thinking, cyberlearning, exposure, flow, zone of proximal development, hour of code, retention, retention of flow, tutorial, zones of proximal flow},
}

@inproceedings{Nelson:2008:PPD:1463689.1463738,
 author = {Nelson, Elia J. and Freier, Nathan G.},
 title = {Push-me, Pull-me: Describing and Designing Technologies for Varying Degrees of Reflection and Invention},
 booktitle = {Proceedings of the 7th International Conference on Interaction Design and Children},
 series = {IDC '08},
 year = {2008},
 isbn = {978-1-59593-994-4},
 location = {Chicago, Illinois},
 pages = {129--132},
 numpages = {4},
 url = {http://doi.acm.org/10.1145/1463689.1463738},
 doi = {10.1145/1463689.1463738},
 acmid = {1463738},
 publisher = {ACM},
 address = {New York, NY, USA},
 keywords = {design terminology, invention, reflection},
}

@inproceedings{Armendariz:2014:OOC:2556325.2567849,
 author = {Armendariz, Daniel and MacHardy, Zachary and Garcia, Daniel D.},
 title = {OCTAL: Online Course Tool for Adaptive Learning},
 booktitle = {Proceedings of the First ACM Conference on Learning @ Scale Conference},
 series = {L@S '14},
 year = {2014},
 isbn = {978-1-4503-2669-8},
 location = {Atlanta, Georgia, USA},
 pages = {141--142},
 numpages = {2},
 url = {http://doi.acm.org/10.1145/2556325.2567849},
 doi = {10.1145/2556325.2567849},
 acmid = {2567849},
 publisher = {ACM},
 address = {New York, NY, USA},
 keywords = {adaptive assessment, concept map, non-linear courses, student modeling},
}

@inproceedings{Rizzo:2012:ICT:2414536.2414615,
 author = {Rizzo, Alberto and Schutt, Stefan and Linegar, Dale},
 title = {Imagine That: Creating a 'Third Space' for Young People with High Functioning Autism Through the Use of Technology in a Social Setting},
 booktitle = {Proceedings of the 24th Australian Computer-Human Interaction Conference},
 series = {OzCHI '12},
 year = {2012},
 isbn = {978-1-4503-1438-1},
 location = {Melbourne, Australia},
 pages = {513--516},
 numpages = {4},
 url = {http://doi.acm.org/10.1145/2414536.2414615},
 doi = {10.1145/2414536.2414615},
 acmid = {2414615},
 publisher = {ACM},
 address = {New York, NY, USA},
 keywords = {ZPD, activity theory, autism, embodied cognition, engagement, third space},
}

@inproceedings{Armendariz:2014:OOC:2538862.2544318,
 author = {Armendariz, Daniel and MacHardy, Zachary and Garcia, Daniel D.},
 title = {OCTAL: Online Course Tool for Adaptive Learning (Abstract Only)},
 booktitle = {Proceedings of the 45th ACM Technical Symposium on Computer Science Education},
 series = {SIGCSE '14},
 year = {2014},
 isbn = {978-1-4503-2605-6},
 location = {Atlanta, Georgia, USA},
 pages = {715--715},
 numpages = {1},
 url = {http://doi.acm.org/10.1145/2538862.2544318},
 doi = {10.1145/2538862.2544318},
 acmid = {2544318},
 publisher = {ACM},
 address = {New York, NY, USA},
 keywords = {adaptive assessment, concept map, non-linear courses, student modeling},
}

@inproceedings{Alhazmi:2018:CCD:3159450.3159464,
 author = {Alhazmi, Sohail and Hamilton, Margaret and Thevathayan, Charles},
 title = {CS for All: Catering to Diversity of Master's Students Through Assignment Choices},
 booktitle = {Proceedings of the 49th ACM Technical Symposium on Computer Science Education},
 series = {SIGCSE '18},
 year = {2018},
 isbn = {978-1-4503-5103-4},
 location = {Baltimore, Maryland, USA},
 pages = {38--43},
 numpages = {6},
 url = {http://doi.acm.org/10.1145/3159450.3159464},
 doi = {10.1145/3159450.3159464},
 acmid = {3159464},
 publisher = {ACM},
 address = {New York, NY, USA},
 keywords = {assessment design, novice programming},
}

@article{D'mello:2013:AAA:2395123.2395128,
 author = {D'mello, Sidney and Graesser, Art},
 title = {AutoTutor and Affective Autotutor: Learning by Talking with Cognitively and Emotionally Intelligent Computers That Talk Back},
 journal = {ACM Trans. Interact. Intell. Syst.},
 issue_date = {December 2012},
 volume = {2},
 number = {4},
 month = jan,
 year = {2013},
 issn = {2160-6455},
 pages = {23:1--23:39},
 articleno = {23},
 numpages = {39},
 url = {http://doi.acm.org/10.1145/2395123.2395128},
 doi = {10.1145/2395123.2395128},
 acmid = {2395128},
 publisher = {ACM},
 address = {New York, NY, USA},
 keywords = {Intelligent tutoring systems, affect detection and synthesis, affective computing, constructivism, deep learning, natural language understanding, student modeling, user modeling},
}

@inproceedings{Jiang:2019:GCR:3303772.3303814,
 author = {Jiang, Weijie and Pardos, Zachary A. and Wei, Qiang},
 title = {Goal-based Course Recommendation},
 booktitle = {Proceedings of the 9th International Conference on Learning Analytics \& Knowledge},
 series = {LAK19},
 year = {2019},
 isbn = {978-1-4503-6256-6},
 location = {Tempe, AZ, USA},
 pages = {36--45},
 numpages = {10},
 url = {http://doi.acm.org/10.1145/3303772.3303814},
 doi = {10.1145/3303772.3303814},
 acmid = {3303814},
 publisher = {ACM},
 address = {New York, NY, USA},
}

@inproceedings{Izu:2018:DAM:3159450.3162212,
 author = {Izu, Cruz and Sanchez Castro, Olga},
 title = {Designing Active Mediated Learning Tasks: Can Small Failures Enhance Student Learning? (Abstract Only)},
 booktitle = {Proceedings of the 49th ACM Technical Symposium on Computer Science Education},
 series = {SIGCSE '18},
 year = {2018},
 isbn = {978-1-4503-5103-4},
 location = {Baltimore, Maryland, USA},
 pages = {1102--1102},
 numpages = {1},
 url = {http://doi.acm.org/10.1145/3159450.3162212},
 doi = {10.1145/3159450.3162212},
 acmid = {3162212},
 publisher = {ACM},
 address = {New York, NY, USA},
 keywords = {knowledge gap, learning mechanisms, productive failure},
}

@inproceedings{Baker:2010:BFF:1854509.1854580,
 author = {Baker, Michael},
 title = {Buds, Flowers and Fruit: Potentialities for Guidance in Collaborative Argumentation-based Learning},
 booktitle = {Proceedings of the 9th International Conference of the Learning Sciences - Volume 2},
 series = {ICLS '10},
 year = {2010},
 location = {Chicago, Illinois},
 pages = {155--156},
 numpages = {2},
 url = {http://dl.acm.org/citation.cfm?id=1854509.1854580},
 acmid = {1854580},
 publisher = {International Society of the Learning Sciences},
}

