@inproceedings{Rizzo:2012:ICT:2414536.2414615,
 author = {Rizzo, Alberto and Schutt, Stefan and Linegar, Dale},
 title = {Imagine That: Creating a 'Third Space' for Young People with High Functioning Autism Through the Use of Technology in a Social Setting},
 booktitle = {Proceedings of the 24th Australian Computer-Human Interaction Conference},
 series = {OzCHI '12},
 year = {2012},
 isbn = {978-1-4503-1438-1},
 location = {Melbourne, Australia},
 pages = {513--516},
 numpages = {4},
 url = {http://doi.acm.org/10.1145/2414536.2414615},
 doi = {10.1145/2414536.2414615},
 acmid = {2414615},
 publisher = {ACM},
 address = {New York, NY, USA},
 keywords = {ZPD, activity theory, autism, embodied cognition, engagement, third space},
}

@inproceedings{Siddiqi:2019:TRB:3310273.3321555,
 author = {Siddiqi, Muhammad Ali and Strydis, Christos},
 title = {Towards Realistic battery-DoS Protection of Implantable Medical Devices},
 booktitle = {Proceedings of the 16th ACM International Conference on Computing Frontiers},
 series = {CF '19},
 year = {2019},
 isbn = {978-1-4503-6685-4},
 location = {Alghero, Italy},
 pages = {42--49},
 numpages = {8},
 url = {http://doi.acm.org/10.1145/3310273.3321555},
 doi = {10.1145/3310273.3321555},
 acmid = {3321555},
 publisher = {ACM},
 address = {New York, NY, USA},
 keywords = {IMD, authentication protocol, battery DoS, denial-of-service attack, energy harvesting, implantable medical device, wireless power transfer, zero-power defense},
}

@inproceedings{Izu:2018:DAM:3159450.3162212,
 author = {Izu, Cruz and Sanchez Castro, Olga},
 title = {Designing Active Mediated Learning Tasks: Can Small Failures Enhance Student Learning? (Abstract Only)},
 booktitle = {Proceedings of the 49th ACM Technical Symposium on Computer Science Education},
 series = {SIGCSE '18},
 year = {2018},
 isbn = {978-1-4503-5103-4},
 location = {Baltimore, Maryland, USA},
 pages = {1102--1102},
 numpages = {1},
 url = {http://doi.acm.org/10.1145/3159450.3162212},
 doi = {10.1145/3159450.3162212},
 acmid = {3162212},
 publisher = {ACM},
 address = {New York, NY, USA},
 keywords = {knowledge gap, learning mechanisms, productive failure},
}

