@article{nicholls1984achievement,
  title={Achievement motivation: Conceptions of ability, subjective experience, task choice, and performance.},
  author={Nicholls, John G},
  journal={Psychological review},
  volume={91},
  number={3},
  pages={328},
  year={1984},
  publisher={American Psychological Association}
}
@article{gibson1977theory,
  title={The theory of affordances},
  author={Gibson, James J},
  journal={Hilldale, USA},
  volume={1},
  number={2},
  year={1977}
}
@article{hebb1949organization,
  title={The organization of behavior. A neuropsychological theory},
  author={Hebb, DO},
  year={1949},
  publisher={John Wiley}
}
@article{watson1913psychology,
  title={Psychology as the behaviorist views it.},
  author={Watson, John B},
  journal={Psychological review},
  volume={20},
  number={2},
  pages={158},
  year={1913},
  publisher={Psychological Review Company}
}
@article{felder1988learning,
  title={Learning and teaching styles in engineering education},
  author={Felder, Richard M and Silverman, Linda K and others},
  journal={Engineering education},
  volume={78},
  number={7},
  pages={674--681},
  year={1988}
}
@article{miller1956magical,
  title={The magical number seven, plus or minus two: Some limits on our capacity for processing information.},
  author={Miller, George A},
  journal={Psychological review},
  volume={63},
  number={2},
  pages={81},
  year={1956},
  publisher={American Psychological Association}
}
@article{collins1988cognitive,
  title={Cognitive apprenticeship: Teaching the craft of reading, writing and mathematics},
  author={Collins, Allan and Brown, John Seely and Newman, Susan E},
  journal={Thinking: The Journal of Philosophy for Children},
  volume={8},
  number={1},
  pages={2--10},
  year={1988}
}
@article{sweller1988cognitive,
  title={Cognitive load during problem solving: Effects on learning},
  author={Sweller, John},
  journal={Cognitive science},
  volume={12},
  number={2},
  pages={257--285},
  year={1988},
  publisher={Elsevier}
}
@incollection{mayer2002multimedia,
  title={Multimedia learning},
  author={Mayer, Richard E},
  booktitle={Psychology of learning and motivation},
  volume={41},
  pages={85--139},
  year={2002},
  publisher={Elsevier}
}
@book{wenger1999communities,
  title={Communities of practice: Learning, meaning, and identity},
  author={Wenger, Etienne},
  year={1999},
  publisher={Cambridge university press}
}
@article{gagne1965conditions,
  title={Conditions of learning},
  author={Gagn{\'e}, Robert Mills},
  year={1965},
  publisher={Holt, Rinehart and Winston}
}
@article{thorndike1932fundamentals,
  title={The fundamentals of learning.},
  author={Thorndike, Edward L},
  year={1932},
  publisher={Teachers College Bureau of Publications}
}
@article{siemens2004connectivism,
  title={Connectivism: A Learning Theory for the Digital Age},
  author={Siemens, George},
  year={2004}
}
@book{papert1980mindstorms,
  title={Mindstorms: Children, computers, and powerful ideas},
  author={Papert, Seymour},
  year={1980},
  publisher={Basic Books, Inc.}
}
@inproceedings{dewey1986experience,
  title={Experience and education},
  author={Dewey, John},
  booktitle={The Educational Forum},
  volume={50},
  number={3},
  pages={241--252},
  year={1986},
  organization={Taylor \& Francis}
}
@book{pask1975conversation,
  title={Conversation, cognition and learning: A cybernetic theory and methodology},
  author={Pask, Gordon},
  year={1975},
  publisher={Elsevier Publishing Company}
}

Conversation theory (770 citations)

@article{pask1976conversation,
  title={Conversation theory},
  author={Pask, Gordon},
  journal={Applications in Education and Epistemology},
  year={1976},
  publisher={Citeseer}
}
@article{bruner1961act,
  title={The act of discovery},
  author={Bruner, Jerome S},
  year={1961}
}
@book{paivio1990mental,
  title={Mental representations: A dual coding approach},
  author={Paivio, Allan},
  volume={9},
  year={1990},
  publisher={Oxford University Press}
}

Imagery and verbal processes. (8334 citations)

@article{paivio1971imagery,
  title={Imagery and verbal processes.},
  author={Paivio, Allan},
  year={1971},
  publisher={Holt, Rinehart \& Winston}
}
@article{reigeluth1983elaboration,
  title={Elaboration theory},
  author={Reigeluth, C and Stein, R},
  journal={Instructional-design theories and models: An overview of their current status},
  pages={335--381},
  year={1983}
}
@book{goleman1995emotional,
  title={Emotional intelligence},
  author={Goleman, Daniel},
  year={1995},
  publisher={Bantam}
}
@book{vroom1964work,
  title={Work and motivation},
  author={Vroom, Victor Harold},
  volume={54},
  year={1964},
  publisher={Wiley New York}
}
@book{kolb1984experiential,
  title={Experiential learning: Experience as the source of learning and development},
  author={Kolb, David A},
  year={1984}
}
@article{ericsson1993role,
  title={The role of deliberate practice in the acquisition of expert performance.},
  author={Ericsson, K Anders and Krampe, Ralf T and Tesch-R{\"o}mer, Clemens},
  journal={Psychological review},
  volume={100},
  number={3},
  pages={363},
  year={1993},
  publisher={American Psychological Association}
}
@article{csikszentmihalyi1997flow,
  title={Flow and the psychology of discovery and invention},
  author={Csikszentmihalyi, Mihaly},
  journal={HarperPerennial, New York},
  volume={39},
  year={1997}
}
@article{sticht1987functional,
  title={Functional Context Education. Workshop Resource Notebook.},
  author={Sticht, Thomas G},
  year={1987},
  publisher={ERIC}
}
@article{wertheimer1938gestalt,
  title={Gestalt theory.},
  author={Wertheimer, Max},
  year={1938},
  publisher={Kegan Paul, Trench, Trubner \& Company}
}
@article{miller1956magical,
  title={The magical number seven, plus or minus two: Some limits on our capacity for processing information.},
  author={Miller, George A},
  journal={Psychological review},
  volume={63},
  number={2},
  pages={81},
  year={1956},
  publisher={American Psychological Association}
}
@book{skinner1938behavior,
  title={The behavior of organisms},
  author={Skinner, Burrhus Frederic},
  year={1938}
}
@article{kintsch1980learning,
  title={Learning from text, levels of comprehension, or: Why anyone would read a story anyway},
  author={Kintsch, Walter},
  journal={Poetics},
  volume={9},
  number={1-3},
  pages={87--98},
  year={1980},
  publisher={Elsevier}
}
@inproceedings{postman1961present,
  title={The present status of interference theory.},
  author={Postman, Leo},
  booktitle={Conference on Verbal Learning and Verbal Behavior, 1959, US},
  year={1961},
  organization={McGraw-Hill Book Company}
}
@article{purkey1991invitational,
  title={What Is Invitational Education and How Does It Work?.},
  author={Purkey, William Watson},
  year={1991},
  publisher={ERIC}
}
@article{tolman1949there,
  title={There is more than one kind of learning.},
  author={Tolman, Edward C},
  journal={Psychological review},
  volume={56},
  number={3},
  pages={144},
  year={1949},
  publisher={American Psychological Association}
}
@article{soloway1994learner,
  title={Learner-centered design: The challenge for HCI in the 21st century},
  author={Soloway, Elliot and Guzdial, Mark and Hay, K},
  year={1994},
  publisher={CUMINCAD}
}
@article{felder1988learning,
  title={Learning and teaching styles in engineering education},
  author={Felder, Richard M and Silverman, Linda K and others},
  journal={Engineering education},
  volume={78},
  number={7},
  pages={674--681},
  year={1988}
}
@article{maslow1943theory,
  title={A theory of human motivation.},
  author={Maslow, Abraham Harold},
  journal={Psychological review},
  volume={50},
  number={4},
  pages={370},
  year={1943},
  publisher={American Psychological Association}
}
@article{bloom1971mastery,
  title={Mastery learning},
  author={Bloom, Benjamin S},
  journal={Mastery learning: Theory and practice},
  pages={47--63},
  year={1971}
}
@article{johnson1980mental,
  title={Mental models in cognitive science},
  author={Johnson-Laird, Philip N},
  journal={Cognitive science},
  volume={4},
  number={1},
  pages={71--115},
  year={1980},
  publisher={Elsevier}
}
@article{flavell1979metacognition,
  title={Metacognition and cognitive monitoring: A new area of cognitive--developmental inquiry.},
  author={Flavell, John H},
  journal={American psychologist},
  volume={34},
  number={10},
  pages={906},
  year={1979},
  publisher={American Psychological Association}
}
@article{dweck1988social,
  title={A social-cognitive approach to motivation and personality.},
  author={Dweck, Carol S and Leggett, Ellen L},
  journal={Psychological review},
  volume={95},
  number={2},
  pages={256},
  year={1988},
  publisher={American Psychological Association}
}
@article{mayer1998split,
  title={A split-attention effect in multimedia learning: Evidence for dual processing systems in working memory.},
  author={Mayer, Richard E and Moreno, Roxana},
  journal={Journal of educational psychology},
  volume={90},
  number={2},
  pages={312},
  year={1998},
  publisher={American Psychological Association}
}
@article{COMMONS1998237,
title = "Hierarchical Complexity of Tasks Shows the Existence of Developmental Stages",
journal = "Developmental Review",
volume = "18",
number = "3",
pages = "237 - 278",
year = "1998",
issn = "0273-2297",
doi = "https://doi.org/10.1006/drev.1998.0467",
url = "http://www.sciencedirect.com/science/article/pii/S0273229798904671",
author = "Michael Lamport Commons and Edward James Trudeau and Sharon Anne Stein and Francis Asbury Richards and Sharon R. Krause",
keywords = "Key Words: Existence, development, stages, hierarchical, complexity, task-analysis, analytic, sequence, cognitive, Piaget",
abstract = "The major purpose of this paper is to introduce the notion of the order of hierarchical complexity of tasks. Order of hierarchical complexity is a way of conceptualizing information in terms of the power required to complete a task or solve a problem. It is orthogonal to the notion of information coded as bits in traditional information theory. Because every task (whether experimental or everyday) that individuals engage in has an order of hierarchical complexity associated with it, this notion of hierarchical complexity has broad implications both within developmental psychology and beyond it in such fields as information science. Within developmental psychology, traditional stage theory has been criticized for not showing that stages exist as anything more thanad hocdescriptions of sequential changes in human behavior (Kohlberg & Armon, 1984; Gibbs, 1977, 1979; Broughton, 1984). To address this issue, Commons and Richards (1984a,b) argued that a successful developmental theory should address two conceptually different issues: (1) the hierarchical complexity of the task to be solved and (2) the psychology, sociology, and anthropology of such task performance and how that performance develops. The notion of the hierarchical complexity of tasks, introduced here, formalizes the key notions implicit in most stage theories, presenting them as axioms and theorems. The hierarchical complexity of tasks has itself been grounded in mathematical models (Coombs, Dawes, & Tversky, 1970) and information science (Lindsay & Norman, 1977). The resultant definition of stage is that it is the highest order of hierarchical complexity on which there is successful task performance. In addition to providing an analytic solution to the issue of what are developmental stages, the theory of hierarchical complexity presented here allows for the possibility within science of scaling the complexity in a form more akin to intelligence."
}
@article{skinner1938behavior,
  title={The behavior of organisms: an experimental analysis.},
  author={Skinner, BF},
  year={1938},
  publisher={Appleton-Century}
}
@book{barrows1980problem,
  title={Problem-based learning: An approach to medical education},
  author={Barrows, Howard S and Tamblyn, Robyn M and others},
  year={1980},
  publisher={Springer Publishing Company}
}
@book{staats1996behavior,
  title={Behavior and personality: Psychological behaviorism},
  author={Staats, Walter W},
  year={1996},
  publisher={Springer Publishing Company}
}
@article{rescorla1972theory,
  title={A theory of Pavlovian conditioning: Variations in the effectiveness of reinforcement and nonreinforcement},
  author={Rescorla, Robert A and Wagner, Allan R and others},
  journal={Classical conditioning II: Current research and theory},
  volume={2},
  pages={64--99},
  year={1972},
  publisher={New-York}
}
@article{wood1976role,
  title={The role of tutoring in problem solving},
  author={Wood, David and Bruner, Jerome S and Ross, Gail},
  journal={Journal of child psychology and psychiatry},
  volume={17},
  number={2},
  pages={89--100},
  year={1976},
  publisher={Wiley Online Library}
}
@article{ryan2000self,
  title={Self-determination theory and the facilitation of intrinsic motivation, social development, and well-being.},
  author={Ryan, Richard M and Deci, Edward L},
  journal={American psychologist},
  volume={55},
  number={1},
  pages={68},
  year={2000},
  publisher={American Psychological Association}
}
@misc{laird1985approaches,
  title={Approaches to training and development},
  author={Laird, Dugan},
  year={1985},
  publisher={Addison-Wesley, Reading, Massachusetts}
}
@article{brown1989situated,
  title={Situated cognition and the culture of learning},
  author={Brown, John Seely and Collins, Allan and Duguid, Paul},
  journal={Educational researcher},
  volume={18},
  number={1},
  pages={32--42},
  year={1989},
  publisher={Sage Publications Sage CA: Thousand Oaks, CA}
}
@book{lave1991situated,
  title={Situated learning: Legitimate peripheral participation},
  author={Lave, Jean and Wenger, Etienne and others},
  year={1991},
  publisher={Cambridge university press}
}
@book{vygotsky1978mind,
  title={Mind in society: The development of higher psychological processes},
  author={Vygotsky, Lev Semenovich},
  year={1978},
  publisher={Harvard university press}
}
@book{bandura1977social,
  title={Social learning theory},
  author={Bandura, Albert and Walters, Richard H},
  volume={1},
  year={1977},
  publisher={Prentice-hall Englewood Cliffs, NJ}
}
@article{mayer1998split,
  title={A split-attention effect in multimedia learning: Evidence for dual processing systems in working memory.},
  author={Mayer, Richard E and Moreno, Roxana},
  journal={Journal of educational psychology},
  volume={90},
  number={2},
  pages={312},
  year={1998},
  publisher={American Psychological Association}
}
@book{piaget1952origins,
  title={The origins of intelligence in children},
  author={Piaget, Jean and Cook, Margaret},
  volume={8},
  number={5},
  year={1952},
  publisher={International Universities Press New York}
}
@article{marton1976qualitative,
  title={On qualitative differences in learning: I—Outcome and process},
  author={Marton, Ference and S{\"a}lj{\"o}, Roger},
  journal={British journal of educational psychology},
  volume={46},
  number={1},
  pages={4--11},
  year={1976},
  publisher={Wiley Online Library}
}
@article{ausubel1962subsumption,
  title={A subsumption theory of meaningful verbal learning and retention},
  author={Ausubel, David P},
  journal={The Journal of General Psychology},
  volume={66},
  number={2},
  pages={213--224},
  year={1962},
  publisher={Taylor \& Francis}
}
@book{mezirow1991transformative,
  title={Transformative dimensions of adult learning.},
  author={Mezirow, Jack},
  year={1991},
  publisher={ERIC}
}
@article{baddeley1992working,
  title={Working memory},
  author={Baddeley, Alan},
  journal={Science},
  volume={255},
  number={5044},
  pages={556--559},
  year={1992},
  publisher={American Association for the Advancement of Science}
}
@article{vygotsky1978interaction,
  title={Interaction between learning and development},
  author={Vygotsky, Lev},
  journal={Readings on the development of children},
  volume={23},
  number={3},
  pages={34--41},
  year={1978}
}
@article{du1986some,
  title={Some difficulties of learning to program},
  author={Du Boulay, Benedict},
  journal={Journal of Educational Computing Research},
  volume={2},
  number={1},
  pages={57--73},
  year={1986},
  publisher={SAGE Publications Sage CA: Los Angeles, CA}
}
@book{meyer2006overcoming,
  title={Overcoming barriers to student understanding: Threshold concepts and troublesome knowledge},
  author={Meyer, Jan and Land, Ray},
  year={2006},
  publisher={Routledge}
}
@inproceedings{sanders2012threshold,
  title={Threshold concepts and threshold skills in computing},
  author={Sanders, Kate and Boustedt, Jonas and Eckerdal, Anna and McCartney, Robert and Mostr{\"o}m, Jan Erik and Thomas, Lynda and Zander, Carol},
  booktitle={ICER'12 Auckland, September 10-12, 2012, Auckland, New Zealand.},
  pages={23--30},
  year={2012},
  organization={Association for Computing Machinery (ACM)}
}
@article{robins2010learning,
  title={Learning edge momentum: A new account of outcomes in CS1},
  author={Robins, Anthony},
  journal={Computer Science Education},
  volume={20},
  number={1},
  pages={37--71},
  year={2010},
  publisher={Taylor \& Francis}
}
@inproceedings{basawapatna2013zones,
  title={The zones of proximal flow: guiding students through a space of computational thinking skills and challenges},
  author={Basawapatna, Ashok R and Repenning, Alexander and Koh, Kyu Han and Nickerson, Hilarie},
  booktitle={Proceedings of the ninth annual international ACM conference on International computing education research},
  pages={67--74},
  year={2013},
  organization={ACM}
}
@inproceedings{barker2002defensive,
  title={Defensive climate in the computer science classroom},
  author={Barker, Lecia Jane and Garvin-Doxas, Kathy and Jackson, Michele},
  booktitle={ACM SIGCSE Bulletin},
  volume={34},
  number={1},
  pages={43--47},
  year={2002},
  organization={ACM}
}
@inproceedings{jadud2006methods,
  title={Methods and tools for exploring novice compilation behaviour},
  author={Jadud, Matthew C},
  booktitle={Proceedings of the second international workshop on Computing education research},
  pages={73--84},
  year={2006},
  organization={ACM}
}
@inproceedings{naps2002exploring,
  title={Exploring the role of visualization and engagement in computer science education},
  author={Naps, Thomas L and R{\"o}{\ss}ling, Guido and Almstrum, Vicki and Dann, Wanda and Fleischer, Rudolf and Hundhausen, Chris and Korhonen, Ari and Malmi, Lauri and McNally, Myles and Rodger, Susan and others},
  booktitle={ACM Sigcse Bulletin},
  volume={35},
  number={2},
  pages={131--152},
  year={2002},
  organization={ACM}
}
@incollection{thorndyke1983spatial,
  title={Spatial learning and reasoning skill},
  author={Thorndyke, Perry W and Goldin, Sarah E},
  booktitle={Spatial orientation},
  pages={195--217},
  year={1983},
  publisher={Springer}
}
@article{schmidt1975schema,
  title={A schema theory of discrete motor skill learning.},
  author={Schmidt, Richard A},
  journal={Psychological review},
  volume={82},
  number={4},
  pages={225},
  year={1975},
  publisher={American Psychological Association}
}
@inproceedings{seiter2013modeling,
  title={Modeling the learning progressions of computational thinking of primary grade students},
  author={Seiter, Linda and Foreman, Brendan},
  booktitle={Proceedings of the ninth annual international ACM conference on International computing education research},
  pages={59--66},
  year={2013},
  organization={ACM}
}
@article{hazzan1999reducing,
  title={Reducing abstraction level when learning abstract algebra concepts},
  author={Hazzan, Orit},
  journal={Educational Studies in Mathematics},
  volume={40},
  number={1},
  pages={71--90},
  year={1999},
  publisher={Springer}
}
@article{erikson1968identity,
  title={Identity and the Life Cycle: Selected Papers},
  author={Erikson, Erik H},
  year={1968}
}
@article{nardi1996studying,
  title={Studying context: A comparison of activity theory, situated action models, and distributed cognition},
  author={Nardi, Bonnie A},
  journal={Context and consciousness: Activity theory and human-computer interaction},
  volume={69102},
  year={1996}
}
@article{rogers1962diffusion,
  title={Diffusion of innovations.},
  author={ROGERS, Everett M and others},
  journal={Diffusion of innovations.},
  year={1962},
  publisher={New York: Free Pr. of Glencoe.}
}
@article{edwards2002reflexivity,
  title={Reflexivity: towards a theory of lifelong learning},
  author={Edwards, Richard and Ranson, Stewart and Strain, Michael},
  journal={International journal of lifelong education},
  volume={21},
  number={6},
  pages={525--536},
  year={2002},
  publisher={Taylor \& Francis}
}
@inproceedings{schulte2008block,
  title={Block Model: an educational model of program comprehension as a tool for a scholarly approach to teaching},
  author={Schulte, Carsten},
  booktitle={Proceedings of the Fourth international Workshop on Computing Education Research},
  pages={149--160},
  year={2008},
  organization={ACM}
}
@article{bandura1977self,
  title={Self-efficacy: toward a unifying theory of behavioral change.},
  author={Bandura, Albert},
  journal={Psychological review},
  volume={84},
  number={2},
  pages={191},
  year={1977},
  publisher={American Psychological Association}
}
@article{duckworth2007grit,
  title={Grit: perseverance and passion for long-term goals.},
  author={Duckworth, Angela L and Peterson, Christopher and Matthews, Michael D and Kelly, Dennis R},
  journal={Journal of personality and social psychology},
  volume={92},
  number={6},
  pages={1087},
  year={2007},
  publisher={American Psychological Association}
}
@inproceedings{simmons1988theory,
  title={A Theory of Debugging Plans and Interpretations.},
  author={Simmons, Reid G},
  booktitle={AAAI},
  pages={94--99},
  year={1988}
}
@article{deci2010intrinsic,
  title={Intrinsic motivation},
  author={Deci, Edward L and Ryan, Richard M},
  journal={The corsini encyclopedia of psychology},
  pages={1--2},
  year={2010},
  publisher={Wiley Online Library}
}
@article{Hostetler:1983,
 author = {Hostetler, Terry R.},
 title={Predicting Student Success in an Introductory Programming Course},
 journal = {SIGCSE Bull.},
 issue_date = {Sept. 1983},
 volume = {15},
 number = {3},
 month = sep,
 year = {1983},
 issn = {0097-8418},
 pages = {40--43},
 numpages = {4},
 url = {http://doi.acm.org/10.1145/382188.382571},
 doi = {10.1145/382188.382571},
 acmid = {382571},
 publisher = {ACM},
 address = {New York, NY, USA},
}
@article{smith1994misconceptions,
  title={Misconceptions reconceived: A constructivist analysis of knowledge in transition},
  author={Smith III, John P and Disessa, Andrea A and Roschelle, Jeremy},
  journal={The journal of the learning sciences},
  volume={3},
  number={2},
  pages={115--163},
  year={1994},
  publisher={Taylor \& Francis}
}
@article{clancy2004misconceptions,
  title={Misconceptions and attitudes that interfere with learning to program},
  author={Clancy, Michael},
  journal={Computer science education research},
  pages={85--100},
  year={2004},
  publisher={Routledge}
}
@article{soloway1984empirical,
  title={Empirical studies of programming knowledge},
  author={Soloway, Elliot and Ehrlich, Kate},
  journal={IEEE Transactions on software engineering},
  number={5},
  pages={595--609},
  year={1984},
  publisher={IEEE}
}
@inproceedings{simmons1988theory,
  title={A Theory of Debugging Plans and Interpretations.},
  author={Simmons, Reid G},
  booktitle={AAAI},
  pages={94--99},
  year={1988}
}
@inproceedings{ko2003development,
  title={Development and evaluation of a model of programming errors},
  author={Ko, Andrew Jensen and Myers, Brad A},
  booktitle={IEEE Symposium on Human Centric Computing Languages and Environments, 2003. Proceedings. 2003},
  pages={7--14},
  year={2003},
  organization={IEEE}
}