@inproceedings{Stroud:2019:UTS:3318396.3318399,
 author = {Stroud, Robert},
 title = {The Use of Technology to Support Theories of Learner Engagement},
 booktitle = {Proceedings of the 2019 8th International Conference on Educational and Information Technology},
 series = {ICEIT 2019},
 year = {2019},
 isbn = {978-1-4503-6267-2},
 location = {Cambridge, United Kingdom},
 pages = {137--140},
 numpages = {4},
 url = {http://doi.acm.org/10.1145/3318396.3318399},
 doi = {10.1145/3318396.3318399},
 acmid = {3318399},
 publisher = {ACM},
 address = {New York, NY, USA},
 keywords = {CALL, achievement goal theory, engagement, expectancy-value theory, motivation, self-determination theory, social cognitive theory, technology},
}

@inproceedings{Balaam:2010:EAT:1753326.1753568,
 author = {Balaam, Madeline and Fitzpatrick, Geraldine and Good, Judith and Luckin, Rosemary},
 title = {Exploring Affective Technologies for the Classroom with the Subtle Stone},
 booktitle = {Proceedings of the SIGCHI Conference on Human Factors in Computing Systems},
 series = {CHI '10},
 year = {2010},
 isbn = {978-1-60558-929-9},
 location = {Atlanta, Georgia, USA},
 pages = {1623--1632},
 numpages = {10},
 url = {http://doi.acm.org/10.1145/1753326.1753568},
 doi = {10.1145/1753326.1753568},
 acmid = {1753568},
 publisher = {ACM},
 address = {New York, NY, USA},
 keywords = {affect, affective technologies, classroom, emotion, emotional communication, learning, subtle stone},
}

@inproceedings{Falkner:2014:WBW:2674683.2674698,
 author = {Falkner, Nickolas J. G. and Falkner, Katrina E.},
 title = {"Whither, Badges?" or "Wither, Badges!": A Metastudy of Badges in Computer Science Education to Clarify Effects, Significance and Influence},
 booktitle = {Proceedings of the 14th Koli Calling International Conference on Computing Education Research},
 series = {Koli Calling '14},
 year = {2014},
 isbn = {978-1-4503-3065-7},
 location = {Koli, Finland},
 pages = {127--135},
 numpages = {9},
 url = {http://doi.acm.org/10.1145/2674683.2674698},
 doi = {10.1145/2674683.2674698},
 acmid = {2674698},
 publisher = {ACM},
 address = {New York, NY, USA},
 keywords = {badges, emprical study, gamification, motivation, virtual rewards},
}

@inproceedings{Tolentino:2019:GPI:3306500.3306527,
 author = {Tolentino, Analyn N. and Roleda, Lydia S.},
 title = {Gamified Physics Instruction in a Reformatory Classroom Context},
 booktitle = {Proceedings of the 10th International Conference on E-Education, E-Business, E-Management and E-Learning},
 series = {IC4E '19},
 year = {2019},
 isbn = {978-1-4503-6602-1},
 location = {Tokyo, Japan},
 pages = {135--140},
 numpages = {6},
 url = {http://doi.acm.org/10.1145/3306500.3306527},
 doi = {10.1145/3306500.3306527},
 acmid = {3306527},
 publisher = {ACM},
 address = {New York, NY, USA},
 keywords = {achievement, gamification, motivation, physics},
}

@inproceedings{Babori:2019:RMC:3320326.3320349,
 author = {Babori, Abdelghani and Fassi, Hicham Fihri and Zaid, Abdelkarim},
 title = {Research on MOOCs: Current Trends and Taking into Account of Content},
 booktitle = {Proceedings of the 2Nd International Conference on Networking, Information Systems \& Security},
 series = {NISS19},
 year = {2019},
 isbn = {978-1-4503-6645-8},
 location = {Rabat, Morocco},
 pages = {17:1--17:9},
 articleno = {17},
 numpages = {9},
 url = {http://doi.acm.org/10.1145/3320326.3320349},
 doi = {10.1145/3320326.3320349},
 acmid = {3320349},
 publisher = {ACM},
 address = {New York, NY, USA},
 keywords = {MOOC, content, didactics, systematic review},
}

@inproceedings{Membiela:2018:RCE:3284179.3284280,
 author = {Membiela, Pedro and Cal, Laura and Jim{\'e}nez, Ares and Otero, Alberto and Zemankova, Katerina},
 title = {Relationship Between Classroom Environment and Emotions in Science Students},
 booktitle = {Proceedings of the Sixth International Conference on Technological Ecosystems for Enhancing Multiculturality},
 series = {TEEM'18},
 year = {2018},
 isbn = {978-1-4503-6518-5},
 location = {Salamanca, Spain},
 pages = {613--616},
 numpages = {4},
 url = {http://doi.acm.org/10.1145/3284179.3284280},
 doi = {10.1145/3284179.3284280},
 acmid = {3284280},
 publisher = {ACM},
 address = {New York, NY, USA},
 keywords = {classroom environment, science students, student emotions},
}

@inproceedings{Zingaro:2018:AGC:3159450.3159452,
 author = {Zingaro, Daniel and Craig, Michelle and Porter, Leo and Becker, Brett A. and Cao, Yingjun and Conrad, Phill and Cukierman, Diana and Hellas, Arto and Loksa, Dastyni and Thota, Neena},
 title = {Achievement Goals in CS1: Replication and Extension},
 booktitle = {Proceedings of the 49th ACM Technical Symposium on Computer Science Education},
 series = {SIGCSE '18},
 year = {2018},
 isbn = {978-1-4503-5103-4},
 location = {Baltimore, Maryland, USA},
 pages = {687--692},
 numpages = {6},
 url = {http://doi.acm.org/10.1145/3159450.3159452},
 doi = {10.1145/3159450.3159452},
 acmid = {3159452},
 publisher = {ACM},
 address = {New York, NY, USA},
 keywords = {achievement goals, cs1, interest, motivation, novice programming},
}

@article{Zingaro:2015:EIG:2809889.2802752,
 author = {Zingaro, Daniel},
 title = {Examining Interest and Grades in Computer Science 1: A Study of Pedagogy and Achievement Goals},
 journal = {Trans. Comput. Educ.},
 issue_date = {September 2015},
 volume = {15},
 number = {3},
 month = jul,
 year = {2015},
 issn = {1946-6226},
 pages = {14:1--14:18},
 articleno = {14},
 numpages = {18},
 url = {http://doi.acm.org/10.1145/2802752},
 doi = {10.1145/2802752},
 acmid = {2802752},
 publisher = {ACM},
 address = {New York, NY, USA},
 keywords = {CS1, achievement goals, peer instruction},
}

@article{McGill:2012:LPP:2133797.2133801,
 author = {McGill, Monica M.},
 title = {Learning to Program with Personal Robots: Influences on Student Motivation},
 journal = {Trans. Comput. Educ.},
 issue_date = {March 2012},
 volume = {12},
 number = {1},
 month = mar,
 year = {2012},
 issn = {1946-6226},
 pages = {4:1--4:32},
 articleno = {4},
 numpages = {32},
 url = {http://doi.acm.org/10.1145/2133797.2133801},
 doi = {10.1145/2133797.2133801},
 acmid = {2133801},
 publisher = {ACM},
 address = {New York, NY, USA},
 keywords = {CS0, CS1, Motivation, Myro, curriculum, education, personal robots, programming},
}

@inproceedings{Zingaro:2016:ISA:2839509.2844553,
 author = {Zingaro, Daniel and Porter, Leo},
 title = {Impact of Student Achievement Goals on CS1 Outcomes},
 booktitle = {Proceedings of the 47th ACM Technical Symposium on Computing Science Education},
 series = {SIGCSE '16},
 year = {2016},
 isbn = {978-1-4503-3685-7},
 location = {Memphis, Tennessee, USA},
 pages = {279--296},
 numpages = {18},
 url = {http://doi.acm.org/10.1145/2839509.2844553},
 doi = {10.1145/2839509.2844553},
 acmid = {2844553},
 publisher = {ACM},
 address = {New York, NY, USA},
 keywords = {achievement goals, cs1, outcomes, success},
}

@inproceedings{Fan:2016:DRO:2930674.2930690,
 author = {Fan, Min and Antle, Alissa N. and Cramer, Emily S.},
 title = {Design Rationale: Opportunities and Recommendations for Tangible Reading Systems for Children},
 booktitle = {Proceedings of the The 15th International Conference on Interaction Design and Children},
 series = {IDC '16},
 year = {2016},
 isbn = {978-1-4503-4313-8},
 location = {Manchester, United Kingdom},
 pages = {101--112},
 numpages = {12},
 url = {http://doi.acm.org/10.1145/2930674.2930690},
 doi = {10.1145/2930674.2930690},
 acmid = {2930690},
 publisher = {ACM},
 address = {New York, NY, USA},
 keywords = {Tangible user interfaces, children, design rationale, dyslexia, literacy, reading, spelling},
}

@inproceedings{McLean:1991:SJP:111084.111086,
 author = {McLean, Ephraim R. and Tanner, John R. and Smits, Stanley J.},
 title = {Self-perceptions and Job Preferences of Entry-level Information Systems Professionals: Implications for Career Development},
 booktitle = {Proceedings of the 1991 Conference on SIGCPR},
 series = {SIGCPR '91},
 year = {1991},
 isbn = {0-89791-389-2},
 location = {Athens, Georgia, USA},
 pages = {3--13},
 numpages = {11},
 url = {http://doi.acm.org/10.1145/111084.111086},
 doi = {10.1145/111084.111086},
 acmid = {111086},
 publisher = {ACM},
 address = {New York, NY, USA},
}

@inproceedings{Shell:2016:SIC:2839509.2844606,
 author = {Shell, Duane F. and Soh, Leen-Kiat and Flanigan, Abraham E. and Peteranetz, Markeya S.},
 title = {Students' Initial Course Motivation and Their Achievement and Retention in College CS1 Courses},
 booktitle = {Proceedings of the 47th ACM Technical Symposium on Computing Science Education},
 series = {SIGCSE '16},
 year = {2016},
 isbn = {978-1-4503-3685-7},
 location = {Memphis, Tennessee, USA},
 pages = {639--644},
 numpages = {6},
 url = {http://doi.acm.org/10.1145/2839509.2844606},
 doi = {10.1145/2839509.2844606},
 acmid = {2844606},
 publisher = {ACM},
 address = {New York, NY, USA},
 keywords = {cs1 achievement., goal orientation, retention, student motivation},
}

@inproceedings{Peteranetz:2018:EIC:3159450.3159459,
 author = {Peteranetz, Markeya S. and Wang, Shiyuan and Shell, Duane F. and Flanigan, Abraham E. and Soh, Leen-Kiat},
 title = {Examining the Impact of Computational Creativity Exercises on College Computer Science Students' Learning, Achievement, Self-Efficacy, and Creativity},
 booktitle = {Proceedings of the 49th ACM Technical Symposium on Computer Science Education},
 series = {SIGCSE '18},
 year = {2018},
 isbn = {978-1-4503-5103-4},
 location = {Baltimore, Maryland, USA},
 pages = {155--160},
 numpages = {6},
 url = {http://doi.acm.org/10.1145/3159450.3159459},
 doi = {10.1145/3159450.3159459},
 acmid = {3159459},
 publisher = {ACM},
 address = {New York, NY, USA},
 keywords = {computational creativity, computational thinking, computer science education},
}

@inproceedings{Krause:2015:PGC:2724660.2724665,
 author = {Krause, Markus and Mogalle, Marc and Pohl, Henning and Williams, Joseph Jay},
 title = {A Playful Game Changer: Fostering Student Retention in Online Education with Social Gamification},
 booktitle = {Proceedings of the Second (2015) ACM Conference on Learning @ Scale},
 series = {L@S '15},
 year = {2015},
 isbn = {978-1-4503-3411-2},
 location = {Vancouver, BC, Canada},
 pages = {95--102},
 numpages = {8},
 url = {http://doi.acm.org/10.1145/2724660.2724665},
 doi = {10.1145/2724660.2724665},
 acmid = {2724665},
 publisher = {ACM},
 address = {New York, NY, USA},
 keywords = {gamification, learning at scale, massive open online courses, mooc, social engagement},
}

@inproceedings{Piki:2017:LEM:3136907.3136927,
 author = {Piki, Andriani},
 title = {Learner Engagement in Mobile Computer-supported Collaborative Learning Contexts: An Integrative Framework},
 booktitle = {Proceedings of the 16th World Conference on Mobile and Contextual Learning},
 series = {mLearn 2017},
 year = {2017},
 isbn = {978-1-4503-5255-0},
 location = {Larnaca, Cyprus},
 pages = {24:1--24:7},
 articleno = {24},
 numpages = {7},
 url = {http://doi.acm.org/10.1145/3136907.3136927},
 doi = {10.1145/3136907.3136927},
 acmid = {3136927},
 publisher = {ACM},
 address = {New York, NY, USA},
 keywords = {collaborative learning, integrative framework, learner engagement, mobile technology, theoretical exploration},
}

@inproceedings{Beheshitha:2016:RAG:2883851.2883904,
 author = {Beheshitha, Sanam Shirazi and Hatala, Marek and Ga\v{s}evi\'{c}, Dragan and Joksimovi\'{c}, Sre\'{c}ko},
 title = {The Role of Achievement Goal Orientations when Studying Effect of Learning Analytics Visualizations},
 booktitle = {Proceedings of the Sixth International Conference on Learning Analytics \& Knowledge},
 series = {LAK '16},
 year = {2016},
 isbn = {978-1-4503-4190-5},
 location = {Edinburgh, United Kingdom},
 pages = {54--63},
 numpages = {10},
 url = {http://doi.acm.org/10.1145/2883851.2883904},
 doi = {10.1145/2883851.2883904},
 acmid = {2883904},
 publisher = {ACM},
 address = {New York, NY, USA},
 keywords = {achievement goal orientation, dashboards, learning analytics, online discussions, visualizations},
}

@inproceedings{Dang:2017:DDO:3051457.3051470,
 author = {Dang, Steven and Yudelson, Michael and Koedinger, Kenneth R.},
 title = {Detecting Diligence with Online Behaviors on Intelligent Tutoring Systems},
 booktitle = {Proceedings of the Fourth (2017) ACM Conference on Learning @ Scale},
 series = {L@S '17},
 year = {2017},
 isbn = {978-1-4503-4450-0},
 location = {Cambridge, Massachusetts, USA},
 pages = {51--59},
 numpages = {9},
 url = {http://doi.acm.org/10.1145/3051457.3051470},
 doi = {10.1145/3051457.3051470},
 acmid = {3051470},
 publisher = {ACM},
 address = {New York, NY, USA},
 keywords = {diligence, intelligent tutoring systems, learning analytics, measurement, motivation, noncognitive factors, online behaviors, self-control, self-regulated learning},
}

@inproceedings{Malta:2015:SAG:2695664.2695775,
 author = {Malta, Cheops Araujo and Paiva, Ranilson O. Ara\'{u}jo and da Silva, Alan Pedro and Bittencourt, Ig Ibert and de Oliveira Filho, Ananias Queiroga},
 title = {A Survey Analysis on Goal Orientation Changes in an Information Systems Distance Course: A Brazilian Case Study},
 booktitle = {Proceedings of the 30th Annual ACM Symposium on Applied Computing},
 series = {SAC '15},
 year = {2015},
 isbn = {978-1-4503-3196-8},
 location = {Salamanca, Spain},
 pages = {227--232},
 numpages = {6},
 url = {http://doi.acm.org/10.1145/2695664.2695775},
 doi = {10.1145/2695664.2695775},
 acmid = {2695775},
 publisher = {ACM},
 address = {New York, NY, USA},
 keywords = {change goals, distance learning, information systems, motivation},
}

@inproceedings{Clear:2005:MPV:1082424.1082431,
 author = {Clear, Tony and Kassabova, Diana},
 title = {Motivational Patterns in Virtual Team Collaboration},
 booktitle = {Proceedings of the 7th Australasian Conference on Computing Education - Volume 42},
 series = {ACE '05},
 year = {2005},
 isbn = {1-920682-24-4},
 location = {Newcastle, New South Wales, Australia},
 pages = {51--58},
 numpages = {8},
 url = {http://dl.acm.org/citation.cfm?id=1082424.1082431},
 acmid = {1082431},
 publisher = {Australian Computer Society, Inc.},
 address = {Darlinghurst, Australia, Australia},
 keywords = {collaborative learning, computer science education research, extrinsic motivation, global virtual teams, groupware, intrinsic motivation, virtual teams},
}

@article{McLean:1991:SJP:126524.126528,
 author = {McLean, Ephraim R. and Tanner, John R. and Smits, Stanley J.},
 title = {Self-perceptions and Job Preferences of Entry-level Information Systems Professionals: Implications for Career Development},
 journal = {SIGCPR Comput. Pers.},
 issue_date = {Nov. 1991},
 volume = {13},
 number = {3},
 month = nov,
 year = {1991},
 issn = {0160-2497},
 pages = {33--43},
 numpages = {11},
 url = {http://doi.acm.org/10.1145/126524.126528},
 doi = {10.1145/126524.126528},
 acmid = {126528},
 publisher = {ACM},
 address = {New York, NY, USA},
}

@inproceedings{Howley:2009:MCB:1599503.1599523,
 author = {Howley, Iris and Chaudhuri, Sourish and Kumar, Rohit and Ros{\'e}, Carolyn Penstein},
 title = {Motivation and Collaborative Behavior: An Exploratory Analysis},
 booktitle = {Proceedings of the 9th International Conference on Computer Supported Collaborative Learning - Volume 2},
 series = {CSCL'09},
 year = {2009},
 isbn = {978-1-4092-8598-4},
 location = {Rhodes, Greece},
 pages = {59--61},
 numpages = {3},
 url = {http://dl.acm.org/citation.cfm?id=1599503.1599523},
 acmid = {1599523},
 publisher = {International Society of the Learning Sciences},
}

