@article{Buchanan:2014:CST:2600089.2535909,
 author = {Buchanan, Sarah and Laviola,Jr., Joseph J.},
 title = {CSTutor: A Sketch-Based Tool for Visualizing Data Structures},
 journal = {Trans. Comput. Educ.},
 issue_date = {March 2014},
 volume = {14},
 number = {1},
 month = mar,
 year = {2014},
 issn = {1946-6226},
 pages = {3:1--3:28},
 articleno = {3},
 numpages = {28},
 url = {http://doi.acm.org/10.1145/2535909},
 doi = {10.1145/2535909},
 acmid = {2535909},
 publisher = {ACM},
 address = {New York, NY, USA},
 keywords = {Sketch-based input, animation, data structures, visualization},
}

