@article{Acevedo-Mosqueda:2013:BAM:2431211.2431217,
 author = {Acevedo-Mosqueda, Maria Elena and Y\'{a}\~{n}ez-M\'{a}rquez, Cornelio and Acevedo-Mosqueda, Marco Antonio},
 title = {Bidirectional Associative Memories: Different Approaches},
 journal = {ACM Comput. Surv.},
 issue_date = {February 2013},
 volume = {45},
 number = {2},
 month = mar,
 year = {2013},
 issn = {0360-0300},
 pages = {18:1--18:30},
 articleno = {18},
 numpages = {30},
 url = {http://doi.acm.org/10.1145/2431211.2431217},
 doi = {10.1145/2431211.2431217},
 acmid = {2431217},
 publisher = {ACM},
 address = {New York, NY, USA},
 keywords = {Bidirectional associative memories, correct recall, one-shot algorithms},
}

@article{Yasar:2018:NPC:3234519.3214354,
 author = {Ya\c{s}ar, Osman},
 title = {A New Perspective on Computational Thinking},
 journal = {Commun. ACM},
 issue_date = {July 2018},
 volume = {61},
 number = {7},
 month = jun,
 year = {2018},
 issn = {0001-0782},
 pages = {33--39},
 numpages = {7},
 url = {http://doi.acm.org/10.1145/3214354},
 doi = {10.1145/3214354},
 acmid = {3214354},
 publisher = {ACM},
 address = {New York, NY, USA},
}

@article{Keating:1993:HNN:164205.164224,
 author = {Keating, John G.},
 title = {Hopfield Networks, Neural Data Structures and the Nine Flies Problem: Neural Network Programming Projects for Undergraduates},
 journal = {SIGCSE Bull.},
 issue_date = {Dec. 1993},
 volume = {25},
 number = {4},
 month = dec,
 year = {1993},
 issn = {0097-8418},
 pages = {33--37},
 numpages = {5},
 url = {http://doi.acm.org/10.1145/164205.164224},
 doi = {10.1145/164205.164224},
 acmid = {164224},
 publisher = {ACM},
 address = {New York, NY, USA},
}

@article{Sondak:1989:NNA:65294.71221,
 author = {Sondak, N. E. and Sondak, V. K.},
 title = {Neural Networks and Artificial Intelligence},
 journal = {SIGCSE Bull.},
 issue_date = {Feb. 1989},
 volume = {21},
 number = {1},
 month = feb,
 year = {1989},
 issn = {0097-8418},
 pages = {241--245},
 numpages = {5},
 url = {http://doi.acm.org/10.1145/65294.71221},
 doi = {10.1145/65294.71221},
 acmid = {71221},
 publisher = {ACM},
 address = {New York, NY, USA},
}

@inproceedings{Sondak:1989:NNA:65293.71221,
 author = {Sondak, N. E. and Sondak, V. K.},
 title = {Neural Networks and Artificial Intelligence},
 booktitle = {Proceedings of the Twentieth SIGCSE Technical Symposium on Computer Science Education},
 series = {SIGCSE '89},
 year = {1989},
 isbn = {0-89791-298-5},
 location = {Louisville, Kentucky, USA},
 pages = {241--245},
 numpages = {5},
 url = {http://doi.acm.org/10.1145/65293.71221},
 doi = {10.1145/65293.71221},
 acmid = {71221},
 publisher = {ACM},
 address = {New York, NY, USA},
}

@inproceedings{Abunawass:1992:BBM:134510.134529,
 author = {Abunawass, Adel M.},
 title = {Biologically Based Machine Learning Paradigms: An Introductory Course},
 booktitle = {Proceedings of the Twenty-third SIGCSE Technical Symposium on Computer Science Education},
 series = {SIGCSE '92},
 year = {1992},
 isbn = {0-89791-468-6},
 location = {Kansas City, Missouri, USA},
 pages = {87--91},
 numpages = {5},
 url = {http://doi.acm.org/10.1145/134510.134529},
 doi = {10.1145/134510.134529},
 acmid = {134529},
 publisher = {ACM},
 address = {New York, NY, USA},
}

@article{Abunawass:1992:BBM:135250.134529,
 author = {Abunawass, Adel M.},
 title = {Biologically Based Machine Learning Paradigms: An Introductory Course},
 journal = {SIGCSE Bull.},
 issue_date = {March 1992},
 volume = {24},
 number = {1},
 month = mar,
 year = {1992},
 issn = {0097-8418},
 pages = {87--91},
 numpages = {5},
 url = {http://doi.acm.org/10.1145/135250.134529},
 doi = {10.1145/135250.134529},
 acmid = {134529},
 publisher = {ACM},
 address = {New York, NY, USA},
}

@article{Peelle:1981:TTC:390007.805366,
 author = {Peelle, Howard A.},
 title = {Teaching a Topic in Cybernetics with APL: An Introduction to Neural Net Modelling},
 journal = {SIGAPL APL Quote Quad},
 issue_date = {September 1981},
 volume = {12},
 number = {1},
 month = sep,
 year = {1981},
 issn = {0163-6006},
 pages = {235--239},
 numpages = {5},
 url = {http://doi.acm.org/10.1145/390007.805366},
 doi = {10.1145/390007.805366},
 acmid = {805366},
 publisher = {ACM},
 address = {New York, NY, USA},
}

@inproceedings{Peelle:1981:TTC:800142.805366,
 author = {Peelle, Howard A.},
 title = {Teaching a Topic in Cybernetics with APL: An Introduction to Neural Net Modelling},
 booktitle = {Proceedings of the International Conference on APL},
 series = {APL '81},
 year = {1981},
 isbn = {0-89791-035-4},
 location = {San Francisco, California, USA},
 pages = {235--239},
 numpages = {5},
 url = {http://doi.acm.org/10.1145/800142.805366},
 doi = {10.1145/800142.805366},
 acmid = {805366},
 publisher = {ACM},
 address = {New York, NY, USA},
}

