@inproceedings{Budde:2017:TBT:3137065.3137077,
 author = {Budde, Lea and Heinemann, Birte and Schulte, Carsten},
 title = {A Theory Based Tool Set for Analysing Reading Processes in the Context of Learning Programming},
 booktitle = {Proceedings of the 12th Workshop on Primary and Secondary Computing Education},
 series = {WiPSCE '17},
 year = {2017},
 isbn = {978-1-4503-5428-8},
 location = {Nijmegen, Netherlands},
 pages = {83--86},
 numpages = {4},
 url = {http://doi.acm.org/10.1145/3137065.3137077},
 doi = {10.1145/3137065.3137077},
 acmid = {3137077},
 publisher = {ACM},
 address = {New York, NY, USA},
 keywords = {Block Model, Block Sequence Viewer, Cognitive Load, Eye Tracking, Learning Programming},
}

@inproceedings{Sudol-DeLyser:2012:CCP:2325296.2325319,
 author = {Sudol-DeLyser, Leigh Ann and Stehlik, Mark and Carver, Sharon},
 title = {Code Comprehension Problems As Learning Events},
 booktitle = {Proceedings of the 17th ACM Annual Conference on Innovation and Technology in Computer Science Education},
 series = {ITiCSE '12},
 year = {2012},
 isbn = {978-1-4503-1246-2},
 location = {Haifa, Israel},
 pages = {81--86},
 numpages = {6},
 url = {http://doi.acm.org/10.1145/2325296.2325319},
 doi = {10.1145/2325296.2325319},
 acmid = {2325319},
 publisher = {ACM},
 address = {New York, NY, USA},
 keywords = {code comprehension, feedback, tutoring system, worked examples},
}

@inproceedings{Cutts:2014:CSF:2670757.2670780,
 author = {Cutts, Quintin and Connor, Richard and Michaelson, Greg and Donaldson, Peter},
 title = {Code or (Not Code): Separating Formal and Natural Language in CS Education},
 booktitle = {Proceedings of the 9th Workshop in Primary and Secondary Computing Education},
 series = {WiPSCE '14},
 year = {2014},
 isbn = {978-1-4503-3250-7},
 location = {Berlin, Germany},
 pages = {20--28},
 numpages = {9},
 url = {http://doi.acm.org/10.1145/2670757.2670780},
 doi = {10.1145/2670757.2670780},
 acmid = {2670780},
 publisher = {ACM},
 address = {New York, NY, USA},
 keywords = {assessment, comprehension, language, program, pseudo-code, reference},
}

@inproceedings{Sudol-DeLyser:2015:EAS:2676723.2677222,
 author = {Sudol-DeLyser, Leigh Ann},
 title = {Expression of Abstraction: Self Explanation in Code Production},
 booktitle = {Proceedings of the 46th ACM Technical Symposium on Computer Science Education},
 series = {SIGCSE '15},
 year = {2015},
 isbn = {978-1-4503-2966-8},
 location = {Kansas City, Missouri, USA},
 pages = {272--277},
 numpages = {6},
 url = {http://doi.acm.org/10.1145/2676723.2677222},
 doi = {10.1145/2676723.2677222},
 acmid = {2677222},
 publisher = {ACM},
 address = {New York, NY, USA},
 keywords = {code comprehension, computer science education research, explain in plain english, novice programmers, solo},
}

@inproceedings{Cukierman:2015:PSU:2729094.2742623,
 author = {Cukierman, Diana},
 title = {Predicting Success in University First Year Computing Science Courses: The Role of Student Participation in Reflective Learning Activities and in I-clicker Activities},
 booktitle = {Proceedings of the 2015 ACM Conference on Innovation and Technology in Computer Science Education},
 series = {ITiCSE '15},
 year = {2015},
 isbn = {978-1-4503-3440-2},
 location = {Vilnius, Lithuania},
 pages = {248--253},
 numpages = {6},
 url = {http://doi.acm.org/10.1145/2729094.2742623},
 doi = {10.1145/2729094.2742623},
 acmid = {2742623},
 publisher = {ACM},
 address = {New York, NY, USA},
 keywords = {class active participation, cs education research, experience report, i-clickers, predictors of course success, study strategies},
}

@inproceedings{Wise:2018:URD:3170358.3170403,
 author = {Wise, Alyssa Friend and Cui, Yi},
 title = {Unpacking the Relationship Between Discussion Forum Participation and Learning in MOOCs: Content is Key},
 booktitle = {Proceedings of the 8th International Conference on Learning Analytics and Knowledge},
 series = {LAK '18},
 year = {2018},
 isbn = {978-1-4503-6400-3},
 location = {Sydney, New South Wales, Australia},
 pages = {330--339},
 numpages = {10},
 url = {http://doi.acm.org/10.1145/3170358.3170403},
 doi = {10.1145/3170358.3170403},
 acmid = {3170403},
 publisher = {ACM},
 address = {New York, NY, USA},
 keywords = {discussion forum, learning outcomes, massive open online courses, social network analysis},
}

@inproceedings{Schulte:2010:IPC:1971681.1971687,
 author = {Schulte, Carsten and Clear, Tony and Taherkhani, Ahmad and Busjahn, Teresa and Paterson, James H.},
 title = {An Introduction to Program Comprehension for Computer Science Educators},
 booktitle = {Proceedings of the 2010 ITiCSE Working Group Reports},
 series = {ITiCSE-WGR '10},
 year = {2010},
 isbn = {978-1-4503-0677-5},
 location = {Ankara, Turkey},
 pages = {65--86},
 numpages = {22},
 url = {http://doi.acm.org/10.1145/1971681.1971687},
 doi = {10.1145/1971681.1971687},
 acmid = {1971687},
 publisher = {ACM},
 address = {New York, NY, USA},
 keywords = {CS ed research, pedagogy, program comprehension},
}

@inproceedings{Schulte:2008:BME:1404520.1404535,
 author = {Schulte, Carsten},
 title = {Block Model: An Educational Model of Program Comprehension As a Tool for a Scholarly Approach to Teaching},
 booktitle = {Proceedings of the Fourth International Workshop on Computing Education Research},
 series = {ICER '08},
 year = {2008},
 isbn = {978-1-60558-216-0},
 location = {Sydney, Australia},
 pages = {149--160},
 numpages = {12},
 url = {http://doi.acm.org/10.1145/1404520.1404535},
 doi = {10.1145/1404520.1404535},
 acmid = {1404535},
 publisher = {ACM},
 address = {New York, NY, USA},
 keywords = {CS, CS ed research, educational model, pedagogy, program comprehension, teaching algorithms, teaching teacher students},
}

@inproceedings{Deitelhoff:2018:AGS:3204493.3207421,
 author = {Deitelhoff, Fabian},
 title = {Asynchronous Gaze Sharing: Towards a Dynamic Help System to Support Learners During Program Comprehension},
 booktitle = {Proceedings of the 2018 ACM Symposium on Eye Tracking Research \& Applications},
 series = {ETRA '18},
 year = {2018},
 isbn = {978-1-4503-5706-7},
 location = {Warsaw, Poland},
 pages = {70:1--70:3},
 articleno = {70},
 numpages = {3},
 url = {http://doi.acm.org/10.1145/3204493.3207421},
 doi = {10.1145/3204493.3207421},
 acmid = {3207421},
 publisher = {ACM},
 address = {New York, NY, USA},
 keywords = {asynchronous gaze sharing, program comprehension, social guidance, social navigation},
}

@inproceedings{Kasto:2012:DKN:2361276.2361310,
 author = {Kasto, Nadia},
 title = {The Development of Knowledge in Novice Programmers},
 booktitle = {Proceedings of the Ninth Annual International Conference on International Computing Education Research},
 series = {ICER '12},
 year = {2012},
 isbn = {978-1-4503-1604-0},
 location = {Auckland, New Zealand},
 pages = {159--160},
 numpages = {2},
 url = {http://doi.acm.org/10.1145/2361276.2361310},
 doi = {10.1145/2361276.2361310},
 acmid = {2361310},
 publisher = {ACM},
 address = {New York, NY, USA},
 keywords = {cognitive development, educational models, novice programmers},
}

@inproceedings{Donaldson:2018:FLA:3265757.3265776,
 author = {Donaldson, Peter and Cutts, Quintin},
 title = {Flexible Low-cost Activities to Develop Novice Code Comprehension Skills in Schools},
 booktitle = {Proceedings of the 13th Workshop in Primary and Secondary Computing Education},
 series = {WiPSCE '18},
 year = {2018},
 isbn = {978-1-4503-6588-8},
 location = {Potsdam, Germany},
 pages = {19:1--19:4},
 articleno = {19},
 numpages = {4},
 url = {http://doi.acm.org/10.1145/3265757.3265776},
 doi = {10.1145/3265757.3265776},
 acmid = {3265776},
 publisher = {ACM},
 address = {New York, NY, USA},
 keywords = {block model, formative assessment, notional machine, program comprehension},
}

@inproceedings{Sentance:2017:PEP:3137065.3137084,
 author = {Sentance, Sue and Waite, Jane},
 title = {PRIMM: Exploring Pedagogical Approaches for Teaching Text-based Programming in School},
 booktitle = {Proceedings of the 12th Workshop on Primary and Secondary Computing Education},
 series = {WiPSCE '17},
 year = {2017},
 isbn = {978-1-4503-5428-8},
 location = {Nijmegen, Netherlands},
 pages = {113--114},
 numpages = {2},
 url = {http://doi.acm.org/10.1145/3137065.3137084},
 doi = {10.1145/3137065.3137084},
 acmid = {3137084},
 publisher = {ACM},
 address = {New York, NY, USA},
 keywords = {K-12 education, pedagogy, programming},
}

@inproceedings{Busjahn:2013:UCR:2526968.2526969,
 author = {Busjahn, Teresa and Schulte, Carsten},
 title = {The Use of Code Reading in Teaching Programming},
 booktitle = {Proceedings of the 13th Koli Calling International Conference on Computing Education Research},
 series = {Koli Calling '13},
 year = {2013},
 isbn = {978-1-4503-2482-3},
 location = {Koli, Finland},
 pages = {3--11},
 numpages = {9},
 url = {http://doi.acm.org/10.1145/2526968.2526969},
 doi = {10.1145/2526968.2526969},
 acmid = {2526969},
 publisher = {ACM},
 address = {New York, NY, USA},
 keywords = {CS ed research, code comprehension, code reading, educational research, program comprehension, teaching programming},
}

@inproceedings{Sentance:2019:TEU:3287324.3287477,
 author = {Sentance, Sue and Waite, Jane and Kallia, Maria},
 title = {Teachers' Experiences of Using PRIMM to Teach Programming in School},
 booktitle = {Proceedings of the 50th ACM Technical Symposium on Computer Science Education},
 series = {SIGCSE '19},
 year = {2019},
 isbn = {978-1-4503-5890-3},
 location = {Minneapolis, MN, USA},
 pages = {476--482},
 numpages = {7},
 url = {http://doi.acm.org/10.1145/3287324.3287477},
 doi = {10.1145/3287324.3287477},
 acmid = {3287477},
 publisher = {ACM},
 address = {New York, NY, USA},
 keywords = {k-12 education, k-12 teachers, programming education},
}

@inproceedings{Ehlert:2009:ECO:1584322.1584326,
 author = {Ehlert, Albrecht and Schulte, Carsten},
 title = {Empirical Comparison of Objects-first and Objects-later},
 booktitle = {Proceedings of the Fifth International Workshop on Computing Education Research Workshop},
 series = {ICER '09},
 year = {2009},
 isbn = {978-1-60558-615-1},
 location = {Berkeley, CA, USA},
 pages = {15--26},
 numpages = {12},
 url = {http://doi.acm.org/10.1145/1584322.1584326},
 doi = {10.1145/1584322.1584326},
 acmid = {1584326},
 publisher = {ACM},
 address = {New York, NY, USA},
 keywords = {CS0, CS1, computing education research, empirical study, high school, objects-first, objects-later},
}

@inproceedings{Cutts:2019:ERT:3304221.3319785,
 author = {Cutts, Quintin and Barr, Matthew and Bikanga Ada, Mireilla and Donaldson, Peter and Draper, Steve and Parkinson, Jack and Singer, Jeremy and Sundin, Lovisa},
 title = {Experience Report: Thinkathon -- Countering an \&\#34;I Got It Working\&\#34; Mentality with Pencil-and-Paper Exercises},
 booktitle = {Proceedings of the 2019 ACM Conference on Innovation and Technology in Computer Science Education},
 series = {ITiCSE '19},
 year = {2019},
 isbn = {978-1-4503-6301-3},
 location = {Aberdeen, Scotland Uk},
 pages = {203--209},
 numpages = {7},
 url = {http://doi.acm.org/10.1145/3304221.3319785},
 doi = {10.1145/3304221.3319785},
 acmid = {3319785},
 publisher = {ACM},
 address = {New York, NY, USA},
 keywords = {goal-directed problem solving, introductory programming, mastery learning, program comprehension},
}

@inproceedings{Dwyer:2015:FGS:2787622.2787729,
 author = {Dwyer, Hilary and Hill, Charlotte and Hansen, Alexandria and Iveland, Ashley and Franklin, Diana and Harlow, Danielle},
 title = {Fourth Grade Students Reading Block-Based Programs: Predictions, Visual Cues, and Affordances},
 booktitle = {Proceedings of the Eleventh Annual International Conference on International Computing Education Research},
 series = {ICER '15},
 year = {2015},
 isbn = {978-1-4503-3630-7},
 location = {Omaha, Nebraska, USA},
 pages = {111--119},
 numpages = {9},
 url = {http://doi.acm.org/10.1145/2787622.2787729},
 doi = {10.1145/2787622.2787729},
 acmid = {2787729},
 publisher = {ACM},
 address = {New York, NY, USA},
 keywords = {block based languages, computer science education, elementary school, graphical programming, novice programming environments},
}

@inproceedings{Parkinson:2018:IRS:3230977.3230990,
 author = {Parkinson, Jack and Cutts, Quintin},
 title = {Investigating the Relationship Between Spatial Skills and Computer Science},
 booktitle = {Proceedings of the 2018 ACM Conference on International Computing Education Research},
 series = {ICER '18},
 year = {2018},
 isbn = {978-1-4503-5628-2},
 location = {Espoo, Finland},
 pages = {106--114},
 numpages = {9},
 url = {http://doi.acm.org/10.1145/3230977.3230990},
 doi = {10.1145/3230977.3230990},
 acmid = {3230990},
 publisher = {ACM},
 address = {New York, NY, USA},
 keywords = {academic attainment, spatial skills, theoretical model},
}

@inproceedings{Waite:2018:CKT:3265757.3265761,
 author = {Waite, Jane and Curzon, Paul and Marsh, William and Sentance, Sue},
 title = {Comparing K-5 Teachers' Reported Use of Design in Teaching Programming and Planning in Teaching Writing},
 booktitle = {Proceedings of the 13th Workshop in Primary and Secondary Computing Education},
 series = {WiPSCE '18},
 year = {2018},
 isbn = {978-1-4503-6588-8},
 location = {Potsdam, Germany},
 pages = {4:1--4:10},
 articleno = {4},
 numpages = {10},
 url = {http://doi.acm.org/10.1145/3265757.3265761},
 doi = {10.1145/3265757.3265761},
 acmid = {3265761},
 publisher = {ACM},
 address = {New York, NY, USA},
 keywords = {K-5 computing education, design, programming, teachers},
}

@inproceedings{Luxton-Reilly:2018:IPS:3293881.3295779,
 author = {Luxton-Reilly, Andrew and Simon and Albluwi, Ibrahim and Becker, Brett A. and Giannakos, Michail and Kumar, Amruth N. and Ott, Linda and Paterson, James and Scott, Michael James and Sheard, Judy and Szabo, Claudia},
 title = {Introductory Programming: A Systematic Literature Review},
 booktitle = {Proceedings Companion of the 23rd Annual ACM Conference on Innovation and Technology in Computer Science Education},
 series = {ITiCSE 2018 Companion},
 year = {2018},
 isbn = {978-1-4503-6223-8},
 location = {Larnaca, Cyprus},
 pages = {55--106},
 numpages = {52},
 url = {http://doi.acm.org/10.1145/3293881.3295779},
 doi = {10.1145/3293881.3295779},
 acmid = {3295779},
 publisher = {ACM},
 address = {New York, NY, USA},
 keywords = {CS1, ITiCSE working group, SLR, introductory programming, literature review, novice programming, overview, review, systematic literature review, systematic review},
}

@inproceedings{Foster:2018:CCD:3293881.3295781,
 author = {Foster, Derek and White, Laurie and Adams, Joshua and Erdil, D. Cenk and Hyman, Harvey and Kurkovsky, Stan and Sakr, Majd and Stott, Lee},
 title = {Cloud Computing: Developing Contemporary Computer Science Curriculum for a Cloud-first Future},
 booktitle = {Proceedings Companion of the 23rd Annual ACM Conference on Innovation and Technology in Computer Science Education},
 series = {ITiCSE 2018 Companion},
 year = {2018},
 isbn = {978-1-4503-6223-8},
 location = {Larnaca, Cyprus},
 pages = {130--147},
 numpages = {18},
 url = {http://doi.acm.org/10.1145/3293881.3295781},
 doi = {10.1145/3293881.3295781},
 acmid = {3295781},
 publisher = {ACM},
 address = {New York, NY, USA},
 keywords = {Cloud Computing, Computer Science, Curriculum Development, Distributed Computing, Education},
}

@inproceedings{Bednarik:2018:EME:3279720.3279722,
 author = {Bednarik, Roman and Schulte, Carsten and Budde, Lea and Heinemann, Birte and Vrzakova, Hana},
 title = {Eye-movement Modeling Examples in Source Code Comprehension: A Classroom Study},
 booktitle = {Proceedings of the 18th Koli Calling International Conference on Computing Education Research},
 series = {Koli Calling '18},
 year = {2018},
 isbn = {978-1-4503-6535-2},
 location = {Koli, Finland},
 pages = {2:1--2:8},
 articleno = {2},
 numpages = {8},
 url = {http://doi.acm.org/10.1145/3279720.3279722},
 doi = {10.1145/3279720.3279722},
 acmid = {3279722},
 publisher = {ACM},
 address = {New York, NY, USA},
 keywords = {classroom, eye-tracking, gaze guidance, source code},
}

@inproceedings{Kim:2002:XCF:504502.504519,
 author = {Kim, Taewoo and Fishwick, Paul A.},
 title = {A 3D XML-based Customized Framework for Dynamic Models},
 booktitle = {Proceedings of the Seventh International Conference on 3D Web Technology},
 series = {Web3D '02},
 year = {2002},
 isbn = {1-58113-468-1},
 location = {Tempe, Arizona, USA},
 pages = {103--109},
 numpages = {7},
 url = {http://doi.acm.org/10.1145/504502.504519},
 doi = {10.1145/504502.504519},
 acmid = {504519},
 publisher = {ACM},
 address = {New York, NY, USA},
 keywords = {3D, MXL, VRML, X3D, XML, XSLT, aesthetic computing, aesthetic programming, dynamic modeling, model design, personalization, rube},
}

@article{Borstler:2010:EOO:1709424.1709458,
 author = {B\"{o}rstler, J\"{u}rgen and Hall, Mark S. and Nordstr\"{o}m, Marie and Paterson, James H. and Sanders, Kate and Schulte, Carsten and Thomas, Lynda},
 title = {An Evaluation of Object Oriented Example Programs in Introductory Programming Textbooks},
 journal = {SIGCSE Bull.},
 issue_date = {December 2009},
 volume = {41},
 number = {4},
 month = jan,
 year = {2010},
 issn = {0097-8418},
 pages = {126--143},
 numpages = {18},
 url = {http://doi.acm.org/10.1145/1709424.1709458},
 doi = {10.1145/1709424.1709458},
 acmid = {1709458},
 publisher = {ACM},
 address = {New York, NY, USA},
 keywords = {assessment, check list, courseware, example programs, examples, guidelines, principles, textbooks},
}

@article{Polites:2008:CPC:1327452.1327454,
 author = {Polites, Greta L. and Watson, Richard T.},
 title = {The Centrality and Prestige of CACM},
 journal = {Commun. ACM},
 issue_date = {January 2008},
 volume = {51},
 number = {1},
 month = jan,
 year = {2008},
 issn = {0001-0782},
 pages = {95--100},
 numpages = {6},
 url = {http://doi.acm.org/10.1145/1327452.1327454},
 doi = {10.1145/1327452.1327454},
 acmid = {1327454},
 publisher = {ACM},
 address = {New York, NY, USA},
}

@inproceedings{Hecking:2016:ISS:2883851.2883924,
 author = {Hecking, Tobias and Chounta, Irene-Angelica and Hoppe, H. Ulrich},
 title = {Investigating Social and Semantic User Roles in MOOC Discussion Forums},
 booktitle = {Proceedings of the Sixth International Conference on Learning Analytics \& Knowledge},
 series = {LAK '16},
 year = {2016},
 isbn = {978-1-4503-4190-5},
 location = {Edinburgh, United Kingdom},
 pages = {198--207},
 numpages = {10},
 url = {http://doi.acm.org/10.1145/2883851.2883924},
 doi = {10.1145/2883851.2883924},
 acmid = {2883924},
 publisher = {ACM},
 address = {New York, NY, USA},
 keywords = {MOOCs, blockmodeling, discussion forums, socio-semantic analysis},
}

@inproceedings{McCormick:2005:WWR:1047344.1047510,
 author = {McCormick, John W.},
 title = {We'Ve Been Working on the Railroad: A Laboratory for Real-time Embedded Systems},
 booktitle = {Proceedings of the 36th SIGCSE Technical Symposium on Computer Science Education},
 series = {SIGCSE '05},
 year = {2005},
 isbn = {1-58113-997-7},
 location = {St. Louis, Missouri, USA},
 pages = {530--534},
 numpages = {5},
 url = {http://doi.acm.org/10.1145/1047344.1047510},
 doi = {10.1145/1047344.1047510},
 acmid = {1047510},
 publisher = {ACM},
 address = {New York, NY, USA},
 keywords = {C, ada, curriculum, embedded, laboratory, project, real-time},
}

@article{McCormick:2005:WWR:1047124.1047510,
 author = {McCormick, John W.},
 title = {We'Ve Been Working on the Railroad: A Laboratory for Real-time Embedded Systems},
 journal = {SIGCSE Bull.},
 issue_date = {2005},
 volume = {37},
 number = {1},
 month = feb,
 year = {2005},
 issn = {0097-8418},
 pages = {530--534},
 numpages = {5},
 url = {http://doi.acm.org/10.1145/1047124.1047510},
 doi = {10.1145/1047124.1047510},
 acmid = {1047510},
 publisher = {ACM},
 address = {New York, NY, USA},
 keywords = {C, ada, curriculum, embedded, laboratory, project, real-time},
}

@article{Lees:1986:TMC:15075.15080,
 author = {Lees, Brian},
 title = {Teaching Microcomputer Concepts Through Modelling},
 journal = {SIGCSE Bull.},
 issue_date = {June 1986},
 volume = {18},
 number = {2},
 month = jun,
 year = {1986},
 issn = {0097-8418},
 pages = {19--24},
 numpages = {6},
 url = {http://doi.acm.org/10.1145/15075.15080},
 doi = {10.1145/15075.15080},
 acmid = {15080},
 publisher = {ACM},
 address = {New York, NY, USA},
}

@article{McCormick:2008:ASE:1454497.1454490,
 author = {McCormick, John W.},
 title = {Ada and Software Engineering Education: One Professor's Experiences},
 journal = {Ada Lett.},
 issue_date = {December 2008},
 volume = {28},
 number = {3},
 month = oct,
 year = {2008},
 issn = {1094-3641},
 pages = {91--96},
 numpages = {6},
 url = {http://doi.acm.org/10.1145/1454497.1454490},
 doi = {10.1145/1454497.1454490},
 acmid = {1454490},
 publisher = {ACM},
 address = {New York, NY, USA},
 keywords = {ada, c, education, embedded, laboratory, model railroads, model trains, real-time},
}

@inproceedings{McCormick:2008:ASE:1454474.1454490,
 author = {McCormick, John W.},
 title = {Ada and Software Engineering Education: One Professor's Experiences},
 booktitle = {Proceedings of the 2008 ACM Annual International Conference on SIGAda Annual International Conference},
 series = {SIGAda '08},
 year = {2008},
 isbn = {978-1-60558-274-0},
 location = {Portland, OR, USA},
 pages = {91--96},
 numpages = {6},
 url = {http://doi.acm.org/10.1145/1454474.1454490},
 doi = {10.1145/1454474.1454490},
 acmid = {1454490},
 publisher = {ACM},
 address = {New York, NY, USA},
 keywords = {ada, c, education, embedded, laboratory, model railroads, model trains, real-time},
}

@inproceedings{MacLaurin:2011:DKT:1926385.1926413,
 author = {MacLaurin, Matthew B.},
 title = {The Design of Kodu: A Tiny Visual Programming Language for Children on the Xbox 360},
 booktitle = {Proceedings of the 38th Annual ACM SIGPLAN-SIGACT Symposium on Principles of Programming Languages},
 series = {POPL '11},
 year = {2011},
 isbn = {978-1-4503-0490-0},
 location = {Austin, Texas, USA},
 pages = {241--246},
 numpages = {6},
 url = {http://doi.acm.org/10.1145/1926385.1926413},
 doi = {10.1145/1926385.1926413},
 acmid = {1926413},
 publisher = {ACM},
 address = {New York, NY, USA},
 keywords = {3d user interface, boku, end-user authoring, game programming, games, k12 programming, kodu, programming early education},
}

@article{MacLaurin:2011:DKT:1925844.1926413,
 author = {MacLaurin, Matthew B.},
 title = {The Design of Kodu: A Tiny Visual Programming Language for Children on the Xbox 360},
 journal = {SIGPLAN Not.},
 issue_date = {January 2011},
 volume = {46},
 number = {1},
 month = jan,
 year = {2011},
 issn = {0362-1340},
 pages = {241--246},
 numpages = {6},
 url = {http://doi.acm.org/10.1145/1925844.1926413},
 doi = {10.1145/1925844.1926413},
 acmid = {1926413},
 publisher = {ACM},
 address = {New York, NY, USA},
 keywords = {3d user interface, boku, end-user authoring, game programming, games, k12 programming, kodu, programming early education},
}

