@inproceedings{Budde:2017:TBT:3137065.3137077,
 author = {Budde, Lea and Heinemann, Birte and Schulte, Carsten},
 title = {A Theory Based Tool Set for Analysing Reading Processes in the Context of Learning Programming},
 booktitle = {Proceedings of the 12th Workshop on Primary and Secondary Computing Education},
 series = {WiPSCE '17},
 year = {2017},
 isbn = {978-1-4503-5428-8},
 location = {Nijmegen, Netherlands},
 pages = {83--86},
 numpages = {4},
 url = {http://doi.acm.org/10.1145/3137065.3137077},
 doi = {10.1145/3137065.3137077},
 acmid = {3137077},
 publisher = {ACM},
 address = {New York, NY, USA},
 keywords = {Block Model, Block Sequence Viewer, Cognitive Load, Eye Tracking, Learning Programming},
}

@inproceedings{Paulson:2008:SEG:1463689.1463739,
 author = {Paulson, Brandon and Eoff, Brian and Wolin, Aaron and Johnston, Joshua and Hammond, Tracy},
 title = {Sketch-based Educational Games: "Drawing" Kids Away from Traditional Interfaces},
 booktitle = {Proceedings of the 7th International Conference on Interaction Design and Children},
 series = {IDC '08},
 year = {2008},
 isbn = {978-1-59593-994-4},
 location = {Chicago, Illinois},
 pages = {133--136},
 numpages = {4},
 url = {http://doi.acm.org/10.1145/1463689.1463739},
 doi = {10.1145/1463689.1463739},
 acmid = {1463739},
 publisher = {ACM},
 address = {New York, NY, USA},
 keywords = {LADDER, PaleoSketch, automated feedback, educational games, sketch recognition},
}

@inproceedings{Chipangura:2013:CPM:2513456.2513460,
 author = {Chipangura, Baldreck},
 title = {Categorizing the Provision of Mobile Centric Information Access and Interaction for Higher Educational Institutions},
 booktitle = {Proceedings of the South African Institute for Computer Scientists and Information Technologists Conference},
 series = {SAICSIT '13},
 year = {2013},
 isbn = {978-1-4503-2112-9},
 location = {East London, South Africa},
 pages = {101--110},
 numpages = {10},
 url = {http://doi.acm.org/10.1145/2513456.2513460},
 doi = {10.1145/2513456.2513460},
 acmid = {2513460},
 publisher = {ACM},
 address = {New York, NY, USA},
 keywords = {ICT4D, information access, mobile centric, mobile phone},
}

@inproceedings{Hailpern:2015:PPH:2774225.2774837,
 author = {Hailpern, Joshua and Vernica, Rares and Bullock, Molly and Chatow, Udi and Fan, Jian and Koutrika, Georgia and Liu, Jerry and Liu, Lei and Simske, Steven and Wu, Shanchan},
 title = {To Print or Not to Print: Hybrid Learning with METIS Learning Platform},
 booktitle = {Proceedings of the 7th ACM SIGCHI Symposium on Engineering Interactive Computing Systems},
 series = {EICS '15},
 year = {2015},
 isbn = {978-1-4503-3646-8},
 location = {Duisburg, Germany},
 pages = {206--215},
 numpages = {10},
 url = {http://doi.acm.org/10.1145/2774225.2774837},
 doi = {10.1145/2774225.2774837},
 acmid = {2774837},
 publisher = {ACM},
 address = {New York, NY, USA},
 keywords = {active reading, education, hybrid learning, print},
}

@inproceedings{Leppan:2007:SCP:1292491.1292499,
 author = {Leppan, Ronald and Cilliers, Charmain and Taljaard, Marinda},
 title = {Supporting CS1 with a Program Beacon Recognition Tool},
 booktitle = {Proceedings of the 2007 Annual Research Conference of the South African Institute of Computer Scientists and Information Technologists on IT Research in Developing Countries},
 series = {SAICSIT '07},
 year = {2007},
 isbn = {978-1-59593-775-9},
 location = {Port Elizabeth, South Africa},
 pages = {66--75},
 numpages = {10},
 url = {http://doi.acm.org/10.1145/1292491.1292499},
 doi = {10.1145/1292491.1292499},
 acmid = {1292499},
 publisher = {ACM},
 address = {New York, NY, USA},
 keywords = {CS1, introductory programming, program beacons, program comprehension, program plans},
}

@inproceedings{Astrachan:1998:CTH:282991.283003,
 author = {Astrachan, Owen},
 title = {Concrete Teaching: Hooks and Props As Instructional Technology},
 booktitle = {Proceedings of the 6th Annual Conference on the Teaching of Computing and the 3rd Annual Conference on Integrating Technology into Computer Science Education: Changing the Delivery of Computer Science Education},
 series = {ITiCSE '98},
 year = {1998},
 isbn = {1-58113-000-7},
 location = {Dublin City Univ., Ireland},
 pages = {21--24},
 numpages = {4},
 url = {http://doi.acm.org/10.1145/282991.283003},
 doi = {10.1145/282991.283003},
 acmid = {283003},
 publisher = {ACM},
 address = {New York, NY, USA},
 keywords = {C++, Java, active learning, active teaching, introductory computer science, pointers},
}

@article{Astrachan:1998:CTH:290320.283003,
 author = {Astrachan, Owen},
 title = {Concrete Teaching: Hooks and Props As Instructional Technology},
 journal = {SIGCSE Bull.},
 issue_date = {Sept. 1998},
 volume = {30},
 number = {3},
 month = aug,
 year = {1998},
 issn = {0097-8418},
 pages = {21--24},
 numpages = {4},
 url = {http://doi.acm.org/10.1145/290320.283003},
 doi = {10.1145/290320.283003},
 acmid = {283003},
 publisher = {ACM},
 address = {New York, NY, USA},
 keywords = {C++, Java, active learning, active teaching, introductory computer science, pointers},
}

@inproceedings{Zhi:2019:EIW:3287324.3287385,
 author = {Zhi, Rui and Price, Thomas W. and Marwan, Samiha and Milliken, Alexandra and Barnes, Tiffany and Chi, Min},
 title = {Exploring the Impact of Worked Examples in a Novice Programming Environment},
 booktitle = {Proceedings of the 50th ACM Technical Symposium on Computer Science Education},
 series = {SIGCSE '19},
 year = {2019},
 isbn = {978-1-4503-5890-3},
 location = {Minneapolis, MN, USA},
 pages = {98--104},
 numpages = {7},
 url = {http://doi.acm.org/10.1145/3287324.3287385},
 doi = {10.1145/3287324.3287385},
 acmid = {3287385},
 publisher = {ACM},
 address = {New York, NY, USA},
 keywords = {cognitive load, novice programming, worked examples},
}

@inproceedings{Petersen:2011:RCE:1953163.1953340,
 author = {Petersen, Andrew and Craig, Michelle and Zingaro, Daniel},
 title = {Reviewing CS1 Exam Question Content},
 booktitle = {Proceedings of the 42Nd ACM Technical Symposium on Computer Science Education},
 series = {SIGCSE '11},
 year = {2011},
 isbn = {978-1-4503-0500-6},
 location = {Dallas, TX, USA},
 pages = {631--636},
 numpages = {6},
 url = {http://doi.acm.org/10.1145/1953163.1953340},
 doi = {10.1145/1953163.1953340},
 acmid = {1953340},
 publisher = {ACM},
 address = {New York, NY, USA},
 keywords = {CS1, exams, novice programming},
}

@inproceedings{Esakia:2015:AUC:2676723.2677285,
 author = {Esakia, Andrey and Niu, Shuo and McCrickard, D. Scott},
 title = {Augmenting Undergraduate Computer Science Education With Programmable Smartwatches},
 booktitle = {Proceedings of the 46th ACM Technical Symposium on Computer Science Education},
 series = {SIGCSE '15},
 year = {2015},
 isbn = {978-1-4503-2966-8},
 location = {Kansas City, Missouri, USA},
 pages = {66--71},
 numpages = {6},
 url = {http://doi.acm.org/10.1145/2676723.2677285},
 doi = {10.1145/2676723.2677285},
 acmid = {2677285},
 publisher = {ACM},
 address = {New York, NY, USA},
 keywords = {android, mobile, multi-platform, pebble, smartwatch},
}

@article{Soh:2005:FCC:1186639.1186641,
 author = {Soh, Leen-Kiat and Samal, Ashok and Nugent, Gwen},
 title = {A Framework for CS1 Closed Laboratories},
 journal = {J. Educ. Resour. Comput.},
 issue_date = {December 2005},
 volume = {5},
 number = {4},
 month = dec,
 year = {2005},
 issn = {1531-4278},
 articleno = {2},
 url = {http://doi.acm.org/10.1145/1186639.1186641},
 doi = {10.1145/1186639.1186641},
 acmid = {1186641},
 publisher = {ACM},
 address = {New York, NY, USA},
 keywords = {Closed laboratories, cooperative learning, instructional design},
}

@inproceedings{Wiedenbeck:2005:FAS:1089786.1089788,
 author = {Wiedenbeck, Susan},
 title = {Factors Affecting the Success of Non-majors in Learning to Program},
 booktitle = {Proceedings of the First International Workshop on Computing Education Research},
 series = {ICER '05},
 year = {2005},
 isbn = {1-59593-043-4},
 location = {Seattle, WA, USA},
 pages = {13--24},
 numpages = {12},
 url = {http://doi.acm.org/10.1145/1089786.1089788},
 doi = {10.1145/1089786.1089788},
 acmid = {1089788},
 publisher = {ACM},
 address = {New York, NY, USA},
 keywords = {debugging, end-user programmers, knowledge organization, learning to program, non-majors, self-efficacy},
}

@inproceedings{Truong:2005:AFF:1082424.1082439,
 author = {Truong, Nghi and Roe, Paul and Bancroft, Peter},
 title = {Automated Feedback for "Fill in the Gap" Programming Exercises},
 booktitle = {Proceedings of the 7th Australasian Conference on Computing Education - Volume 42},
 series = {ACE '05},
 year = {2005},
 isbn = {1-920682-24-4},
 location = {Newcastle, New South Wales, Australia},
 pages = {117--126},
 numpages = {10},
 url = {http://dl.acm.org/citation.cfm?id=1082424.1082439},
 acmid = {1082439},
 publisher = {Australian Computer Society, Inc.},
 address = {Darlinghurst, Australia, Australia},
 keywords = {C\#, XML, automated testing, black box, dynamic analysis, fill in the gap, instant feedback, java, white box},
}

@inproceedings{Muller:2005:POI:1089786.1089792,
 author = {Muller, Orna},
 title = {Pattern Oriented Instruction and the Enhancement of Analogical Reasoning},
 booktitle = {Proceedings of the First International Workshop on Computing Education Research},
 series = {ICER '05},
 year = {2005},
 isbn = {1-59593-043-4},
 location = {Seattle, WA, USA},
 pages = {57--67},
 numpages = {11},
 url = {http://doi.acm.org/10.1145/1089786.1089792},
 doi = {10.1145/1089786.1089792},
 acmid = {1089792},
 publisher = {ACM},
 address = {New York, NY, USA},
 keywords = {analogical reasoning, instructional design, pattern oriented instruction, problem solving},
}

@inproceedings{Brunvand:2011:GMC:1953163.1953178,
 author = {Brunvand, Erik},
 title = {Games As Motivation in Computer Design Courses: I/O is the Key},
 booktitle = {Proceedings of the 42Nd ACM Technical Symposium on Computer Science Education},
 series = {SIGCSE '11},
 year = {2011},
 isbn = {978-1-4503-0500-6},
 location = {Dallas, TX, USA},
 pages = {33--38},
 numpages = {6},
 url = {http://doi.acm.org/10.1145/1953163.1953178},
 doi = {10.1145/1953163.1953178},
 acmid = {1953178},
 publisher = {ACM},
 address = {New York, NY, USA},
 keywords = {FPGA, computer design, games},
}

@inproceedings{Morrison:2017:DMC:3105726.3106191,
 author = {Morrison, Briana B.},
 title = {Dual Modality Code Explanations for Novices: Unexpected Results},
 booktitle = {Proceedings of the 2017 ACM Conference on International Computing Education Research},
 series = {ICER '17},
 year = {2017},
 isbn = {978-1-4503-4968-0},
 location = {Tacoma, Washington, USA},
 pages = {226--235},
 numpages = {10},
 url = {http://doi.acm.org/10.1145/3105726.3106191},
 doi = {10.1145/3105726.3106191},
 acmid = {3106191},
 publisher = {ACM},
 address = {New York, NY, USA},
 keywords = {cognitive load, live coding, modality},
}

@inproceedings{Knorr:2019:RDC:3314994.3325083,
 author = {Knorr, Edwin M.},
 title = {Reforming a Database Course to Address Cognitive Load by Using Worked Examples},
 booktitle = {Proceedings of the Western Canadian Conference on Computing Education},
 series = {WCCCE '19},
 year = {2019},
 isbn = {978-1-4503-6715-8},
 location = {Calgary, AB, Canada},
 pages = {4:1--4:6},
 articleno = {4},
 numpages = {6},
 url = {http://doi.acm.org/10.1145/3314994.3325083},
 doi = {10.1145/3314994.3325083},
 acmid = {3325083},
 publisher = {ACM},
 address = {New York, NY, USA},
 keywords = {cognitive load, course transformation, database systems, worked examples},
}

@article{Martin:2008:CDQ:1597849.1384321,
 author = {Martin, Chris J. and Hughes, Janet M.},
 title = {Cognitive Dimensions Questionnaire Applied to Exploratory Algorithm Design},
 journal = {SIGCSE Bull.},
 issue_date = {September 2008},
 volume = {40},
 number = {3},
 month = jun,
 year = {2008},
 issn = {0097-8418},
 pages = {184--188},
 numpages = {5},
 url = {http://doi.acm.org/10.1145/1597849.1384321},
 doi = {10.1145/1597849.1384321},
 acmid = {1384321},
 publisher = {ACM},
 address = {New York, NY, USA},
 keywords = {algorithm design notation, cognitive dimenstions of notation},
}

@inproceedings{Martin:2008:CDQ:1384271.1384321,
 author = {Martin, Chris J. and Hughes, Janet M.},
 title = {Cognitive Dimensions Questionnaire Applied to Exploratory Algorithm Design},
 booktitle = {Proceedings of the 13th Annual Conference on Innovation and Technology in Computer Science Education},
 series = {ITiCSE '08},
 year = {2008},
 isbn = {978-1-60558-078-4},
 location = {Madrid, Spain},
 pages = {184--188},
 numpages = {5},
 url = {http://doi.acm.org/10.1145/1384271.1384321},
 doi = {10.1145/1384271.1384321},
 acmid = {1384321},
 publisher = {ACM},
 address = {New York, NY, USA},
 keywords = {algorithm design notation, cognitive dimenstions of notation},
}

@article{Armoni:2006:RTU:1140123.1140161,
 author = {Armoni, Michal and Gal-Ezer, Judith and Hazzan, Orit},
 title = {Reductive Thinking in Undergraduate CS Courses},
 journal = {SIGCSE Bull.},
 issue_date = {September 2006},
 volume = {38},
 number = {3},
 month = jun,
 year = {2006},
 issn = {0097-8418},
 pages = {133--137},
 numpages = {5},
 url = {http://doi.acm.org/10.1145/1140123.1140161},
 doi = {10.1145/1140123.1140161},
 acmid = {1140161},
 publisher = {ACM},
 address = {New York, NY, USA},
 keywords = {algorithms, computational models, reduction, reductive thinking},
}

@inproceedings{Armoni:2006:RTU:1140124.1140161,
 author = {Armoni, Michal and Gal-Ezer, Judith and Hazzan, Orit},
 title = {Reductive Thinking in Undergraduate CS Courses},
 booktitle = {Proceedings of the 11th Annual SIGCSE Conference on Innovation and Technology in Computer Science Education},
 series = {ITICSE '06},
 year = {2006},
 isbn = {1-59593-055-8},
 location = {Bologna, Italy},
 pages = {133--137},
 numpages = {5},
 url = {http://doi.acm.org/10.1145/1140124.1140161},
 doi = {10.1145/1140124.1140161},
 acmid = {1140161},
 publisher = {ACM},
 address = {New York, NY, USA},
 keywords = {algorithms, computational models, reduction, reductive thinking},
}

@inproceedings{Morrison:2013:UCL:2493394.2493425,
 author = {Morrison, Briana B.},
 title = {Using Cognitive Load Theory to Improve the Efficiency of Learning to Program},
 booktitle = {Proceedings of the Ninth Annual International ACM Conference on International Computing Education Research},
 series = {ICER '13},
 year = {2013},
 isbn = {978-1-4503-2243-0},
 location = {San Diego, San California, USA},
 pages = {183--184},
 numpages = {2},
 url = {http://doi.acm.org/10.1145/2493394.2493425},
 doi = {10.1145/2493394.2493425},
 acmid = {2493425},
 publisher = {ACM},
 address = {New York, NY, USA},
 keywords = {multi-medium code explanation, worked examples.},
}

@article{Wagner:2003:IXD:792548.611924,
 author = {Wagner, Paul J. and Moore, Thomas K.},
 title = {Integrating XML into a Database Systems Course},
 journal = {SIGCSE Bull.},
 issue_date = {January 2003},
 volume = {35},
 number = {1},
 month = jan,
 year = {2003},
 issn = {0097-8418},
 pages = {26--30},
 numpages = {5},
 url = {http://doi.acm.org/10.1145/792548.611924},
 doi = {10.1145/792548.611924},
 acmid = {611924},
 publisher = {ACM},
 address = {New York, NY, USA},
 keywords = {XML, database, systems},
}

@inproceedings{Wagner:2003:IXD:611892.611924,
 author = {Wagner, Paul J. and Moore, Thomas K.},
 title = {Integrating XML into a Database Systems Course},
 booktitle = {Proceedings of the 34th SIGCSE Technical Symposium on Computer Science Education},
 series = {SIGCSE '03},
 year = {2003},
 isbn = {1-58113-648-X},
 location = {Reno, Navada, USA},
 pages = {26--30},
 numpages = {5},
 url = {http://doi.acm.org/10.1145/611892.611924},
 doi = {10.1145/611892.611924},
 acmid = {611924},
 publisher = {ACM},
 address = {New York, NY, USA},
 keywords = {XML, database, systems},
}

@inproceedings{Samonte:2019:AGS:3313950.3313968,
 author = {Samonte, Mary Jane C. and Guce, Frances Casey D. and Peraja, Janina Mikaela P. and Sambile, Gwynel Daniel V.},
 title = {Assistive Gamification and Speech Recognition E-tutor System for Speech Impaired Students},
 booktitle = {Proceedings of the 2Nd International Conference on Image and Graphics Processing},
 series = {ICIGP '19},
 year = {2019},
 isbn = {978-1-4503-6092-0},
 location = {Singapore, Singapore},
 pages = {37--41},
 numpages = {5},
 url = {http://doi.acm.org/10.1145/3313950.3313968},
 doi = {10.1145/3313950.3313968},
 acmid = {3313968},
 publisher = {ACM},
 address = {New York, NY, USA},
 keywords = {Filipino sign language, assistive technology, e-tutor, gamification, speech recognition},
}

@inproceedings{Boutell:2017:CFV:3017680.3017774,
 author = {Boutell, Matthew},
 title = {Choosing Face-to-face or Video-based Instruction in a Mobile App Development Course},
 booktitle = {Proceedings of the 2017 ACM SIGCSE Technical Symposium on Computer Science Education},
 series = {SIGCSE '17},
 year = {2017},
 isbn = {978-1-4503-4698-6},
 location = {Seattle, Washington, USA},
 pages = {75--80},
 numpages = {6},
 url = {http://doi.acm.org/10.1145/3017680.3017774},
 doi = {10.1145/3017680.3017774},
 acmid = {3017774},
 publisher = {ACM},
 address = {New York, NY, USA},
 keywords = {face-to-face learning, mobile app development, video-based learning},
}

@article{Buchanan:2014:CST:2600089.2535909,
 author = {Buchanan, Sarah and Laviola,Jr., Joseph J.},
 title = {CSTutor: A Sketch-Based Tool for Visualizing Data Structures},
 journal = {Trans. Comput. Educ.},
 issue_date = {March 2014},
 volume = {14},
 number = {1},
 month = mar,
 year = {2014},
 issn = {1946-6226},
 pages = {3:1--3:28},
 articleno = {3},
 numpages = {28},
 url = {http://doi.acm.org/10.1145/2535909},
 doi = {10.1145/2535909},
 acmid = {2535909},
 publisher = {ACM},
 address = {New York, NY, USA},
 keywords = {Sketch-based input, animation, data structures, visualization},
}

@inproceedings{Morrison:2014:MCL:2632320.2632348,
 author = {Morrison, Briana B. and Dorn, Brian and Guzdial, Mark},
 title = {Measuring Cognitive Load in Introductory CS: Adaptation of an Instrument},
 booktitle = {Proceedings of the Tenth Annual Conference on International Computing Education Research},
 series = {ICER '14},
 year = {2014},
 isbn = {978-1-4503-2755-8},
 location = {Glasgow, Scotland, United Kingdom},
 pages = {131--138},
 numpages = {8},
 url = {http://doi.acm.org/10.1145/2632320.2632348},
 doi = {10.1145/2632320.2632348},
 acmid = {2632348},
 publisher = {ACM},
 address = {New York, NY, USA},
 keywords = {cognitive load theory, confirmatory factor analysis, measuring cognitive load, survey},
}

@inproceedings{Muller:2007:PII:1268784.1268830,
 author = {Muller, Orna and Ginat, David and Haberman, Bruria},
 title = {Pattern-oriented Instruction and Its Influence on Problem Decomposition and Solution Construction},
 booktitle = {Proceedings of the 12th Annual SIGCSE Conference on Innovation and Technology in Computer Science Education},
 series = {ITiCSE '07},
 year = {2007},
 isbn = {978-1-59593-610-3},
 location = {Dundee, Scotland},
 pages = {151--155},
 numpages = {5},
 url = {http://doi.acm.org/10.1145/1268784.1268830},
 doi = {10.1145/1268784.1268830},
 acmid = {1268830},
 publisher = {ACM},
 address = {New York, NY, USA},
 keywords = {algorithmic patterns, pattern-oriented instruction, problem decomposition, problem solving},
}

@article{Muller:2007:PII:1269900.1268830,
 author = {Muller, Orna and Ginat, David and Haberman, Bruria},
 title = {Pattern-oriented Instruction and Its Influence on Problem Decomposition and Solution Construction},
 journal = {SIGCSE Bull.},
 issue_date = {September 2007},
 volume = {39},
 number = {3},
 month = jun,
 year = {2007},
 issn = {0097-8418},
 pages = {151--155},
 numpages = {5},
 url = {http://doi.acm.org/10.1145/1269900.1268830},
 doi = {10.1145/1269900.1268830},
 acmid = {1268830},
 publisher = {ACM},
 address = {New York, NY, USA},
 keywords = {algorithmic patterns, pattern-oriented instruction, problem decomposition, problem solving},
}

@inproceedings{Supangan:2019:GLA:3313950.3313966,
 author = {Supangan, Renz Anthony and Acosta, Leo Alfred S. and Amarado, Jose Lorenzo S. and Blancaflor, Eric B. and Samonte, Mary Jane C.},
 title = {A Gamified Learning App for Children with ADHD},
 booktitle = {Proceedings of the 2Nd International Conference on Image and Graphics Processing},
 series = {ICIGP '19},
 year = {2019},
 isbn = {978-1-4503-6092-0},
 location = {Singapore, Singapore},
 pages = {47--51},
 numpages = {5},
 url = {http://doi.acm.org/10.1145/3313950.3313966},
 doi = {10.1145/3313950.3313966},
 acmid = {3313966},
 publisher = {ACM},
 address = {New York, NY, USA},
 keywords = {ADHD, Android mobile app, e-tutor system, gamified learning, special education},
}

@inproceedings{Eisenberg:2009:CPR:1551788.1551790,
 author = {Eisenberg, Michael and Elumeze, Nwanua and MacFerrin, Michael and Buechley, Leah},
 title = {Children's Programming, Reconsidered: Settings, Stuff, and Surfaces},
 booktitle = {Proceedings of the 8th International Conference on Interaction Design and Children},
 series = {IDC '09},
 year = {2009},
 isbn = {978-1-60558-395-2},
 location = {Como, Italy},
 pages = {1--8},
 numpages = {8},
 url = {http://doi.acm.org/10.1145/1551788.1551790},
 doi = {10.1145/1551788.1551790},
 acmid = {1551790},
 publisher = {ACM},
 address = {New York, NY, USA},
 keywords = {ambient computing, children's programming, paper computing, spherical surface programming},
}

@article{Boisvert:2006:WAC:1140123.1140171,
 author = {Boisvert, Charles},
 title = {Web Animation to Communicate Iterative Development},
 journal = {SIGCSE Bull.},
 issue_date = {September 2006},
 volume = {38},
 number = {3},
 month = jun,
 year = {2006},
 issn = {0097-8418},
 pages = {173--177},
 numpages = {5},
 url = {http://doi.acm.org/10.1145/1140123.1140171},
 doi = {10.1145/1140123.1140171},
 acmid = {1140171},
 publisher = {ACM},
 address = {New York, NY, USA},
 keywords = {e-learning, iterative programming, visualisation},
}

@inproceedings{Boisvert:2006:WAC:1140124.1140171,
 author = {Boisvert, Charles},
 title = {Web Animation to Communicate Iterative Development},
 booktitle = {Proceedings of the 11th Annual SIGCSE Conference on Innovation and Technology in Computer Science Education},
 series = {ITICSE '06},
 year = {2006},
 isbn = {1-59593-055-8},
 location = {Bologna, Italy},
 pages = {173--177},
 numpages = {5},
 url = {http://doi.acm.org/10.1145/1140124.1140171},
 doi = {10.1145/1140124.1140171},
 acmid = {1140171},
 publisher = {ACM},
 address = {New York, NY, USA},
 keywords = {e-learning, iterative programming, visualisation},
}

@inproceedings{Sorva:2014:RDF:2674683.2674690,
 author = {Sorva, Juha and Sepp\"{a}l\"{a}, Otto},
 title = {Research-based Design of the First Weeks of CS1},
 booktitle = {Proceedings of the 14th Koli Calling International Conference on Computing Education Research},
 series = {Koli Calling '14},
 year = {2014},
 isbn = {978-1-4503-3065-7},
 location = {Koli, Finland},
 pages = {71--80},
 numpages = {10},
 url = {http://doi.acm.org/10.1145/2674683.2674690},
 doi = {10.1145/2674683.2674690},
 acmid = {2674690},
 publisher = {ACM},
 address = {New York, NY, USA},
 keywords = {CS1, cognitive load, instructional design, notional machines, objects early, program visualization, project-driven learning},
}

@inproceedings{Pal:2015:CVS:2729094.2742618,
 author = {Pal, Yogendra and Iyer, Sridhar},
 title = {Classroom Versus Screencast for Native Language Learners: Effect of Medium of Instruction on Knowledge of Programming},
 booktitle = {Proceedings of the 2015 ACM Conference on Innovation and Technology in Computer Science Education},
 series = {ITiCSE '15},
 year = {2015},
 isbn = {978-1-4503-3440-2},
 location = {Vilnius, Lithuania},
 pages = {290--295},
 numpages = {6},
 url = {http://doi.acm.org/10.1145/2729094.2742618},
 doi = {10.1145/2729094.2742618},
 acmid = {2742618},
 publisher = {ACM},
 address = {New York, NY, USA},
 keywords = {computer programming education, native language instruction, screencast},
}

@inproceedings{East:2006:MTT:1151588.1151596,
 author = {East, J. Philip},
 title = {On Models of and for Teaching: Toward Theory-based Computing Education},
 booktitle = {Proceedings of the Second International Workshop on Computing Education Research},
 series = {ICER '06},
 year = {2006},
 isbn = {1-59593-494-4},
 location = {Canterbury, United Kingdom},
 pages = {41--50},
 numpages = {10},
 url = {http://doi.acm.org/10.1145/1151588.1151596},
 doi = {10.1145/1151588.1151596},
 acmid = {1151596},
 publisher = {ACM},
 address = {New York, NY, USA},
 keywords = {learning theory, pedagogical theory, theory of instruction, theory-based research, theory-based teaching},
}

@inproceedings{Guo:2014:UAE:2740769.2740836,
 author = {Guo, Yan Ru and Goh, Dion Hoe-Lian and Luyt, Brendan},
 title = {Using Affective Embodied Agents in Information Literacy Education},
 booktitle = {Proceedings of the 14th ACM/IEEE-CS Joint Conference on Digital Libraries},
 series = {JCDL '14},
 year = {2014},
 isbn = {978-1-4799-5569-5},
 location = {London, United Kingdom},
 pages = {389--398},
 numpages = {10},
 url = {http://dl.acm.org/citation.cfm?id=2740769.2740836},
 acmid = {2740836},
 publisher = {IEEE Press},
 address = {Piscataway, NJ, USA},
 keywords = {affect, affective agents, embodied agents, emotions, enjoyment, information literacy, information search process (ISP), information seeking, knowledge retention, motivation},
}

@inproceedings{Morrison:2015:SCW:2787622.2787733,
 author = {Morrison, Briana B. and Margulieux, Lauren E. and Guzdial, Mark},
 title = {Subgoals, Context, and Worked Examples in Learning Computing Problem Solving},
 booktitle = {Proceedings of the Eleventh Annual International Conference on International Computing Education Research},
 series = {ICER '15},
 year = {2015},
 isbn = {978-1-4503-3630-7},
 location = {Omaha, Nebraska, USA},
 pages = {21--29},
 numpages = {9},
 url = {http://doi.acm.org/10.1145/2787622.2787733},
 doi = {10.1145/2787622.2787733},
 acmid = {2787733},
 publisher = {ACM},
 address = {New York, NY, USA},
 keywords = {cognitive load, contextual transfer, subgoal labels},
}

@article{Murphy:2005:MIC:1047124.1047505,
 author = {Murphy, Laurie and McCauley, Ren{\'e}e and Westbrook, Suzanne and Fossum, Timothy and Haller, Susan and Morrison, Briana B. and Richards, Brad and Sanders, Kate and Zander, Carol and Anderson, Ruth E.},
 title = {A Multi-institutional Investigation of Computer Science Seniors' Knowledge of Programming Concepts},
 journal = {SIGCSE Bull.},
 issue_date = {2005},
 volume = {37},
 number = {1},
 month = feb,
 year = {2005},
 issn = {0097-8418},
 pages = {510--514},
 numpages = {5},
 url = {http://doi.acm.org/10.1145/1047124.1047505},
 doi = {10.1145/1047124.1047505},
 acmid = {1047505},
 publisher = {ACM},
 address = {New York, NY, USA},
 keywords = {card sort, content analysis, expertise, knowledge},
}

@inproceedings{Murphy:2005:MIC:1047344.1047505,
 author = {Murphy, Laurie and McCauley, Ren{\'e}e and Westbrook, Suzanne and Fossum, Timothy and Haller, Susan and Morrison, Briana B. and Richards, Brad and Sanders, Kate and Zander, Carol and Anderson, Ruth E.},
 title = {A Multi-institutional Investigation of Computer Science Seniors' Knowledge of Programming Concepts},
 booktitle = {Proceedings of the 36th SIGCSE Technical Symposium on Computer Science Education},
 series = {SIGCSE '05},
 year = {2005},
 isbn = {1-58113-997-7},
 location = {St. Louis, Missouri, USA},
 pages = {510--514},
 numpages = {5},
 url = {http://doi.acm.org/10.1145/1047344.1047505},
 doi = {10.1145/1047344.1047505},
 acmid = {1047505},
 publisher = {ACM},
 address = {New York, NY, USA},
 keywords = {card sort, content analysis, expertise, knowledge},
}

@inproceedings{Cutts:2014:CSF:2670757.2670780,
 author = {Cutts, Quintin and Connor, Richard and Michaelson, Greg and Donaldson, Peter},
 title = {Code or (Not Code): Separating Formal and Natural Language in CS Education},
 booktitle = {Proceedings of the 9th Workshop in Primary and Secondary Computing Education},
 series = {WiPSCE '14},
 year = {2014},
 isbn = {978-1-4503-3250-7},
 location = {Berlin, Germany},
 pages = {20--28},
 numpages = {9},
 url = {http://doi.acm.org/10.1145/2670757.2670780},
 doi = {10.1145/2670757.2670780},
 acmid = {2670780},
 publisher = {ACM},
 address = {New York, NY, USA},
 keywords = {assessment, comprehension, language, program, pseudo-code, reference},
}

@article{Mayers:2001:MHC:381234.381249,
 author = {Mayers, Andr{\'e} and Lefebvre, Bernard and Frasson, Claude},
 title = {MIACE, a Human Cognitive Architecture},
 journal = {SIGCUE Outlook},
 issue_date = {March 2001},
 volume = {27},
 number = {2},
 month = mar,
 year = {2001},
 issn = {0163-5735},
 pages = {61--77},
 numpages = {17},
 url = {http://doi.acm.org/10.1145/381234.381249},
 doi = {10.1145/381234.381249},
 acmid = {381249},
 publisher = {ACM},
 address = {New York, NY, USA},
 keywords = {cognitive architecture, cognitive psychology, computational model},
}

@inproceedings{Gardner:2017:WTP:3085585.3085588,
 author = {Gardner, William B.},
 title = {Should We Be Teaching Parallel Programming?},
 booktitle = {Proceedings of the 22Nd Western Canadian Conference on Computing Education},
 series = {WCCCE '17},
 year = {2017},
 isbn = {978-1-4503-5066-2},
 location = {Abbotsford, BC, Canada},
 pages = {3:1--3:7},
 articleno = {3},
 numpages = {7},
 url = {http://doi.acm.org/10.1145/3085585.3085588},
 doi = {10.1145/3085585.3085588},
 acmid = {3085588},
 publisher = {ACM},
 address = {New York, NY, USA},
 keywords = {Parallel programming, computer science education, high performance computing, multicore},
}

@inproceedings{Schulte:2010:IPC:1971681.1971687,
 author = {Schulte, Carsten and Clear, Tony and Taherkhani, Ahmad and Busjahn, Teresa and Paterson, James H.},
 title = {An Introduction to Program Comprehension for Computer Science Educators},
 booktitle = {Proceedings of the 2010 ITiCSE Working Group Reports},
 series = {ITiCSE-WGR '10},
 year = {2010},
 isbn = {978-1-4503-0677-5},
 location = {Ankara, Turkey},
 pages = {65--86},
 numpages = {22},
 url = {http://doi.acm.org/10.1145/1971681.1971687},
 doi = {10.1145/1971681.1971687},
 acmid = {1971687},
 publisher = {ACM},
 address = {New York, NY, USA},
 keywords = {CS ed research, pedagogy, program comprehension},
}

@inproceedings{Cunningham:2017:UTS:3105726.3106190,
 author = {Cunningham, Kathryn and Blanchard, Sarah and Ericson, Barbara and Guzdial, Mark},
 title = {Using Tracing and Sketching to Solve Programming Problems: Replicating and Extending an Analysis of What Students Draw},
 booktitle = {Proceedings of the 2017 ACM Conference on International Computing Education Research},
 series = {ICER '17},
 year = {2017},
 isbn = {978-1-4503-4968-0},
 location = {Tacoma, Washington, USA},
 pages = {164--172},
 numpages = {9},
 url = {http://doi.acm.org/10.1145/3105726.3106190},
 doi = {10.1145/3105726.3106190},
 acmid = {3106190},
 publisher = {ACM},
 address = {New York, NY, USA},
 keywords = {cs1, distributed cognition, notional machine, novice programmers, sketching, tracing},
}

@inproceedings{Stark:1972:CSN:800155.805002,
 author = {Stark, Richard H.},
 title = {Computer Science Needs Its Laboratory},
 booktitle = {Proceedings of the Second SIGCSE Technical Symposium on Education in Computer Science},
 series = {SIGCSE '72},
 year = {1972},
 pages = {46--48},
 numpages = {3},
 url = {http://doi.acm.org/10.1145/800155.805002},
 doi = {10.1145/800155.805002},
 acmid = {805002},
 publisher = {ACM},
 address = {New York, NY, USA},
}

@article{Palmer:2013:CSI:2458539.2458557,
 author = {Palmer, James Dean},
 title = {Computer Science I with Flare},
 journal = {J. Comput. Sci. Coll.},
 issue_date = {April 2013},
 volume = {28},
 number = {4},
 month = apr,
 year = {2013},
 issn = {1937-4771},
 pages = {94--100},
 numpages = {7},
 url = {http://dl.acm.org/citation.cfm?id=2458539.2458557},
 acmid = {2458557},
 publisher = {Consortium for Computing Sciences in Colleges},
 address = {USA},
}

@inproceedings{Yu:2011:PSP:1989622.1989631,
 author = {Yu, Benjamin and Voll, Kimberly},
 title = {Probing Student Problem Solving Skills in Mathematical Induction Using a Scenario Based Think Aloud Protocol},
 booktitle = {Proceedings of the 16th Western Canadian Conference on Computing Education},
 series = {WCCCE '11},
 year = {2011},
 isbn = {978-1-4503-0792-5},
 location = {Prince George, British Columbia, Canada},
 pages = {33--37},
 numpages = {5},
 url = {http://doi.acm.org/10.1145/1989622.1989631},
 doi = {10.1145/1989622.1989631},
 acmid = {1989631},
 publisher = {ACM},
 address = {New York, NY, USA},
 keywords = {interviews, problem solving, protocol, think aloud, thinking},
}

@inproceedings{Richards:2011:TRN:2016741.2016801,
 author = {Richards, Mark and Lathrop, Scott},
 title = {A Training Roadmap for New HPC Users},
 booktitle = {Proceedings of the 2011 TeraGrid Conference: Extreme Digital Discovery},
 series = {TG '11},
 year = {2011},
 isbn = {978-1-4503-0888-5},
 location = {Salt Lake City, Utah},
 pages = {56:1--56:7},
 articleno = {56},
 numpages = {7},
 url = {http://doi.acm.org/10.1145/2016741.2016801},
 doi = {10.1145/2016741.2016801},
 acmid = {2016801},
 publisher = {ACM},
 address = {New York, NY, USA},
 keywords = {education, training},
}

@inproceedings{Lowe:2019:ENP:3304221.3319775,
 author = {Lowe, Tony},
 title = {Explaining Novice Programmer's Struggles, in Two Parts: Revisiting the ITiCSE 2004 Working Group's Study Using Dual Process Theory},
 booktitle = {Proceedings of the 2019 ACM Conference on Innovation and Technology in Computer Science Education},
 series = {ITiCSE '19},
 year = {2019},
 isbn = {978-1-4503-6301-3},
 location = {Aberdeen, Scotland Uk},
 pages = {30--36},
 numpages = {7},
 url = {http://doi.acm.org/10.1145/3304221.3319775},
 doi = {10.1145/3304221.3319775},
 acmid = {3319775},
 publisher = {ACM},
 address = {New York, NY, USA},
 keywords = {computer science, dual process theory, education, fragile knowledge, programming, tracing},
}

@inproceedings{Silva:2014:IBD:2538862.2538877,
 author = {Silva, Yasin N. and Dietrich, Suzanne W. and Reed, Jason M. and Tsosie, Lisa M.},
 title = {Integrating Big Data into the Computing Curricula},
 booktitle = {Proceedings of the 45th ACM Technical Symposium on Computer Science Education},
 series = {SIGCSE '14},
 year = {2014},
 isbn = {978-1-4503-2605-6},
 location = {Atlanta, Georgia, USA},
 pages = {139--144},
 numpages = {6},
 url = {http://doi.acm.org/10.1145/2538862.2538877},
 doi = {10.1145/2538862.2538877},
 acmid = {2538877},
 publisher = {ACM},
 address = {New York, NY, USA},
 keywords = {big data management systems, databases curricula},
}

@inproceedings{Cunningham:2019:NRS:3304221.3319788,
 author = {Cunningham, Kathryn and Ke, Shannon and Guzdial, Mark and Ericson, Barbara},
 title = {Novice Rationales for Sketching and Tracing, and How They Try to Avoid It},
 booktitle = {Proceedings of the 2019 ACM Conference on Innovation and Technology in Computer Science Education},
 series = {ITiCSE '19},
 year = {2019},
 isbn = {978-1-4503-6301-3},
 location = {Aberdeen, Scotland Uk},
 pages = {37--43},
 numpages = {7},
 url = {http://doi.acm.org/10.1145/3304221.3319788},
 doi = {10.1145/3304221.3319788},
 acmid = {3319788},
 publisher = {ACM},
 address = {New York, NY, USA},
 keywords = {cs1, external cognition, notional machine, novice programmers, program visualization, sketching, tracing},
}

@inproceedings{Duran:2018:TAP:3230977.3230986,
 author = {Duran, Rodrigo and Sorva, Juha and Leite, Sofia},
 title = {Towards an Analysis of Program Complexity From a Cognitive Perspective},
 booktitle = {Proceedings of the 2018 ACM Conference on International Computing Education Research},
 series = {ICER '18},
 year = {2018},
 isbn = {978-1-4503-5628-2},
 location = {Espoo, Finland},
 pages = {21--30},
 numpages = {10},
 url = {http://doi.acm.org/10.1145/3230977.3230986},
 doi = {10.1145/3230977.3230986},
 acmid = {3230986},
 publisher = {ACM},
 address = {New York, NY, USA},
 keywords = {cognitive load theory, complexity, model of hierarchical complexity, plan-composition strategies, program cognitive complexity},
}

@inproceedings{Stallworth:1988:OLS:62548.62644,
 author = {Stallworth, Karen and Strasma, Jim},
 title = {Our \&Ldquo;Miracle": Self-supporting Student Microcomputer Labs},
 booktitle = {Proceedings of the 16th Annual ACM SIGUCCS Conference on User Services},
 series = {SIGUCCS '88},
 year = {1988},
 isbn = {0-89791-286-1},
 location = {Long Beach, California, USA},
 pages = {267--277},
 numpages = {11},
 url = {http://doi.acm.org/10.1145/62548.62644},
 doi = {10.1145/62548.62644},
 acmid = {62644},
 publisher = {ACM},
 address = {New York, NY, USA},
}

@inproceedings{Silva:2016:STD:2839509.2844560,
 author = {Silva, Yasin N. and Almeida, Isadora and Queiroz, Michell},
 title = {SQL: From Traditional Databases to Big Data},
 booktitle = {Proceedings of the 47th ACM Technical Symposium on Computing Science Education},
 series = {SIGCSE '16},
 year = {2016},
 isbn = {978-1-4503-3685-7},
 location = {Memphis, Tennessee, USA},
 pages = {413--418},
 numpages = {6},
 url = {http://doi.acm.org/10.1145/2839509.2844560},
 doi = {10.1145/2839509.2844560},
 acmid = {2844560},
 publisher = {ACM},
 address = {New York, NY, USA},
 keywords = {big data, databases curricula, sql, structured query language},
}

@inproceedings{Margulieux:2012:SIM:2361276.2361291,
 author = {Margulieux, Lauren E. and Guzdial, Mark and Catrambone, Richard},
 title = {Subgoal-labeled Instructional Material Improves Performance and Transfer in Learning to Develop Mobile Applications},
 booktitle = {Proceedings of the Ninth Annual International Conference on International Computing Education Research},
 series = {ICER '12},
 year = {2012},
 isbn = {978-1-4503-1604-0},
 location = {Auckland, New Zealand},
 pages = {71--78},
 numpages = {8},
 url = {http://doi.acm.org/10.1145/2361276.2361291},
 doi = {10.1145/2361276.2361291},
 acmid = {2361291},
 publisher = {ACM},
 address = {New York, NY, USA},
 keywords = {cognitive load, educational videos, instructional text, mental models, subgoal learning},
}

@inproceedings{Qiu:2013:CTC:2485760.2485787,
 author = {Qiu, Kanjun and Buechley, Leah and Baafi, Edward and Dubow, Wendy},
 title = {A Curriculum for Teaching Computer Science Through Computational Textiles},
 booktitle = {Proceedings of the 12th International Conference on Interaction Design and Children},
 series = {IDC '13},
 year = {2013},
 isbn = {978-1-4503-1918-8},
 location = {New York, New York, USA},
 pages = {20--27},
 numpages = {8},
 url = {http://doi.acm.org/10.1145/2485760.2485787},
 doi = {10.1145/2485760.2485787},
 acmid = {2485787},
 publisher = {ACM},
 address = {New York, NY, USA},
 keywords = {LilyPad arduino, computational textiles, computer science education, curriculum development, e-textiles, electronic textiles, technological self-efficacy, tutorial},
}

@article{Mantei-Tremaine:1998:PAC:279044.279046,
 author = {Mantei-Tremaine, Marilyn},
 title = {A Psychologist Astray in Computer Science},
 journal = {SIGCHI Bull.},
 issue_date = {April 1998},
 volume = {30},
 number = {2},
 month = apr,
 year = {1998},
 issn = {0736-6906},
 pages = {9--13},
 numpages = {5},
 url = {http://doi.acm.org/10.1145/279044.279046},
 doi = {10.1145/279044.279046},
 acmid = {279046},
 publisher = {ACM},
 address = {New York, NY, USA},
}

@article{Mead:2006:CAI:1189136.1189185,
 author = {Mead, Jerry and Gray, Simon and Hamer, John and James, Richard and Sorva, Juha and Clair, Caroline St. and Thomas, Lynda},
 title = {A Cognitive Approach to Identifying Measurable Milestones for Programming Skill Acquisition},
 journal = {SIGCSE Bull.},
 issue_date = {December 2006},
 volume = {38},
 number = {4},
 month = jun,
 year = {2006},
 issn = {0097-8418},
 pages = {182--194},
 numpages = {13},
 url = {http://doi.acm.org/10.1145/1189136.1189185},
 doi = {10.1145/1189136.1189185},
 acmid = {1189185},
 publisher = {ACM},
 address = {New York, NY, USA},
 keywords = {CS1, cognitive approaches, curricular planning, programming},
}

@inproceedings{Mead:2006:CAI:1189215.1189185,
 author = {Mead, Jerry and Gray, Simon and Hamer, John and James, Richard and Sorva, Juha and Clair, Caroline St. and Thomas, Lynda},
 title = {A Cognitive Approach to Identifying Measurable Milestones for Programming Skill Acquisition},
 booktitle = {Working Group Reports on ITiCSE on Innovation and Technology in Computer Science Education},
 series = {ITiCSE-WGR '06},
 year = {2006},
 isbn = {1-59593-603-3},
 location = {Bologna, Italy},
 pages = {182--194},
 numpages = {13},
 url = {http://doi.acm.org/10.1145/1189215.1189185},
 doi = {10.1145/1189215.1189185},
 acmid = {1189185},
 publisher = {ACM},
 address = {New York, NY, USA},
 keywords = {CS1, cognitive approaches, curricular planning, programming},
}

@article{Martin:2006:IHE:1127442.1127449,
 author = {Martin, Fred G.},
 title = {Integrating Hardware Experiences into a Computer Architecture Core Course},
 journal = {J. Comput. Sci. Coll.},
 issue_date = {June 2006},
 volume = {21},
 number = {6},
 month = jun,
 year = {2006},
 issn = {1937-4771},
 pages = {39--52},
 numpages = {14},
 url = {http://dl.acm.org/citation.cfm?id=1127442.1127449},
 acmid = {1127449},
 publisher = {Consortium for Computing Sciences in Colleges},
 address = {USA},
}

@inproceedings{Busjahn:2013:UCR:2526968.2526969,
 author = {Busjahn, Teresa and Schulte, Carsten},
 title = {The Use of Code Reading in Teaching Programming},
 booktitle = {Proceedings of the 13th Koli Calling International Conference on Computing Education Research},
 series = {Koli Calling '13},
 year = {2013},
 isbn = {978-1-4503-2482-3},
 location = {Koli, Finland},
 pages = {3--11},
 numpages = {9},
 url = {http://doi.acm.org/10.1145/2526968.2526969},
 doi = {10.1145/2526968.2526969},
 acmid = {2526969},
 publisher = {ACM},
 address = {New York, NY, USA},
 keywords = {CS ed research, code comprehension, code reading, educational research, program comprehension, teaching programming},
}

@inproceedings{Leppanen:2016:PSL:2999541.2999549,
 author = {Lepp\"{a}nen, Leo and Leinonen, Juho and Hellas, Arto},
 title = {Pauses and Spacing in Learning to Program},
 booktitle = {Proceedings of the 16th Koli Calling International Conference on Computing Education Research},
 series = {Koli Calling '16},
 year = {2016},
 isbn = {978-1-4503-4770-9},
 location = {Koli, Finland},
 pages = {41--50},
 numpages = {10},
 url = {http://doi.acm.org/10.1145/2999541.2999549},
 doi = {10.1145/2999541.2999549},
 acmid = {2999549},
 publisher = {ACM},
 address = {New York, NY, USA},
 keywords = {educational data mining, pausing, self-regulation, source code snapshots, spacing},
}

@inproceedings{Yang:2008:BEH:1593105.1593111,
 author = {Yang, Li and Winters, Kathy and Kizza, Joseph M.},
 title = {Biometrics Education with Hands-on Labs},
 booktitle = {Proceedings of the 46th Annual Southeast Regional Conference on XX},
 series = {ACM-SE 46},
 year = {2008},
 isbn = {978-1-60558-105-7},
 location = {Auburn, Alabama},
 pages = {18--23},
 numpages = {6},
 url = {http://doi.acm.org/10.1145/1593105.1593111},
 doi = {10.1145/1593105.1593111},
 acmid = {1593111},
 publisher = {ACM},
 address = {New York, NY, USA},
 keywords = {biometrics, education, hands-on labs},
}

@inproceedings{Campbell:2019:SML:3287324.3287481,
 author = {Campbell, Jennifer and Petersen, Andrew and Smith, Jacqueline},
 title = {Self-paced Mastery Learning CS1},
 booktitle = {Proceedings of the 50th ACM Technical Symposium on Computer Science Education},
 series = {SIGCSE '19},
 year = {2019},
 isbn = {978-1-4503-5890-3},
 location = {Minneapolis, MN, USA},
 pages = {955--961},
 numpages = {7},
 url = {http://doi.acm.org/10.1145/3287324.3287481},
 doi = {10.1145/3287324.3287481},
 acmid = {3287481},
 publisher = {ACM},
 address = {New York, NY, USA},
 keywords = {cs1, mastery learning, novice programming, self-paced},
}

@inproceedings{Lewandowski:2005:NPD:1089786.1089787,
 author = {Lewandowski, Gary and Gutschow, Alicia and McCartney, Robert and Sanders, Kate and Shinners-Kennedy, Dermot},
 title = {What Novice Programmers Don'T Know},
 booktitle = {Proceedings of the First International Workshop on Computing Education Research},
 series = {ICER '05},
 year = {2005},
 isbn = {1-59593-043-4},
 location = {Seattle, WA, USA},
 pages = {1--12},
 numpages = {12},
 url = {http://doi.acm.org/10.1145/1089786.1089787},
 doi = {10.1145/1089786.1089787},
 acmid = {1089787},
 publisher = {ACM},
 address = {New York, NY, USA},
 keywords = {CS1, CS2, abstraction, card sorts, course performance, programming concepts},
}

@article{Vainio:2007:FNP:1269900.1268853,
 author = {Vainio, Vesa and Sajaniemi, Jorma},
 title = {Factors in Novice Programmers' Poor Tracing Skills},
 journal = {SIGCSE Bull.},
 issue_date = {September 2007},
 volume = {39},
 number = {3},
 month = jun,
 year = {2007},
 issn = {0097-8418},
 pages = {236--240},
 numpages = {5},
 url = {http://doi.acm.org/10.1145/1269900.1268853},
 doi = {10.1145/1269900.1268853},
 acmid = {1268853},
 publisher = {ACM},
 address = {New York, NY, USA},
 keywords = {elementary programming, program tracing, programming education},
}

@inproceedings{Vainio:2007:FNP:1268784.1268853,
 author = {Vainio, Vesa and Sajaniemi, Jorma},
 title = {Factors in Novice Programmers' Poor Tracing Skills},
 booktitle = {Proceedings of the 12th Annual SIGCSE Conference on Innovation and Technology in Computer Science Education},
 series = {ITiCSE '07},
 year = {2007},
 isbn = {978-1-59593-610-3},
 location = {Dundee, Scotland},
 pages = {236--240},
 numpages = {5},
 url = {http://doi.acm.org/10.1145/1268784.1268853},
 doi = {10.1145/1268784.1268853},
 acmid = {1268853},
 publisher = {ACM},
 address = {New York, NY, USA},
 keywords = {elementary programming, program tracing, programming education},
}

@inproceedings{Castro:2016:IBD:2839509.2844574,
 author = {Castro, Francisco Enrique Vicente and Fisler, Kathi},
 title = {On the Interplay Between Bottom-Up and Datatype-Driven Program Design},
 booktitle = {Proceedings of the 47th ACM Technical Symposium on Computing Science Education},
 series = {SIGCSE '16},
 year = {2016},
 isbn = {978-1-4503-3685-7},
 location = {Memphis, Tennessee, USA},
 pages = {205--210},
 numpages = {6},
 url = {http://doi.acm.org/10.1145/2839509.2844574},
 doi = {10.1145/2839509.2844574},
 acmid = {2844574},
 publisher = {ACM},
 address = {New York, NY, USA},
 keywords = {models of code development, novice programmers, plan composition},
}

@inproceedings{Wauck:2017:URS:3025171.3025225,
 author = {Wauck, Helen and Xiao, Ziang and Chiu, Po-Tsung and Fu, Wai-Tat},
 title = {Untangling the Relationship Between Spatial Skills, Game Features, and Gender in a Video Game},
 booktitle = {Proceedings of the 22Nd International Conference on Intelligent User Interfaces},
 series = {IUI '17},
 year = {2017},
 isbn = {978-1-4503-4348-0},
 location = {Limassol, Cyprus},
 pages = {125--136},
 numpages = {12},
 url = {http://doi.acm.org/10.1145/3025171.3025225},
 doi = {10.1145/3025171.3025225},
 acmid = {3025225},
 publisher = {ACM},
 address = {New York, NY, USA},
 keywords = {children, education, game features, gender, player behavior, spatial reasoning, stem, video games},
}

@inproceedings{Duran:2018:TID:3230977.3231007,
 author = {Duran, Rodrigo},
 title = {Towards an Instructional Design of Complex Learning in Introductory Programming Courses},
 booktitle = {Proceedings of the 2018 ACM Conference on International Computing Education Research},
 series = {ICER '18},
 year = {2018},
 isbn = {978-1-4503-5628-2},
 location = {Espoo, Finland},
 pages = {262--263},
 numpages = {2},
 url = {http://doi.acm.org/10.1145/3230977.3231007},
 doi = {10.1145/3230977.3231007},
 acmid = {3231007},
 publisher = {ACM},
 address = {New York, NY, USA},
 keywords = {cognitive load theory, complexity, model of hierarchical complexity, plan-composition strategies, program cognitive complexity},
}

@book{Not a Valid ID2534860,
 author = {Joint Task Force on Computing Curricula, Association for Computing Machinery (ACM) and IEEE Computer Society},
 title = {Computer Science Curricula 2013: Curriculum Guidelines for Undergraduate Degree Programs in Computer Science},
 year = {2013},
 isbn = {978-1-4503-2309-3},
 note = {999133},
 publisher = {ACM},
 address = {New York, NY, USA},
}

@article{Ernst:2008:CCP:1597849.1384333,
 author = {Ernst, Daniel J. and Stevenson, Daniel E.},
 title = {Concurrent CS: Preparing Students for a Multicore World},
 journal = {SIGCSE Bull.},
 issue_date = {September 2008},
 volume = {40},
 number = {3},
 month = jun,
 year = {2008},
 issn = {0097-8418},
 pages = {230--234},
 numpages = {5},
 url = {http://doi.acm.org/10.1145/1597849.1384333},
 doi = {10.1145/1597849.1384333},
 acmid = {1384333},
 publisher = {ACM},
 address = {New York, NY, USA},
 keywords = {curriculum design, parallel programming},
}

@inproceedings{Ernst:2008:CCP:1384271.1384333,
 author = {Ernst, Daniel J. and Stevenson, Daniel E.},
 title = {Concurrent CS: Preparing Students for a Multicore World},
 booktitle = {Proceedings of the 13th Annual Conference on Innovation and Technology in Computer Science Education},
 series = {ITiCSE '08},
 year = {2008},
 isbn = {978-1-60558-078-4},
 location = {Madrid, Spain},
 pages = {230--234},
 numpages = {5},
 url = {http://doi.acm.org/10.1145/1384271.1384333},
 doi = {10.1145/1384271.1384333},
 acmid = {1384333},
 publisher = {ACM},
 address = {New York, NY, USA},
 keywords = {curriculum design, parallel programming},
}

@inproceedings{Franklin:2016:ISS:2839509.2844569,
 author = {Franklin, Diana and Hill, Charlotte and Dwyer, Hilary A. and Hansen, Alexandria K. and Iveland, Ashley and Harlow, Danielle B.},
 title = {Initialization in Scratch: Seeking Knowledge Transfer},
 booktitle = {Proceedings of the 47th ACM Technical Symposium on Computing Science Education},
 series = {SIGCSE '16},
 year = {2016},
 isbn = {978-1-4503-3685-7},
 location = {Memphis, Tennessee, USA},
 pages = {217--222},
 numpages = {6},
 url = {http://doi.acm.org/10.1145/2839509.2844569},
 doi = {10.1145/2839509.2844569},
 acmid = {2844569},
 publisher = {ACM},
 address = {New York, NY, USA},
 keywords = {initialization, k-6, knowledge transfer, scratch, vbbls},
}

@article{Fuller:2007:DCS:1345375.1345438,
 author = {Fuller, Ursula and Johnson, Colin G. and Ahoniemi, Tuukka and Cukierman, Diana and Hern\'{a}n-Losada, Isidoro and Jackova, Jana and Lahtinen, Essi and Lewis, Tracy L. and Thompson, Donna McGee and Riedesel, Charles and Thompson, Errol},
 title = {Developing a Computer Science-specific Learning Taxonomy},
 journal = {SIGCSE Bull.},
 issue_date = {December 2007},
 volume = {39},
 number = {4},
 month = dec,
 year = {2007},
 issn = {0097-8418},
 pages = {152--170},
 numpages = {19},
 url = {http://doi.acm.org/10.1145/1345375.1345438},
 doi = {10.1145/1345375.1345438},
 acmid = {1345438},
 publisher = {ACM},
 address = {New York, NY, USA},
 keywords = {assessment, benchmarking, computer science education, credit transfer, curricula, taxonomies of learning},
}

@inproceedings{Fuller:2007:DCS:1345443.1345438,
 author = {Fuller, Ursula and Johnson, Colin G. and Ahoniemi, Tuukka and Cukierman, Diana and Hern\'{a}n-Losada, Isidoro and Jackova, Jana and Lahtinen, Essi and Lewis, Tracy L. and Thompson, Donna McGee and Riedesel, Charles and Thompson, Errol},
 title = {Developing a Computer Science-specific Learning Taxonomy},
 booktitle = {Working Group Reports on ITiCSE on Innovation and Technology in Computer Science Education},
 series = {ITiCSE-WGR '07},
 year = {2007},
 location = {Dundee, Scotland},
 pages = {152--170},
 numpages = {19},
 url = {http://doi.acm.org/10.1145/1345443.1345438},
 doi = {10.1145/1345443.1345438},
 acmid = {1345438},
 publisher = {ACM},
 address = {New York, NY, USA},
 keywords = {assessment, benchmarking, computer science education, credit transfer, curricula, taxonomies of learning},
}

@inproceedings{Skudder:2014:WEC:2667490.2667497,
 author = {Skudder, Ben and Luxton-Reilly, Andrew},
 title = {Worked Examples in Computer Science},
 booktitle = {Proceedings of the Sixteenth Australasian Computing Education Conference - Volume 148},
 series = {ACE '14},
 year = {2014},
 isbn = {978-1-921770-31-9},
 location = {Auckland, New Zealand},
 pages = {59--64},
 numpages = {6},
 url = {http://dl.acm.org/citation.cfm?id=2667490.2667497},
 acmid = {2667497},
 publisher = {Australian Computer Society, Inc.},
 address = {Darlinghurst, Australia, Australia},
 keywords = {cognition, cognitive load theory, learning, worked examples},
}

@inproceedings{Sysoev:2017:SCE:3078072.3079720,
 author = {Sysoev, Ivan and Hershman, Anneli and Fine, Susan and Traweek, Claire and Roy, Deb},
 title = {SpeechBlocks: A Constructionist Early Literacy App},
 booktitle = {Proceedings of the 2017 Conference on Interaction Design and Children},
 series = {IDC '17},
 year = {2017},
 isbn = {978-1-4503-4921-5},
 location = {Stanford, California, USA},
 pages = {248--257},
 numpages = {10},
 url = {http://doi.acm.org/10.1145/3078072.3079720},
 doi = {10.1145/3078072.3079720},
 acmid = {3079720},
 publisher = {ACM},
 address = {New York, NY, USA},
 keywords = {constructionism, early literacy, phonics, phonological awareness},
}

@article{Konstan:2015:TRS:2744768.2728171,
 author = {Konstan, Joseph A. and Walker, J. D. and Brooks, D. Christopher and Brown, Keith and Ekstrand, Michael D.},
 title = {Teaching Recommender Systems at Large Scale: Evaluation and Lessons Learned from a Hybrid MOOC},
 journal = {ACM Trans. Comput.-Hum. Interact.},
 issue_date = {April 2015},
 volume = {22},
 number = {2},
 month = apr,
 year = {2015},
 issn = {1073-0516},
 pages = {10:1--10:23},
 articleno = {10},
 numpages = {23},
 url = {http://doi.acm.org/10.1145/2728171},
 doi = {10.1145/2728171},
 acmid = {2728171},
 publisher = {ACM},
 address = {New York, NY, USA},
 keywords = {Massively Online Open Course (MOOC), learning assessment},
}

@article{Feldstein:2002:DRL:566778.566782,
 author = {Feldstein, Michael},
 title = {How to Design Recyclable Learning Objects},
 journal = {eLearn},
 issue_date = {July 2002},
 volume = {2002},
 number = {7},
 month = jul,
 year = {2002},
 issn = {1535-394X},
 pages = {2--},
 url = {http://doi.acm.org/10.1145/566778.566782},
 doi = {10.1145/566778.566782},
 acmid = {566782},
 publisher = {ACM},
 address = {New York, NY, USA},
}

@article{Yohe:1996:ITS:245211.245219,
 author = {Yohe, J. Michael},
 title = {Information Technology Support Services: Crisis or Opportunity?},
 journal = {SIGUCCS Newsl.},
 issue_date = {Sept./Dec. 1996},
 volume = {26},
 number = {3-4},
 month = sep,
 year = {1996},
 issn = {0736-6892},
 pages = {43--54},
 numpages = {12},
 url = {http://doi.acm.org/10.1145/245211.245219},
 doi = {10.1145/245211.245219},
 acmid = {245219},
 publisher = {ACM},
 address = {New York, NY, USA},
}

@inproceedings{Rigby:2009:ECR:1631728.1631801,
 author = {Rigby, Steven and Dark, Melissa J. and Ekstrom, Joseph J. and Rogers, Marcus},
 title = {The Efficacy of Cross-discipline Representations for Ill-defined Concepts},
 booktitle = {Proceedings of the 10th ACM Conference on SIG-information Technology Education},
 series = {SIGITE '09},
 year = {2009},
 isbn = {978-1-60558-765-3},
 location = {Fairfax, Virginia, USA},
 pages = {229--234},
 numpages = {6},
 url = {http://doi.acm.org/10.1145/1631728.1631801},
 doi = {10.1145/1631728.1631801},
 acmid = {1631801},
 publisher = {ACM},
 address = {New York, NY, USA},
 keywords = {ias education},
}

@inproceedings{Schulte:2008:BME:1404520.1404535,
 author = {Schulte, Carsten},
 title = {Block Model: An Educational Model of Program Comprehension As a Tool for a Scholarly Approach to Teaching},
 booktitle = {Proceedings of the Fourth International Workshop on Computing Education Research},
 series = {ICER '08},
 year = {2008},
 isbn = {978-1-60558-216-0},
 location = {Sydney, Australia},
 pages = {149--160},
 numpages = {12},
 url = {http://doi.acm.org/10.1145/1404520.1404535},
 doi = {10.1145/1404520.1404535},
 acmid = {1404535},
 publisher = {ACM},
 address = {New York, NY, USA},
 keywords = {CS, CS ed research, educational model, pedagogy, program comprehension, teaching algorithms, teaching teacher students},
}

@inproceedings{Rigby:2008:MCU:1414558.1414563,
 author = {Rigby, Steven and Dark, Melissa J. and Ekstrom, J. and Rogers, Marcus},
 title = {Measuring Conceptual Understanding: A Case Study},
 booktitle = {Proceedings of the 9th ACM SIGITE Conference on Information Technology Education},
 series = {SIGITE '08},
 year = {2008},
 isbn = {978-1-60558-329-7},
 location = {Cincinnati, OH, USA},
 pages = {11--16},
 numpages = {6},
 url = {http://doi.acm.org/10.1145/1414558.1414563},
 doi = {10.1145/1414558.1414563},
 acmid = {1414563},
 publisher = {ACM},
 address = {New York, NY, USA},
 keywords = {ias education},
}

@inproceedings{Nino:2011:DUC:2016039.2016051,
 author = {Ni\~{n}o, Jaime},
 title = {Designing an Undergraduate Curriculum Based on Parallelism and Concurrency},
 booktitle = {Proceedings of the 49th Annual Southeast Regional Conference},
 series = {ACM-SE '11},
 year = {2011},
 isbn = {978-1-4503-0686-7},
 location = {Kennesaw, Georgia},
 pages = {1--6},
 numpages = {6},
 url = {http://doi.acm.org/10.1145/2016039.2016051},
 doi = {10.1145/2016039.2016051},
 acmid = {2016051},
 publisher = {ACM},
 address = {New York, NY, USA},
 keywords = {concurrency, concurrent, data, function parallelism, parallel, parallelism, task, task parallelism},
}

@inproceedings{Morrison:2016:SHS:2839509.2844617,
 author = {Morrison, Briana B. and Margulieux, Lauren E. and Ericson, Barbara and Guzdial, Mark},
 title = {Subgoals Help Students Solve Parsons Problems},
 booktitle = {Proceedings of the 47th ACM Technical Symposium on Computing Science Education},
 series = {SIGCSE '16},
 year = {2016},
 isbn = {978-1-4503-3685-7},
 location = {Memphis, Tennessee, USA},
 pages = {42--47},
 numpages = {6},
 url = {http://doi.acm.org/10.1145/2839509.2844617},
 doi = {10.1145/2839509.2844617},
 acmid = {2844617},
 publisher = {ACM},
 address = {New York, NY, USA},
 keywords = {cognitive load, contextual transfer, parsons problem, subgoal labels},
}

@article{Sands:2008:WPK:1352627.1352637,
 author = {Sands, Mike and Moukhine, Nick and Blank, Glenn},
 title = {Widening the Pipeline of K-12 Students with Flash},
 journal = {J. Comput. Sci. Coll.},
 issue_date = {May 2008},
 volume = {23},
 number = {5},
 month = may,
 year = {2008},
 issn = {1937-4771},
 pages = {52--57},
 numpages = {6},
 url = {http://dl.acm.org/citation.cfm?id=1352627.1352637},
 acmid = {1352637},
 publisher = {Consortium for Computing Sciences in Colleges},
 address = {USA},
}

@inproceedings{Li:2019:TFT:3286960.3286970,
 author = {Li, Chen and Chan, Emily and Denny, Paul and Luxton-Reilly, Andrew and Tempero, Ewan},
 title = {Towards a Framework for Teaching Debugging},
 booktitle = {Proceedings of the Twenty-First Australasian Computing Education Conference},
 series = {ACE '19},
 year = {2019},
 isbn = {978-1-4503-6622-9},
 location = {Sydney, NSW, Australia},
 pages = {79--86},
 numpages = {8},
 url = {http://doi.acm.org/10.1145/3286960.3286970},
 doi = {10.1145/3286960.3286970},
 acmid = {3286970},
 publisher = {ACM},
 address = {New York, NY, USA},
 keywords = {debugging, introductory programming, novice, troubleshooting},
}

@article{Kirbach:1976:UME:953026.803475,
 author = {Kirbach, J\"{u}rgen and Schmidt, Joachim W.},
 title = {On the Uses of Models in Education},
 journal = {SIGCUE Outlook},
 issue_date = {February 1976},
 volume = {10},
 number = {SI},
 month = feb,
 year = {1976},
 issn = {0163-5735},
 pages = {212--222},
 numpages = {11},
 url = {http://doi.acm.org/10.1145/953026.803475},
 doi = {10.1145/953026.803475},
 acmid = {803475},
 publisher = {ACM},
 address = {New York, NY, USA},
}

@article{Kirbach:1976:UME:952989.803475,
 author = {Kirbach, J\"{u}rgen and Schmidt, Joachim W.},
 title = {On the Uses of Models in Education},
 journal = {SIGCSE Bull.},
 issue_date = {February 1976},
 volume = {8},
 number = {1},
 month = feb,
 year = {1976},
 issn = {0097-8418},
 pages = {212--222},
 numpages = {11},
 url = {http://doi.acm.org/10.1145/952989.803475},
 doi = {10.1145/952989.803475},
 acmid = {803475},
 publisher = {ACM},
 address = {New York, NY, USA},
}

@inproceedings{Kirbach:1976:UME:800107.803475,
 author = {Kirbach, J\"{u}rgen and Schmidt, Joachim W.},
 title = {On the Uses of Models in Education},
 booktitle = {Proceedings of the ACM SIGCSE-SIGCUE Technical Symposium on Computer Science and Education},
 series = {SIGCSE '76},
 year = {1976},
 pages = {212--222},
 numpages = {11},
 url = {http://doi.acm.org/10.1145/800107.803475},
 doi = {10.1145/800107.803475},
 acmid = {803475},
 publisher = {ACM},
 address = {New York, NY, USA},
}

@inproceedings{Ericson:2016:IDP:2960310.2960335,
 author = {Ericson, Barbara J. and Rogers, Kantwon and Parker, Miranda and Morrison, Briana and Guzdial, Mark},
 title = {Identifying Design Principles for CS Teacher Ebooks Through Design-Based Research},
 booktitle = {Proceedings of the 2016 ACM Conference on International Computing Education Research},
 series = {ICER '16},
 year = {2016},
 isbn = {978-1-4503-4449-4},
 location = {Melbourne, VIC, Australia},
 pages = {191--200},
 numpages = {10},
 url = {http://doi.acm.org/10.1145/2960310.2960335},
 doi = {10.1145/2960310.2960335},
 acmid = {2960335},
 publisher = {ACM},
 address = {New York, NY, USA},
 keywords = {design-based research, ebooks, electronic books, high school teacher professional development},
}

@article{Maurer:2003:SDU:767598.767648,
 author = {Maurer, W. Douglas},
 title = {A Sample Database Used in a Palm OS Programming Course},
 journal = {J. Comput. Sci. Coll.},
 issue_date = {April 2003},
 volume = {18},
 number = {4},
 month = apr,
 year = {2003},
 issn = {1937-4771},
 pages = {337--343},
 numpages = {7},
 url = {http://dl.acm.org/citation.cfm?id=767598.767648},
 acmid = {767648},
 publisher = {Consortium for Computing Sciences in Colleges},
 address = {USA},
}

@article{Canou:2017:SUF:3136534.3110248,
 author = {Canou, Benjamin and Di Cosmo, Roberto and Henry, Gr{\'e}goire},
 title = {Scaling Up Functional Programming Education: Under the Hood of the OCaml MOOC},
 journal = {Proc. ACM Program. Lang.},
 issue_date = {September 2017},
 volume = {1},
 number = {ICFP},
 month = aug,
 year = {2017},
 issn = {2475-1421},
 pages = {4:1--4:25},
 articleno = {4},
 numpages = {25},
 url = {http://doi.acm.org/10.1145/3110248},
 doi = {10.1145/3110248},
 acmid = {3110248},
 publisher = {ACM},
 address = {New York, NY, USA},
 keywords = {MOOC, automated grading, browser based education platform, functional programming, programming education, safe program introspection},
}

@inproceedings{Suthers:2011:UFM:2090116.2090124,
 author = {Suthers, Daniel and Rosen, Devan},
 title = {A Unified Framework for Multi-level Analysis of Distributed Learning},
 booktitle = {Proceedings of the 1st International Conference on Learning Analytics and Knowledge},
 series = {LAK '11},
 year = {2011},
 isbn = {978-1-4503-0944-8},
 location = {Banff, Alberta, Canada},
 pages = {64--74},
 numpages = {11},
 url = {http://doi.acm.org/10.1145/2090116.2090124},
 doi = {10.1145/2090116.2090124},
 acmid = {2090124},
 publisher = {ACM},
 address = {New York, NY, USA},
 keywords = {analysis, distributed learning, interaction analysis, networked learning, social network analysis, socio-technical networks},
}

@inproceedings{Stringer:2004:TRS:1017833.1017835,
 author = {Stringer, Mark and Toye, Eleanor F. and Rode, Jennifer A. and Blackwell, Alan F.},
 title = {Teaching Rhetorical Skills with a Tangible User Interface},
 booktitle = {Proceedings of the 2004 Conference on Interaction Design and Children: Building a Community},
 series = {IDC '04},
 year = {2004},
 isbn = {1-58113-791-5},
 location = {Maryland},
 pages = {11--18},
 numpages = {8},
 url = {http://doi.acm.org/10.1145/1017833.1017835},
 doi = {10.1145/1017833.1017835},
 acmid = {1017835},
 publisher = {ACM},
 address = {New York, NY, USA},
 keywords = {RFID, children, computer supported collaborative argument, education, iterative design, rhetoric, tangibles},
}

@inproceedings{Luxton-Reilly:2018:IPS:3293881.3295779,
 author = {Luxton-Reilly, Andrew and Simon and Albluwi, Ibrahim and Becker, Brett A. and Giannakos, Michail and Kumar, Amruth N. and Ott, Linda and Paterson, James and Scott, Michael James and Sheard, Judy and Szabo, Claudia},
 title = {Introductory Programming: A Systematic Literature Review},
 booktitle = {Proceedings Companion of the 23rd Annual ACM Conference on Innovation and Technology in Computer Science Education},
 series = {ITiCSE 2018 Companion},
 year = {2018},
 isbn = {978-1-4503-6223-8},
 location = {Larnaca, Cyprus},
 pages = {55--106},
 numpages = {52},
 url = {http://doi.acm.org/10.1145/3293881.3295779},
 doi = {10.1145/3293881.3295779},
 acmid = {3295779},
 publisher = {ACM},
 address = {New York, NY, USA},
 keywords = {CS1, ITiCSE working group, SLR, introductory programming, literature review, novice programming, overview, review, systematic literature review, systematic review},
}

@article{Torrellas:2009:BMA:1610252.1610271,
 author = {Torrellas, Josep and Ceze, Luis and Tuck, James and Cascaval, Calin and Montesinos, Pablo and Ahn, Wonsun and Prvulovic, Milos},
 title = {The Bulk Multicore Architecture for Improved Programmability},
 journal = {Commun. ACM},
 issue_date = {December 2009},
 volume = {52},
 number = {12},
 month = dec,
 year = {2009},
 issn = {0001-0782},
 pages = {58--65},
 numpages = {8},
 url = {http://doi.acm.org/10.1145/1610252.1610271},
 doi = {10.1145/1610252.1610271},
 acmid = {1610271},
 publisher = {ACM},
 address = {New York, NY, USA},
}

@inproceedings{Brunvand:2014:WGP:2614028.2615421,
 author = {Brunvand, Erik and Chatterjee, Niladrish and Kopta, Daniel},
 title = {Why Graphics Programmers Need to Know About DRAM},
 booktitle = {ACM SIGGRAPH 2014 Courses},
 series = {SIGGRAPH '14},
 year = {2014},
 isbn = {978-1-4503-2962-0},
 location = {Vancouver, Canada},
 pages = {21:1--21:75},
 articleno = {21},
 numpages = {75},
 url = {http://doi.acm.org/10.1145/2614028.2615421},
 doi = {10.1145/2614028.2615421},
 acmid = {2615421},
 publisher = {ACM},
 address = {New York, NY, USA},
}

@article{Bean:2011:MYD:1999742.1999746,
 author = {Bean, Cammy},
 title = {Make Your Designs Shine from the Inside: Clicky-Clicky Bling-Bling (Part 2 of 2)},
 journal = {eLearn},
 issue_date = {June 2011},
 volume = {2011},
 number = {6},
 month = jun,
 year = {2011},
 issn = {1535-394X},
 articleno = {4},
 url = {http://doi.acm.org/10.1145/1999742.1999746},
 doi = {10.1145/1999742.1999746},
 acmid = {1999746},
 publisher = {ACM},
 address = {New York, NY, USA},
}

@article{Schulz:2015:ACH:2752549.2748062,
 author = {Schulz, Claudia},
 title = {ACM-W Chapters at Home and Abroad: An Initiative on Women, Not of Women},
 journal = {XRDS},
 issue_date = {Spring 2015},
 volume = {21},
 number = {3},
 month = mar,
 year = {2015},
 issn = {1528-4972},
 pages = {10--11},
 numpages = {2},
 url = {http://doi.acm.org/10.1145/2748062},
 doi = {10.1145/2748062},
 acmid = {2748062},
 publisher = {ACM},
 address = {New York, NY, USA},
}

@inproceedings{Wains:2008:IME:1414558.1414568,
 author = {Wains, Shahid Islam and Mahmood, Waqar},
 title = {Integrating M-learning with e-Learning},
 booktitle = {Proceedings of the 9th ACM SIGITE Conference on Information Technology Education},
 series = {SIGITE '08},
 year = {2008},
 isbn = {978-1-60558-329-7},
 location = {Cincinnati, OH, USA},
 pages = {31--38},
 numpages = {8},
 url = {http://doi.acm.org/10.1145/1414558.1414568},
 doi = {10.1145/1414558.1414568},
 acmid = {1414568},
 publisher = {ACM},
 address = {New York, NY, USA},
 keywords = {cell phone, distance learning, e-learning, m-learning},
}

@article{Yang:2008:FPG:1352383.1352408,
 author = {Yang, Kuo-pao and Beaubouef, Theresa},
 title = {A Field Programmable Gate Array Media Player for Realmedia Files},
 journal = {J. Comput. Sci. Coll.},
 issue_date = {June 2008},
 volume = {23},
 number = {6},
 month = jun,
 year = {2008},
 issn = {1937-4771},
 pages = {133--139},
 numpages = {7},
 url = {http://dl.acm.org/citation.cfm?id=1352383.1352408},
 acmid = {1352408},
 publisher = {Consortium for Computing Sciences in Colleges},
 address = {USA},
}

@inproceedings{Lister:2011:CON:2459936.2459938,
 author = {Lister, Raymond},
 title = {Concrete and Other neo-Piagetian Forms of Reasoning in the Novice Programmer},
 booktitle = {Proceedings of the Thirteenth Australasian Computing Education Conference - Volume 114},
 series = {ACE '11},
 year = {2011},
 isbn = {978-1-920682-94-1},
 location = {Perth, Australia},
 pages = {9--18},
 numpages = {10},
 url = {http://dl.acm.org/citation.cfm?id=2459936.2459938},
 acmid = {2459938},
 publisher = {Australian Computer Society, Inc.},
 address = {Darlinghurst, Australia, Australia},
 keywords = {neo-Piagetian, novice programmer},
}

@article{Gibbs:2000:ECL:331795.331856,
 author = {Gibbs, David C.},
 title = {The Effect of a Constructivist Learning Environment for Field-dependent/Independent Students on Achievement in Introductory Computer Programming},
 journal = {SIGCSE Bull.},
 issue_date = {Mar. 2000},
 volume = {32},
 number = {1},
 month = mar,
 year = {2000},
 issn = {0097-8418},
 pages = {207--211},
 numpages = {5},
 url = {http://doi.acm.org/10.1145/331795.331856},
 doi = {10.1145/331795.331856},
 acmid = {331856},
 publisher = {ACM},
 address = {New York, NY, USA},
}

@inproceedings{Gibbs:2000:ECL:330908.331856,
 author = {Gibbs, David C.},
 title = {The Effect of a Constructivist Learning Environment for Field-dependent/Independent Students on Achievement in Introductory Computer Programming},
 booktitle = {Proceedings of the Thirty-first SIGCSE Technical Symposium on Computer Science Education},
 series = {SIGCSE '00},
 year = {2000},
 isbn = {1-58113-213-1},
 location = {Austin, Texas, USA},
 pages = {207--211},
 numpages = {5},
 url = {http://doi.acm.org/10.1145/330908.331856},
 doi = {10.1145/330908.331856},
 acmid = {331856},
 publisher = {ACM},
 address = {New York, NY, USA},
}

@article{Dinsel:1999:ULU:327850.327874,
 author = {Dinsel, Jeremy},
 title = {Using Linux in the University},
 journal = {Linux J.},
 issue_date = {May 1999},
 volume = {1999},
 number = {61es},
 month = may,
 year = {1999},
 issn = {1075-3583},
 articleno = {24},
 url = {http://dl.acm.org/citation.cfm?id=327850.327874},
 acmid = {327874},
 publisher = {Belltown Media},
 address = {Houston, TX},
}

@inproceedings{Matthews:2017:ESM:3176653.3176691,
 author = {Matthews, R. and Hew, S. H. and Koo, A. C.},
 title = {Empirical Study of Multimedia Learning Object to Enhance Introductory Programming Learning},
 booktitle = {Proceedings of the 2017 International Conference on Information Technology},
 series = {ICIT 2017},
 year = {2017},
 isbn = {978-1-4503-6351-8},
 location = {Singapore, Singapore},
 pages = {212--217},
 numpages = {6},
 url = {http://doi.acm.org/10.1145/3176653.3176691},
 doi = {10.1145/3176653.3176691},
 acmid = {3176691},
 publisher = {ACM},
 address = {New York, NY, USA},
 keywords = {C programming language, Multimedia learning object, content design, novice learners},
}

@article{Connelly:2005:CCC:1089053.1089077,
 author = {Connelly, Richard and Hadimioglu, Haldun and Herscovici, David and Ivanov, Lubomir and Hoffman, Mark},
 title = {Course Continuity in the Computer Science Curriculum},
 journal = {J. Comput. Sci. Coll.},
 issue_date = {December 2005},
 volume = {21},
 number = {2},
 month = dec,
 year = {2005},
 issn = {1937-4771},
 pages = {172--176},
 numpages = {5},
 url = {http://dl.acm.org/citation.cfm?id=1089053.1089077},
 acmid = {1089077},
 publisher = {Consortium for Computing Sciences in Colleges},
 address = {USA},
}

@inproceedings{Davenport:2008:DEL:1599812.1599834,
 author = {Davenport, Jodi L. and Yaron, David and Klahr, David and Koedinger, Kenneth},
 title = {When Do Diagrams Enhance Learning? A Framework for Designing Relevant Representations},
 booktitle = {Proceedings of the 8th International Conference on International Conference for the Learning Sciences - Volume 1},
 series = {ICLS'08},
 year = {2008},
 location = {Utrecht, The Netherlands},
 pages = {191--198},
 numpages = {8},
 url = {http://dl.acm.org/citation.cfm?id=1599812.1599834},
 acmid = {1599834},
 publisher = {International Society of the Learning Sciences},
}

@inproceedings{Pournaghshband:2013:TSM:2445196.2445299,
 author = {Pournaghshband, Vahab},
 title = {Teaching the Security Mindset to CS1 Students},
 booktitle = {Proceeding of the 44th ACM Technical Symposium on Computer Science Education},
 series = {SIGCSE '13},
 year = {2013},
 isbn = {978-1-4503-1868-6},
 location = {Denver, Colorado, USA},
 pages = {347--352},
 numpages = {6},
 url = {http://doi.acm.org/10.1145/2445196.2445299},
 doi = {10.1145/2445196.2445299},
 acmid = {2445299},
 publisher = {ACM},
 address = {New York, NY, USA},
}

@inproceedings{Olsson:2015:RMM:2776880.2792712,
 author = {Olsson, Ola and Persson, Emil and Billeter, Markus},
 title = {Real-time Many-light Management and Shadows with Clustered Shading},
 booktitle = {ACM SIGGRAPH 2015 Courses},
 series = {SIGGRAPH '15},
 year = {2015},
 isbn = {978-1-4503-3634-5},
 location = {Los Angeles, California},
 pages = {12:1--12:398},
 articleno = {12},
 numpages = {398},
 url = {http://doi.acm.org/10.1145/2776880.2792712},
 doi = {10.1145/2776880.2792712},
 acmid = {2792712},
 publisher = {ACM},
 address = {New York, NY, USA},
}

@inproceedings{Deb:2019:MAT:3287324.3287494,
 author = {Deb, Debzani and Fuad, Muztaba and Irwin, Keith},
 title = {A Module-based Approach to Teaching Big Data and Cloud Computing Topics at CS Undergraduate Level},
 booktitle = {Proceedings of the 50th ACM Technical Symposium on Computer Science Education},
 series = {SIGCSE '19},
 year = {2019},
 isbn = {978-1-4503-5890-3},
 location = {Minneapolis, MN, USA},
 pages = {2--8},
 numpages = {7},
 url = {http://doi.acm.org/10.1145/3287324.3287494},
 doi = {10.1145/3287324.3287494},
 acmid = {3287494},
 publisher = {ACM},
 address = {New York, NY, USA},
 keywords = {apache spark, big data, cloud computing, curriculum, mapreduce},
}

@article{Guzdial:2019:CRD:3336127.3323684,
 author = {Guzdial, Mark and Arquilla, John},
 title = {Is CS Really for All, and Defending Democracy in Cyberspace},
 journal = {Commun. ACM},
 issue_date = {June 2019},
 volume = {62},
 number = {6},
 month = may,
 year = {2019},
 issn = {0001-0782},
 pages = {8--9},
 numpages = {2},
 url = {http://doi.acm.org/10.1145/3323684},
 doi = {10.1145/3323684},
 acmid = {3323684},
 publisher = {ACM},
 address = {New York, NY, USA},
}

@inproceedings{Hill:2006:EAL:1179295.1179334,
 author = {Hill, Bill},
 title = {Entered Apprentice: A Luddite "Factory" for Undergraduate Learning in Computer Animation},
 booktitle = {ACM SIGGRAPH 2006 Educators Program},
 series = {SIGGRAPH '06},
 year = {2006},
 isbn = {1-59593-364-6},
 location = {Boston, Massachusetts},
 articleno = {38},
 url = {http://doi.acm.org/10.1145/1179295.1179334},
 doi = {10.1145/1179295.1179334},
 acmid = {1179334},
 publisher = {ACM},
 address = {New York, NY, USA},
}

@article{Morrison:2011:CSU:1953122.1953139,
 author = {Morrison, Clayton T. and Snodgrass, Richard T.},
 title = {Computer Science Can Use More Science},
 journal = {Commun. ACM},
 issue_date = {June 2011},
 volume = {54},
 number = {6},
 month = jun,
 year = {2011},
 issn = {0001-0782},
 pages = {36--38},
 numpages = {3},
 url = {http://doi.acm.org/10.1145/1953122.1953139},
 doi = {10.1145/1953122.1953139},
 acmid = {1953139},
 publisher = {ACM},
 address = {New York, NY, USA},
}

@inproceedings{Garrard:2014:MPM:2614028.2615452,
 author = {Garrard, Andrew},
 title = {Moving Pictures: Making the Most of the Mobile},
 booktitle = {ACM SIGGRAPH 2014 Courses},
 series = {SIGGRAPH '14},
 year = {2014},
 isbn = {978-1-4503-2962-0},
 location = {Vancouver, Canada},
 pages = {14:1--14:53},
 articleno = {14},
 numpages = {53},
 url = {http://doi.acm.org/10.1145/2614028.2615452},
 doi = {10.1145/2614028.2615452},
 acmid = {2615452},
 publisher = {ACM},
 address = {New York, NY, USA},
}

@inproceedings{Hammond:1995:PPE:217279.215309,
 author = {Hammond, Nick and McKendree, Jean and Reader, Will and Trapp, Annie},
 title = {The PsyCLE Project: Educational Multimedia for Conceptual Understanding},
 booktitle = {Proceedings of the Third ACM International Conference on Multimedia},
 series = {MULTIMEDIA '95},
 year = {1995},
 isbn = {0-89791-751-0},
 location = {San Francisco, California, USA},
 pages = {447--456},
 numpages = {10},
 url = {http://doi.acm.org/10.1145/217279.215309},
 doi = {10.1145/217279.215309},
 acmid = {215309},
 publisher = {ACM},
 address = {New York, NY, USA},
 keywords = {consortium project, learning principles, multimedia education, psychology},
}

@inproceedings{Sweeton:1990:AUS:99186.99269,
 author = {Sweeton, James C.},
 title = {The Automation of User Services in the Coming Information Age},
 booktitle = {Proceedings of the 18th Annual ACM SIGUCCS Conference on User Services},
 series = {SIGUCCS '90},
 year = {1990},
 isbn = {0-89791-406-6},
 location = {Cincinnati, Ohio, USA},
 pages = {395--398},
 numpages = {4},
 url = {http://doi.acm.org/10.1145/99186.99269},
 doi = {10.1145/99186.99269},
 acmid = {99269},
 publisher = {ACM},
 address = {New York, NY, USA},
}

@inproceedings{Corney:2011:ERR:2459936.2459948,
 author = {Corney, Malcolm and Lister, Raymond and Teague, Donna},
 title = {Early Relational Reasoning and the Novice Programmer: Swapping As the "Hello World" of Relational Reasoning},
 booktitle = {Proceedings of the Thirteenth Australasian Computing Education Conference - Volume 114},
 series = {ACE '11},
 year = {2011},
 isbn = {978-1-920682-94-1},
 location = {Perth, Australia},
 pages = {95--104},
 numpages = {10},
 url = {http://dl.acm.org/citation.cfm?id=2459936.2459948},
 acmid = {2459948},
 publisher = {Australian Computer Society, Inc.},
 address = {Darlinghurst, Australia, Australia},
 keywords = {SOLO, chunking, novice programmer},
}

@inproceedings{Palana:2008:OOI:1508044.1508117,
 author = {Palana, Kristen and Rittler, Steve},
 title = {There Can Be Only One: Independent Animation Production for the Lonely},
 booktitle = {ACM SIGGRAPH ASIA 2008 Courses},
 series = {SIGGRAPH Asia '08},
 year = {2008},
 location = {Singapore},
 pages = {20:1--20:32},
 articleno = {20},
 numpages = {32},
 url = {http://doi.acm.org/10.1145/1508044.1508117},
 doi = {10.1145/1508044.1508117},
 acmid = {1508117},
 publisher = {ACM},
 address = {New York, NY, USA},
}

@inproceedings{Mandviwalla:1996:RQD:238857.238915,
 author = {Mandviwalla, Munir and Hovav, Anat},
 title = {Redesigning the Questioning, Discussion, and Document Processes},
 booktitle = {Proceedings of the 1996 ACM SIGCPR/SIGMIS Conference on Computer Personnel Research},
 series = {SIGCPR '96},
 year = {1996},
 isbn = {0-89791-782-0},
 location = {Denver, Colorado, USA},
 pages = {326--337},
 numpages = {12},
 url = {http://doi.acm.org/10.1145/238857.238915},
 doi = {10.1145/238857.238915},
 acmid = {238915},
 publisher = {ACM},
 address = {New York, NY, USA},
 keywords = {Internet, World Wide Web, business process redesign, communication, document management, education, electronic mail, learning, newsgroups, processes},
}

@inproceedings{Ericson:2015:UUI:2818314.2818335,
 author = {Ericson, Barbara and Moore, Steven and Morrison, Briana and Guzdial, Mark},
 title = {Usability and Usage of Interactive Features in an Online Ebook for CS Teachers},
 booktitle = {Proceedings of the Workshop in Primary and Secondary Computing Education},
 series = {WiPSCE '15},
 year = {2015},
 isbn = {978-1-4503-3753-3},
 location = {London, United Kingdom},
 pages = {111--120},
 numpages = {10},
 url = {http://doi.acm.org/10.1145/2818314.2818335},
 doi = {10.1145/2818314.2818335},
 acmid = {2818335},
 publisher = {ACM},
 address = {New York, NY, USA},
 keywords = {Online education, computer science principles, high school teachers, professional development, secondary education},
}

@inproceedings{Angel:2014:IWP:2614028.2615459,
 author = {Angel, Ed and Shreiner, Dave},
 title = {An Introduction to WebGL Programming},
 booktitle = {ACM SIGGRAPH 2014 Courses},
 series = {SIGGRAPH '14},
 year = {2014},
 isbn = {978-1-4503-2962-0},
 location = {Vancouver, Canada},
 pages = {7:1--7:105},
 articleno = {7},
 numpages = {105},
 url = {http://doi.acm.org/10.1145/2614028.2615459},
 doi = {10.1145/2614028.2615459},
 acmid = {2615459},
 publisher = {ACM},
 address = {New York, NY, USA},
}

@inproceedings{Lister:2012:TSU:2483716.2483723,
 author = {Lister, Raymond and D'Souza, Daryl and Hamilton, Margaret and Kay, Judy and Sheard, Judy and Corney, Malcolm and Fidge, Colin and Harland, James and Murphy, Tara and Simon and Curran, James and Gluga, Richard and Hogan, James and Roggenkamp, Mike and Teague, Donna},
 title = {Toward a Shared Understanding of Competency in Programming: An Invitation to the BABELnot Project},
 booktitle = {Proceedings of the Fourteenth Australasian Computing Education Conference - Volume 123},
 series = {ACE '12},
 year = {2012},
 isbn = {978-1-921770-04-3},
 location = {Melbourne, Australia},
 pages = {53--60},
 numpages = {8},
 url = {http://dl.acm.org/citation.cfm?id=2483716.2483723},
 acmid = {2483723},
 publisher = {Australian Computer Society, Inc.},
 address = {Darlinghurst, Australia, Australia},
 keywords = {assessment, objectives, programming},
}

@inproceedings{Park:2016:RHC:2899415.2899435,
 author = {Park, Thomas H. and Kim, Meen Chul and Chhabra, Sukrit and Lee, Brian and Forte, Andrea},
 title = {Reading Hierarchies in Code: Assessment of a Basic Computational Skill},
 booktitle = {Proceedings of the 2016 ACM Conference on Innovation and Technology in Computer Science Education},
 series = {ITiCSE '16},
 year = {2016},
 isbn = {978-1-4503-4231-5},
 location = {Arequipa, Peru},
 pages = {302--307},
 numpages = {6},
 url = {http://doi.acm.org/10.1145/2899415.2899435},
 doi = {10.1145/2899415.2899435},
 acmid = {2899435},
 publisher = {ACM},
 address = {New York, NY, USA},
 keywords = {assessment, computational thinking, program comprehension, web development},
}

@inproceedings{Hutt:2019:TSG:3290605.3300726,
 author = {Hutt, Stephen and Grafsgaard, Joseph F. and D'Mello, Sidney K.},
 title = {Time to Scale: Generalizable Affect Detection for Tens of Thousands of Students Across An Entire School Year},
 booktitle = {Proceedings of the 2019 CHI Conference on Human Factors in Computing Systems},
 series = {CHI '19},
 year = {2019},
 isbn = {978-1-4503-5970-2},
 location = {Glasgow, Scotland Uk},
 pages = {496:1--496:14},
 articleno = {496},
 numpages = {14},
 url = {http://doi.acm.org/10.1145/3290605.3300726},
 doi = {10.1145/3290605.3300726},
 acmid = {3300726},
 publisher = {ACM},
 address = {New York, NY, USA},
 keywords = {affect detection, machine learning, online education, sensor-free},
}

@article{Knight:2007:UAD:1229063.1229068,
 author = {Knight, James F. and Bristow, Huw W. and Anastopoulou, Stamatina and Baber, Chris and Schwirtz, Anthony and Arvanitis, Theodoros N.},
 title = {Uses of Accelerometer Data Collected from a Wearable System},
 journal = {Personal Ubiquitous Comput.},
 issue_date = {January 2007},
 volume = {11},
 number = {2},
 month = jan,
 year = {2007},
 issn = {1617-4909},
 pages = {117--132},
 numpages = {16},
 url = {http://dx.doi.org/10.1007/s00779-006-0070-y},
 doi = {10.1007/s00779-006-0070-y},
 acmid = {1229068},
 publisher = {Springer-Verlag},
 address = {London, UK, UK},
 keywords = {Accelerometer, Context aware, Human movement, Match analysis, Sports performance, Teaching, Wearable computer},
}

@inproceedings{Riccioni:2008:EET:1411732.1411735,
 author = {Riccioni, Anna and Denti, Enrico and Laschi, Roberto},
 title = {An Experimental Environment for Teaching Java Security},
 booktitle = {Proceedings of the 6th International Symposium on Principles and Practice of Programming in Java},
 series = {PPPJ '08},
 year = {2008},
 isbn = {978-1-60558-223-8},
 location = {Modena, Italy},
 pages = {13--22},
 numpages = {10},
 url = {http://doi.acm.org/10.1145/1411732.1411735},
 doi = {10.1145/1411732.1411735},
 acmid = {1411735},
 publisher = {ACM},
 address = {New York, NY, USA},
 keywords = {Java cryptography extension, computer engineering education, virtual laboratory},
}

@inproceedings{Kazerouni:2017:QID:3105726.3106180,
 author = {Kazerouni, Ayaan M. and Edwards, Stephen H. and Shaffer, Clifford A.},
 title = {Quantifying Incremental Development Practices and Their Relationship to Procrastination},
 booktitle = {Proceedings of the 2017 ACM Conference on International Computing Education Research},
 series = {ICER '17},
 year = {2017},
 isbn = {978-1-4503-4968-0},
 location = {Tacoma, Washington, USA},
 pages = {191--199},
 numpages = {9},
 url = {http://doi.acm.org/10.1145/3105726.3106180},
 doi = {10.1145/3105726.3106180},
 acmid = {3106180},
 publisher = {ACM},
 address = {New York, NY, USA},
 keywords = {IDE, deveventtracker, eclipse, educational data mining, incremental development, metrics, plugin, software development process},
}

@inproceedings{Kolko:2012:HBF:2347635.2347654,
 author = {Kolko, Beth and Hope, Alexis and Sattler, Brook and MacCorkle, Kate and Sirjani, Behzod},
 title = {Hackademia: Building Functional Rather Than Accredited Engineers},
 booktitle = {Proceedings of the 12th Participatory Design Conference: Research Papers - Volume 1},
 series = {PDC '12},
 year = {2012},
 isbn = {978-1-4503-0846-5},
 location = {Roskilde, Denmark},
 pages = {129--138},
 numpages = {10},
 url = {http://doi.acm.org/10.1145/2347635.2347654},
 doi = {10.1145/2347635.2347654},
 acmid = {2347654},
 publisher = {ACM},
 address = {New York, NY, USA},
 keywords = {DIY, engineering literacy, higher education, informal learning, makers, participatory design, technology design},
}

@inproceedings{Ward:2011:SAR:2043132.2043148,
 author = {Ward, Arthur and Crowley, Rebecca},
 title = {Story Assembly in the R2Aft Dyslexia Fluency Tutor},
 booktitle = {Proceedings of the 6th Workshop on Innovative Use of NLP for Building Educational Applications},
 series = {IUNLPBEA '11},
 year = {2011},
 isbn = {9781937284039},
 location = {Portland, Oregon},
 pages = {130--135},
 numpages = {6},
 url = {http://dl.acm.org/citation.cfm?id=2043132.2043148},
 acmid = {2043148},
 publisher = {Association for Computational Linguistics},
 address = {Stroudsburg, PA, USA},
}

@article{Waguespack:1989:VMT:65294.71203,
 author = {Waguespack,Jr., Leslie J.},
 title = {Visual Metaphors for Teaching Programming Concepts},
 journal = {SIGCSE Bull.},
 issue_date = {Feb. 1989},
 volume = {21},
 number = {1},
 month = feb,
 year = {1989},
 issn = {0097-8418},
 pages = {141--145},
 numpages = {5},
 url = {http://doi.acm.org/10.1145/65294.71203},
 doi = {10.1145/65294.71203},
 acmid = {71203},
 publisher = {ACM},
 address = {New York, NY, USA},
}

@inproceedings{Waguespack:1989:VMT:65293.71203,
 author = {Waguespack,Jr., Leslie J.},
 title = {Visual Metaphors for Teaching Programming Concepts},
 booktitle = {Proceedings of the Twentieth SIGCSE Technical Symposium on Computer Science Education},
 series = {SIGCSE '89},
 year = {1989},
 isbn = {0-89791-298-5},
 location = {Louisville, Kentucky, USA},
 pages = {141--145},
 numpages = {5},
 url = {http://doi.acm.org/10.1145/65293.71203},
 doi = {10.1145/65293.71203},
 acmid = {71203},
 publisher = {ACM},
 address = {New York, NY, USA},
}

@inproceedings{Kalyuga:1997:CLE:263690.264340,
 author = {Kalyuga, Slava},
 title = {Cognitive Load Effects and Design of Computer Based Instruction (Poster)},
 booktitle = {Proceedings of the Second ACM International Conference on Digital Libraries},
 series = {DL '97},
 year = {1997},
 isbn = {0-89791-868-1},
 location = {Philadelphia, Pennsylvania, USA},
 pages = {260--},
 url = {http://doi.acm.org/10.1145/263690.264340},
 doi = {10.1145/263690.264340},
 acmid = {264340},
 publisher = {ACM},
 address = {New York, NY, USA},
}

@article{England:2005:TCV:1060405.1060421,
 author = {England, Robert E.},
 title = {Teaching Concepts of Virtual Memory with the Moses2 Microcomputer Operating System Environment Simulator},
 journal = {J. Comput. Sci. Coll.},
 issue_date = {June 2005},
 volume = {20},
 number = {6},
 month = jun,
 year = {2005},
 issn = {1937-4771},
 pages = {84--91},
 numpages = {8},
 url = {http://dl.acm.org/citation.cfm?id=1060405.1060421},
 acmid = {1060421},
 publisher = {Consortium for Computing Sciences in Colleges},
 address = {USA},
}

@inproceedings{Petukhova:2017:VDC:3136755.3136775,
 author = {Petukhova, Volha and Mayer, Tobias and Malchanau, Andrei and Bunt, Harry},
 title = {Virtual Debate Coach Design: Assessing Multimodal Argumentation Performance},
 booktitle = {Proceedings of the 19th ACM International Conference on Multimodal Interaction},
 series = {ICMI '17},
 year = {2017},
 isbn = {978-1-4503-5543-8},
 location = {Glasgow, UK},
 pages = {41--50},
 numpages = {10},
 url = {http://doi.acm.org/10.1145/3136755.3136775},
 doi = {10.1145/3136755.3136775},
 acmid = {3136775},
 publisher = {ACM},
 address = {New York, NY, USA},
 keywords = {multimodal behaviour tracking, natural debate argumentation, virtual coach},
}

@inproceedings{Aramo-Immonen:2014:VIL:2669711.2669962,
 author = {Aramo-Immonen, Heli and Jussila, Jari and Huhtam\"{a}ki, Jukka},
 title = {Visualizing Informal Learning Behavior from Conference Participants Twitter Data},
 booktitle = {Proceedings of the Second International Conference on Technological Ecosystems for Enhancing Multiculturality},
 series = {TEEM '14},
 year = {2014},
 isbn = {978-1-4503-2896-8},
 location = {Salamanca, Spain},
 pages = {603--610},
 numpages = {8},
 url = {http://doi.acm.org/10.1145/2669711.2669962},
 doi = {10.1145/2669711.2669962},
 acmid = {2669962},
 publisher = {ACM},
 address = {New York, NY, USA},
 keywords = {Twitter, communities of practice, informal learning, learning, memory aids, social network analysis},
}

@article{Baker:2009:LTR:1578012.1578013,
 author = {Baker, Ken A.},
 title = {Learning Theory and the Re-education of Older Software Engineers},
 journal = {SIGITERes. IT},
 issue_date = {July 2009},
 volume = {6},
 number = {2},
 month = jul,
 year = {2009},
 issn = {1944-0278},
 pages = {2--10},
 numpages = {9},
 url = {http://doi.acm.org/10.1145/1578012.1578013},
 doi = {10.1145/1578012.1578013},
 acmid = {1578013},
 publisher = {ACM},
 address = {New York, NY, USA},
 keywords = {behaviorist, cognitive, cognitive load theory, learning theory, memory and motivation, paradigm shift, social learning},
}

@inproceedings{Torres:2019:VAC:3301275.3302328,
 author = {Torres, Johnny and Garc\'{\i}a, Sixto and Pel\'{a}ez, Enrique},
 title = {Visualizing Authorship and Contribution of Collaborative Writing in e-Learning Environments},
 booktitle = {Proceedings of the 24th International Conference on Intelligent User Interfaces},
 series = {IUI '19},
 year = {2019},
 isbn = {978-1-4503-6272-6},
 location = {Marina del Ray, California},
 pages = {324--328},
 numpages = {5},
 url = {http://doi.acm.org/10.1145/3301275.3302328},
 doi = {10.1145/3301275.3302328},
 acmid = {3302328},
 publisher = {ACM},
 address = {New York, NY, USA},
 keywords = {collaborative writing, human-computer interaction, natural language processing},
}

@article{Jansen:1998:GUI:279044.279051,
 author = {Jansen, Bernard J.},
 title = {The Graphical User Interface},
 journal = {SIGCHI Bull.},
 issue_date = {April 1998},
 volume = {30},
 number = {2},
 month = apr,
 year = {1998},
 issn = {0736-6906},
 pages = {22--26},
 numpages = {5},
 url = {http://doi.acm.org/10.1145/279044.279051},
 doi = {10.1145/279044.279051},
 acmid = {279051},
 publisher = {ACM},
 address = {New York, NY, USA},
}

@inproceedings{Oviatt:2007:EPI:1599600.1599708,
 author = {Oviatt, Sharon and Arthur, Alexander and Brock, Yaro and Cohen, Julia},
 title = {Expressive Pen-based Interfaces for Math Education},
 booktitle = {Proceedings of the 8th Iternational Conference on Computer Supported Collaborative Learning},
 series = {CSCL'07},
 year = {2007},
 isbn = {978-0-6151-5436-7},
 location = {New Brunswick, New Jersey, USA},
 pages = {573--582},
 numpages = {10},
 url = {http://dl.acm.org/citation.cfm?id=1599600.1599708},
 acmid = {1599708},
 publisher = {International Society of the Learning Sciences},
}

@article{Ullrich:1989:EIC:74091.74092,
 author = {Ullrich, J. R. and Cook, C.},
 title = {An Experimental Investigation of the Close Procedure As a Measure of Program Understanding},
 journal = {SIGCSE Bull.},
 issue_date = {Dec. 1989},
 volume = {21},
 number = {4},
 month = dec,
 year = {1989},
 issn = {0097-8418},
 pages = {2--10},
 numpages = {9},
 url = {http://doi.acm.org/10.1145/74091.74092},
 doi = {10.1145/74091.74092},
 acmid = {74092},
 publisher = {ACM},
 address = {New York, NY, USA},
}

@inproceedings{Kotzinos:2005:OCS:1060745.1060792,
 author = {Kotzinos, Dimitris and Pediaditaki, Sofia and Apostolidis, Apostolos and Athanasis, Nikolaos and Christophides, Vassilis},
 title = {Online Curriculum on the Semantic Web: The CSD-UoC Portal for Peer-to-peer e-Learning},
 booktitle = {Proceedings of the 14th International Conference on World Wide Web},
 series = {WWW '05},
 year = {2005},
 isbn = {1-59593-046-9},
 location = {Chiba, Japan},
 pages = {307--314},
 numpages = {8},
 url = {http://doi.acm.org/10.1145/1060745.1060792},
 doi = {10.1145/1060745.1060792},
 acmid = {1060792},
 publisher = {ACM},
 address = {New York, NY, USA},
 keywords = {IEEE-LOM, e-learning portals, jetspeed portlets, semantic Web},
}

@inproceedings{Eckroth:2016:TBD:2839509.2844651,
 author = {Eckroth, Joshua},
 title = {Teaching Big Data with a Virtual Cluster},
 booktitle = {Proceedings of the 47th ACM Technical Symposium on Computing Science Education},
 series = {SIGCSE '16},
 year = {2016},
 isbn = {978-1-4503-3685-7},
 location = {Memphis, Tennessee, USA},
 pages = {175--180},
 numpages = {6},
 url = {http://doi.acm.org/10.1145/2839509.2844651},
 doi = {10.1145/2839509.2844651},
 acmid = {2844651},
 publisher = {ACM},
 address = {New York, NY, USA},
 keywords = {big data, cloud computing, curriculum, virtual machines},
}

@inproceedings{Bednarik:2018:EME:3279720.3279722,
 author = {Bednarik, Roman and Schulte, Carsten and Budde, Lea and Heinemann, Birte and Vrzakova, Hana},
 title = {Eye-movement Modeling Examples in Source Code Comprehension: A Classroom Study},
 booktitle = {Proceedings of the 18th Koli Calling International Conference on Computing Education Research},
 series = {Koli Calling '18},
 year = {2018},
 isbn = {978-1-4503-6535-2},
 location = {Koli, Finland},
 pages = {2:1--2:8},
 articleno = {2},
 numpages = {8},
 url = {http://doi.acm.org/10.1145/3279720.3279722},
 doi = {10.1145/3279720.3279722},
 acmid = {3279722},
 publisher = {ACM},
 address = {New York, NY, USA},
 keywords = {classroom, eye-tracking, gaze guidance, source code},
}

@inproceedings{Saukh:2019:QFH:3302506.3310405,
 author = {Saukh, Olga and Maag, Balz},
 title = {Quantle: Fair and Honest Presentation Coach in Your Pocket},
 booktitle = {Proceedings of the 18th International Conference on Information Processing in Sensor Networks},
 series = {IPSN '19},
 year = {2019},
 isbn = {978-1-4503-6284-9},
 location = {Montreal, Quebec, Canada},
 pages = {253--264},
 numpages = {12},
 url = {http://doi.acm.org/10.1145/3302506.3310405},
 doi = {10.1145/3302506.3310405},
 acmid = {3310405},
 publisher = {ACM},
 address = {New York, NY, USA},
 keywords = {pace, pitch, presentation coach, public speaking, vocal variety},
}

@inproceedings{Caspersen:2007:IDP:1288580.1288595,
 author = {Caspersen, Michael E. and Bennedsen, Jens},
 title = {Instructional Design of a Programming Course: A Learning Theoretic Approach},
 booktitle = {Proceedings of the Third International Workshop on Computing Education Research},
 series = {ICER '07},
 year = {2007},
 isbn = {978-1-59593-841-1},
 location = {Atlanta, Georgia, USA},
 pages = {111--122},
 numpages = {12},
 url = {http://doi.acm.org/10.1145/1288580.1288595},
 doi = {10.1145/1288580.1288595},
 acmid = {1288595},
 publisher = {ACM},
 address = {New York, NY, USA},
 keywords = {cognition, cognitive apprenticeship, cognitive load theory, instructional design, learning, model-driven programming, object-oriented programming, patternbased approach to programming education, worked examples},
}

@article{Yan:2008:GET:1352079.1352095,
 author = {Yan, Baoqiang and Rhodes, Philip J.},
 title = {Granite: An Effective Tool to Explore the Concepts of High-performance Data Intensive Scientific Computation in Java},
 journal = {J. Comput. Sci. Coll.},
 issue_date = {April 2008},
 volume = {23},
 number = {4},
 month = apr,
 year = {2008},
 issn = {1937-4771},
 pages = {89--96},
 numpages = {8},
 url = {http://dl.acm.org/citation.cfm?id=1352079.1352095},
 acmid = {1352095},
 publisher = {Consortium for Computing Sciences in Colleges},
 address = {USA},
}

@inproceedings{Lazem:2017:WPW:3025453.3025593,
 author = {Lazem, Shaimaa and Jad, Hussein Aly},
 title = {We Play We Learn: Exploring the Value of Digital Educational Games in Rural Egypt},
 booktitle = {Proceedings of the 2017 CHI Conference on Human Factors in Computing Systems},
 series = {CHI '17},
 year = {2017},
 isbn = {978-1-4503-4655-9},
 location = {Denver, Colorado, USA},
 pages = {2782--2791},
 numpages = {10},
 url = {http://doi.acm.org/10.1145/3025453.3025593},
 doi = {10.1145/3025453.3025593},
 acmid = {3025593},
 publisher = {ACM},
 address = {New York, NY, USA},
 keywords = {Egypt, HCI4D, ICT4D, ICTD, collaborative learning, edutainment, game-based learning, games, play},
}

@article{Ousterhout:2011:CR:1965724.1965751,
 author = {Ousterhout, John and Agrawal, Parag and Erickson, David and Kozyrakis, Christos and Leverich, Jacob and Mazi\`{e}res, David and Mitra, Subhasish and Narayanan, Aravind and Ongaro, Diego and Parulkar, Guru and Rosenblum, Mendel and Rumble, Stephen M. and Stratmann, Eric and Stutsman, Ryan},
 title = {The Case for RAMCloud},
 journal = {Commun. ACM},
 issue_date = {July 2011},
 volume = {54},
 number = {7},
 month = jul,
 year = {2011},
 issn = {0001-0782},
 pages = {121--130},
 numpages = {10},
 url = {http://doi.acm.org/10.1145/1965724.1965751},
 doi = {10.1145/1965724.1965751},
 acmid = {1965751},
 publisher = {ACM},
 address = {New York, NY, USA},
}

@article{Gaspar:2008:ENP:1352627.1352657,
 author = {Gaspar, Alessio and Langevin, Sarah and Armitage, William and Rideout, Matt},
 title = {Enabling New Pedagogies in Operating Systems and Networking Courses with State of the Art Open Source Kernel and Virtualization Technologies},
 journal = {J. Comput. Sci. Coll.},
 issue_date = {May 2008},
 volume = {23},
 number = {5},
 month = may,
 year = {2008},
 issn = {1937-4771},
 pages = {189--198},
 numpages = {10},
 url = {http://dl.acm.org/citation.cfm?id=1352627.1352657},
 acmid = {1352657},
 publisher = {Consortium for Computing Sciences in Colleges},
 address = {USA},
}

@inproceedings{Ade-Ibijola:2014:ANN:2664591.2664601,
 author = {Ade-Ibijola, Abejide and Ewert, Sigrid and Sanders, Ian},
 title = {Abstracting and Narrating Novice Programs Using Regular Expressions},
 booktitle = {Proceedings of the Southern African Institute for Computer Scientist and Information Technologists Annual Conference 2014 on SAICSIT 2014 Empowered by Technology},
 series = {SAICSIT '14},
 year = {2014},
 isbn = {978-1-4503-3246-0},
 location = {Centurion, South Africa},
 pages = {19:19--19:28},
 articleno = {19},
 numpages = {10},
 url = {http://doi.acm.org/10.1145/2664591.2664601},
 doi = {10.1145/2664591.2664601},
 acmid = {2664601},
 publisher = {ACM},
 address = {New York, NY, USA},
 keywords = {Program comprehension, novice programs, program abstraction, regular expressions, syntax-free approach},
}

@inproceedings{Matic:2014:CUS:2632048.2632070,
 author = {Matic, Aleksandar and Hayes, Gillian R. and Tentori, Monica and Abdullah, Maryam and Schuck, Sabrina},
 title = {Collective Use of a Situated Display to Encourage Positive Behaviors in Children with Behavioral Challenges},
 booktitle = {Proceedings of the 2014 ACM International Joint Conference on Pervasive and Ubiquitous Computing},
 series = {UbiComp '14},
 year = {2014},
 isbn = {978-1-4503-2968-2},
 location = {Seattle, Washington},
 pages = {885--895},
 numpages = {11},
 url = {http://doi.acm.org/10.1145/2632048.2632070},
 doi = {10.1145/2632048.2632070},
 acmid = {2632070},
 publisher = {ACM},
 address = {New York, NY, USA},
 keywords = {behavioral intervention, education, groups, large displays},
}

@article{Bishop-Clark:1992:PAN:142040.142052,
 author = {Bishop-Clark, Catherine},
 title = {Protocol Analysis of a Novice Programmer},
 journal = {SIGCSE Bull.},
 issue_date = {Sept. 1992},
 volume = {24},
 number = {3},
 month = sep,
 year = {1992},
 issn = {0097-8418},
 pages = {14--18},
 numpages = {5},
 url = {http://doi.acm.org/10.1145/142040.142052},
 doi = {10.1145/142040.142052},
 acmid = {142052},
 publisher = {ACM},
 address = {New York, NY, USA},
}

@inproceedings{Sorva:2007:SUS:2449323.2449337,
 author = {Sorva, Juha},
 title = {Students' Understandings of Storing Objects},
 booktitle = {Proceedings of the Seventh Baltic Sea Conference on Computing Education Research - Volume 88},
 series = {Koli Calling '07},
 year = {2007},
 isbn = {978-1-920682-69-9},
 location = {Koli National Park, Finland},
 pages = {127--135},
 numpages = {9},
 url = {http://dl.acm.org/citation.cfm?id=2449323.2449337},
 acmid = {2449337},
 publisher = {Australian Computer Society, Inc.},
 address = {Darlinghurst, Australia, Australia},
 keywords = {CS1, constructivism, misconceptions, objects, phenomenography, students' understandings},
}

@article{Aiken:1992:DLM:135250.134527,
 author = {Aiken, Robert M. and Allemang, Dean and Wehrle, Thomas},
 title = {Designing Laboratory Modules for Novices in an Undergraduate AI Course Track: Artificial Intelligence},
 journal = {SIGCSE Bull.},
 issue_date = {March 1992},
 volume = {24},
 number = {1},
 month = mar,
 year = {1992},
 issn = {0097-8418},
 pages = {76--80},
 numpages = {5},
 url = {http://doi.acm.org/10.1145/135250.134527},
 doi = {10.1145/135250.134527},
 acmid = {134527},
 publisher = {ACM},
 address = {New York, NY, USA},
}

@inproceedings{Aiken:1992:DLM:134510.134527,
 author = {Aiken, Robert M. and Allemang, Dean and Wehrle, Thomas},
 title = {Designing Laboratory Modules for Novices in an Undergraduate AI Course Track: Artificial Intelligence},
 booktitle = {Proceedings of the Twenty-third SIGCSE Technical Symposium on Computer Science Education},
 series = {SIGCSE '92},
 year = {1992},
 isbn = {0-89791-468-6},
 location = {Kansas City, Missouri, USA},
 pages = {76--80},
 numpages = {5},
 url = {http://doi.acm.org/10.1145/134510.134527},
 doi = {10.1145/134510.134527},
 acmid = {134527},
 publisher = {ACM},
 address = {New York, NY, USA},
}

@article{Baird:2006:WDI:1127442.1127446,
 author = {Baird, Bridget},
 title = {Web Design: Interface to the Liberal Arts},
 journal = {J. Comput. Sci. Coll.},
 issue_date = {June 2006},
 volume = {21},
 number = {6},
 month = jun,
 year = {2006},
 issn = {1937-4771},
 pages = {14--19},
 numpages = {6},
 url = {http://dl.acm.org/citation.cfm?id=1127442.1127446},
 acmid = {1127446},
 publisher = {Consortium for Computing Sciences in Colleges},
 address = {USA},
}

@article{Haynes:1997:CHI:268085.268181,
 author = {Haynes, Christopher T.},
 title = {Compiling: A High-level Introduction Using Scheme},
 journal = {SIGCSE Bull.},
 issue_date = {March 1997},
 volume = {29},
 number = {1},
 month = mar,
 year = {1997},
 issn = {0097-8418},
 pages = {253--257},
 numpages = {5},
 url = {http://doi.acm.org/10.1145/268085.268181},
 doi = {10.1145/268085.268181},
 acmid = {268181},
 publisher = {ACM},
 address = {New York, NY, USA},
}

@inproceedings{Haynes:1997:CHI:268084.268181,
 author = {Haynes, Christopher T.},
 title = {Compiling: A High-level Introduction Using Scheme},
 booktitle = {Proceedings of the Twenty-eighth SIGCSE Technical Symposium on Computer Science Education},
 series = {SIGCSE '97},
 year = {1997},
 isbn = {0-89791-889-4},
 location = {San Jose, California, USA},
 pages = {253--257},
 numpages = {5},
 url = {http://doi.acm.org/10.1145/268084.268181},
 doi = {10.1145/268084.268181},
 acmid = {268181},
 publisher = {ACM},
 address = {New York, NY, USA},
}

@article{Brown:1983:PCN:952978.801068,
 author = {Brown, Marc and Meyrowitz, Norman},
 title = {Personal Computer Networks and Graphical Animation: Rationale and Practice for Education},
 journal = {SIGCSE Bull.},
 issue_date = {February 1983},
 volume = {15},
 number = {1},
 month = feb,
 year = {1983},
 issn = {0097-8418},
 pages = {296--307},
 numpages = {12},
 url = {http://doi.acm.org/10.1145/952978.801068},
 doi = {10.1145/952978.801068},
 acmid = {801068},
 publisher = {ACM},
 address = {New York, NY, USA},
}

@inproceedings{Brown:1983:PCN:800038.801068,
 author = {Brown, Marc and Meyrowitz, Norman},
 title = {Personal Computer Networks and Graphical Animation: Rationale and Practice for Education},
 booktitle = {Proceedings of the Fourteenth SIGCSE Technical Symposium on Computer Science Education},
 series = {SIGCSE '83},
 year = {1983},
 isbn = {0-89791-091-5},
 location = {Orlando, Florida, USA},
 pages = {296--307},
 numpages = {12},
 url = {http://doi.acm.org/10.1145/800038.801068},
 doi = {10.1145/800038.801068},
 acmid = {801068},
 publisher = {ACM},
 address = {New York, NY, USA},
}

@inproceedings{Rogier:2013:ACL:2541917.2541924,
 author = {Rogier, Els and Van Der Veer, Gerrit C.},
 title = {Adult CS Learning: Flexible Learning from Each Other},
 booktitle = {Proceedings of the 3rd Computer Science Education Research Conference on Computer Science Education Research},
 series = {CSERC '13},
 year = {2013},
 location = {Arnhem, Netherlands},
 pages = {7:75--7:83},
 articleno = {7},
 numpages = {9},
 url = {http://dl.acm.org/citation.cfm?id=2541917.2541924},
 acmid = {2541924},
 publisher = {Open Universiteit, Heerlen},
 address = {Open Univ., Heerlen, The Netherlands, The Netherlands},
 keywords = {Adult e-learning, Distance education, design patterns},
}

@inproceedings{Critchfield:2000:ICD:354908.354921,
 author = {Critchfield, Michael and Murray, Michael},
 title = {Ills Cured with a Dose of Remedy},
 booktitle = {Proceedings of the 28th Annual ACM SIGUCCS Conference on User Services: Building the Future},
 series = {SIGUCCS '00},
 year = {2000},
 isbn = {1-58113-229-8},
 location = {Richmond, Virginia, USA},
 pages = {57--61},
 numpages = {5},
 url = {http://doi.acm.org/10.1145/354908.354921},
 doi = {10.1145/354908.354921},
 acmid = {354921},
 publisher = {ACM},
 address = {New York, NY, USA},
 keywords = {action request system, help desk, remedy, support, workflow, workorder},
}

@article{Bennet:2007:TIP:1229688.1229708,
 author = {Bennet, Tom},
 title = {A Thread Implementation Project Supporting an Operating Systems Course},
 journal = {J. Comput. Sci. Coll.},
 issue_date = {May 2007},
 volume = {22},
 number = {5},
 month = may,
 year = {2007},
 issn = {1937-4771},
 pages = {111--118},
 numpages = {8},
 url = {http://dl.acm.org/citation.cfm?id=1229688.1229708},
 acmid = {1229708},
 publisher = {Consortium for Computing Sciences in Colleges},
 address = {USA},
}

@article{Seifert:2008:IFC:1352079.1352098,
 author = {Seifert, Ryan and Yang, T. Andrew},
 title = {Integrated File-level Cryptographical Access Control},
 journal = {J. Comput. Sci. Coll.},
 issue_date = {April 2008},
 volume = {23},
 number = {4},
 month = apr,
 year = {2008},
 issn = {1937-4771},
 pages = {108--115},
 numpages = {8},
 url = {http://dl.acm.org/citation.cfm?id=1352079.1352098},
 acmid = {1352098},
 publisher = {Consortium for Computing Sciences in Colleges},
 address = {USA},
}

@inproceedings{Angel:2011:IMO:2037636.2037643,
 author = {Angel, Edward and Shreiner, Dave},
 title = {Introduction to Modern openGL Programming},
 booktitle = {ACM SIGGRAPH 2011 Courses},
 series = {SIGGRAPH '11},
 year = {2011},
 isbn = {978-1-4503-0967-7},
 location = {Vancouver, British Columbia, Canada},
 pages = {7:1--7:136},
 articleno = {7},
 numpages = {136},
 url = {http://doi.acm.org/10.1145/2037636.2037643},
 doi = {10.1145/2037636.2037643},
 acmid = {2037643},
 publisher = {ACM},
 address = {New York, NY, USA},
}

@inproceedings{Rivoire:2010:BCM:1734263.1734339,
 author = {Rivoire, Suzanne},
 title = {A Breadth-first Course in Multicore and Manycore Programming},
 booktitle = {Proceedings of the 41st ACM Technical Symposium on Computer Science Education},
 series = {SIGCSE '10},
 year = {2010},
 isbn = {978-1-4503-0006-3},
 location = {Milwaukee, Wisconsin, USA},
 pages = {214--218},
 numpages = {5},
 url = {http://doi.acm.org/10.1145/1734263.1734339},
 doi = {10.1145/1734263.1734339},
 acmid = {1734339},
 publisher = {ACM},
 address = {New York, NY, USA},
 keywords = {cuda, multicore programming education, openmp, parallel programming education, tbb},
}

@article{Muller:2004:PPP:1026487.1008025,
 author = {Muller, Orna and Haberman, Bruria and Averbuch, Haim},
 title = {(An Almost) Pedagogical Pattern for Pattern-based Problem-solving Instruction},
 journal = {SIGCSE Bull.},
 issue_date = {September 2004},
 volume = {36},
 number = {3},
 month = jun,
 year = {2004},
 issn = {0097-8418},
 pages = {102--106},
 numpages = {5},
 url = {http://doi.acm.org/10.1145/1026487.1008025},
 doi = {10.1145/1026487.1008025},
 acmid = {1008025},
 publisher = {ACM},
 address = {New York, NY, USA},
 keywords = {computer science education, teacher training},
}

@inproceedings{Muller:2004:PPP:1007996.1008025,
 author = {Muller, Orna and Haberman, Bruria and Averbuch, Haim},
 title = {(An Almost) Pedagogical Pattern for Pattern-based Problem-solving Instruction},
 booktitle = {Proceedings of the 9th Annual SIGCSE Conference on Innovation and Technology in Computer Science Education},
 series = {ITiCSE '04},
 year = {2004},
 isbn = {1-58113-836-9},
 location = {Leeds, United Kingdom},
 pages = {102--106},
 numpages = {5},
 url = {http://doi.acm.org/10.1145/1007996.1008025},
 doi = {10.1145/1007996.1008025},
 acmid = {1008025},
 publisher = {ACM},
 address = {New York, NY, USA},
 keywords = {computer science education, teacher training},
}

@inproceedings{Ramasamy:2018:MDA:3194779.3194790,
 author = {Ramasamy, Vijayalakshmi and Alomari, Hakam W. and Kiper, James D. and Potvin, Geoffrey},
 title = {A Minimally Disruptive Approach of Integrating Testing into Computer Programming Courses},
 booktitle = {Proceedings of the 2Nd International Workshop on Software Engineering Education for Millennials},
 series = {SEEM '18},
 year = {2018},
 isbn = {978-1-4503-5750-0},
 location = {Gothenburg, Sweden},
 pages = {1--7},
 numpages = {7},
 url = {http://doi.acm.org/10.1145/3194779.3194790},
 doi = {10.1145/3194779.3194790},
 acmid = {3194790},
 publisher = {ACM},
 address = {New York, NY, USA},
 keywords = {SEP-CyLE, empirical study, learning objects, management system, software testing concepts and techniques},
}

@inproceedings{Lonnberg:2012:BSP:2401796.2401802,
 author = {L\"{o}nnberg, Jan and Malmi, Lauri},
 title = {Back to School: How Professional Software Developers Develop and Test Software in an Educational Context},
 booktitle = {Proceedings of the 12th Koli Calling International Conference on Computing Education Research},
 series = {Koli Calling '12},
 year = {2012},
 isbn = {978-1-4503-1795-5},
 location = {Koli, Finland},
 pages = {47--56},
 numpages = {10},
 url = {http://doi.acm.org/10.1145/2401796.2401802},
 doi = {10.1145/2401796.2401802},
 acmid = {2401802},
 publisher = {ACM},
 address = {New York, NY, USA},
 keywords = {automatic assessment, phenomenography, professional software developers, programming education},
}

@article{Yeager:1991:TCP:107005.107033,
 author = {Yeager, Dorian P.},
 title = {Teaching Concurrency in the Programming Languages Course},
 journal = {SIGCSE Bull.},
 issue_date = {Mar. 1991},
 volume = {23},
 number = {1},
 month = mar,
 year = {1991},
 issn = {0097-8418},
 pages = {155--161},
 numpages = {7},
 url = {http://doi.acm.org/10.1145/107005.107033},
 doi = {10.1145/107005.107033},
 acmid = {107033},
 publisher = {ACM},
 address = {New York, NY, USA},
}

@inproceedings{Yeager:1991:TCP:107004.107033,
 author = {Yeager, Dorian P.},
 title = {Teaching Concurrency in the Programming Languages Course},
 booktitle = {Proceedings of the Twenty-second SIGCSE Technical Symposium on Computer Science Education},
 series = {SIGCSE '91},
 year = {1991},
 isbn = {0-89791-377-9},
 location = {San Antonio, Texas, USA},
 pages = {155--161},
 numpages = {7},
 url = {http://doi.acm.org/10.1145/107004.107033},
 doi = {10.1145/107004.107033},
 acmid = {107033},
 publisher = {ACM},
 address = {New York, NY, USA},
}

@article{Applin:2001:SLA:366413.364579,
 author = {Applin, Anne Gates},
 title = {Second Language Acquisition and CS1},
 journal = {SIGCSE Bull.},
 issue_date = {March 2001},
 volume = {33},
 number = {1},
 month = feb,
 year = {2001},
 issn = {0097-8418},
 pages = {174--178},
 numpages = {5},
 url = {http://doi.acm.org/10.1145/366413.364579},
 doi = {10.1145/366413.364579},
 acmid = {364579},
 publisher = {ACM},
 address = {New York, NY, USA},
}

@inproceedings{Applin:2001:SLA:364447.364579,
 author = {Applin, Anne Gates},
 title = {Second Language Acquisition and CS1},
 booktitle = {Proceedings of the Thirty-second SIGCSE Technical Symposium on Computer Science Education},
 series = {SIGCSE '01},
 year = {2001},
 isbn = {1-58113-329-4},
 location = {Charlotte, North Carolina, USA},
 pages = {174--178},
 numpages = {5},
 url = {http://doi.acm.org/10.1145/364447.364579},
 doi = {10.1145/364447.364579},
 acmid = {364579},
 publisher = {ACM},
 address = {New York, NY, USA},
}

@inproceedings{Fenwick:2012:UQI:2483716.2483733,
 author = {Fenwick, Joel and Sutton, Peter},
 title = {Using Quicksand to Improve Debugging Practice in Post-novice Level Students},
 booktitle = {Proceedings of the Fourteenth Australasian Computing Education Conference - Volume 123},
 series = {ACE '12},
 year = {2012},
 isbn = {978-1-921770-04-3},
 location = {Melbourne, Australia},
 pages = {141--146},
 numpages = {6},
 url = {http://dl.acm.org/citation.cfm?id=2483716.2483733},
 acmid = {2483733},
 publisher = {Australian Computer Society, Inc.},
 address = {Darlinghurst, Australia, Australia},
}

@inproceedings{Mangaroska:2018:GID:3170358.3170386,
 author = {Mangaroska, Katerina and Sharma, Kshitij and Giannakos, Michail and Tr{\ae}tteberg, Hallvard and Dillenbourg, Pierre},
 title = {Gaze Insights into Debugging Behavior Using Learner-centred Analysis},
 booktitle = {Proceedings of the 8th International Conference on Learning Analytics and Knowledge},
 series = {LAK '18},
 year = {2018},
 isbn = {978-1-4503-6400-3},
 location = {Sydney, New South Wales, Australia},
 pages = {350--359},
 numpages = {10},
 url = {http://doi.acm.org/10.1145/3170358.3170386},
 doi = {10.1145/3170358.3170386},
 acmid = {3170386},
 publisher = {ACM},
 address = {New York, NY, USA},
 keywords = {behaviour regulation, debugging, eye-tracking, learner-centred analysis, mirroring tools},
}

@inproceedings{Addelson:1986:SUM:324239.324329,
 author = {Addelson, Roger N. and Wee, Don M.},
 title = {Starting a University Microcomputer Maintenance Program},
 booktitle = {Proceedings of the 14th Annual ACM SIGUCCS Conference on User Services: Setting the Direction},
 series = {SIGUCCS '86},
 year = {1986},
 isbn = {0-89791-208-X},
 location = {Montreal, Quebec, Canada},
 pages = {419--454},
 numpages = {36},
 url = {http://doi.acm.org/10.1145/324239.324329},
 doi = {10.1145/324239.324329},
 acmid = {324329},
 publisher = {ACM},
 address = {New York, NY, USA},
}

@inproceedings{Thomas:2005:IKL:1082424.1082440,
 author = {Thomas, Richard C. and Karahasanovic, Amela and Kennedy, Gregor E.},
 title = {An Investigation into Keystroke Latency Metrics As an Indicator of Programming Performance},
 booktitle = {Proceedings of the 7th Australasian Conference on Computing Education - Volume 42},
 series = {ACE '05},
 year = {2005},
 isbn = {1-920682-24-4},
 location = {Newcastle, New South Wales, Australia},
 pages = {127--134},
 numpages = {8},
 url = {http://dl.acm.org/citation.cfm?id=1082424.1082440},
 acmid = {1082440},
 publisher = {Australian Computer Society, Inc.},
 address = {Darlinghurst, Australia, Australia},
 keywords = {chunking, digraph latencies, empirical methods, keystroke model, programming performance},
}

@Article{Impagliazzo:2000:353519,
 editor = {Impagliazzo, John},
 journal = {SIGCSE Bull.},
 year = {2000},
 issn = {0097-8418},
 volume = {32},
 number = {3},
 issue_date = {Sept. 2000},
 publisher = {ACM},
 address = {New York, NY, USA},
}

@article{Michon:1989:IMC:70609.70621,
 author = {Michon, B.},
 title = {Integrating Motion into Computational Environments},
 journal = {SIGCHI Bull.},
 issue_date = {Oct. 1989},
 volume = {21},
 number = {2},
 month = oct,
 year = {1989},
 issn = {0736-6906},
 pages = {80--82},
 numpages = {3},
 url = {http://doi.acm.org/10.1145/70609.70621},
 doi = {10.1145/70609.70621},
 acmid = {70621},
 publisher = {ACM},
 address = {New York, NY, USA},
}

@inproceedings{Bailey:2008:DME:1631836.1631849,
 author = {Bailey, Stacey and Meurers, Detmar},
 title = {Diagnosing Meaning Errors in Short Answers to Reading Comprehension Questions},
 booktitle = {Proceedings of the Third Workshop on Innovative Use of NLP for Building Educational Applications},
 series = {EANL '08},
 year = {2008},
 isbn = {978-1-932432-08-4},
 location = {Columbus, Ohio},
 pages = {107--115},
 numpages = {9},
 url = {http://dl.acm.org/citation.cfm?id=1631836.1631849},
 acmid = {1631849},
 publisher = {Association for Computational Linguistics},
 address = {Stroudsburg, PA, USA},
}

@article{Shub:1983:PCO:952978.801007,
 author = {Shub, Charles M.},
 title = {A Project for a Course in Operating Systems},
 journal = {SIGCSE Bull.},
 issue_date = {February 1983},
 volume = {15},
 number = {1},
 month = feb,
 year = {1983},
 issn = {0097-8418},
 pages = {25--30},
 numpages = {6},
 url = {http://doi.acm.org/10.1145/952978.801007},
 doi = {10.1145/952978.801007},
 acmid = {801007},
 publisher = {ACM},
 address = {New York, NY, USA},
}

@inproceedings{Shub:1983:PCO:800038.801007,
 author = {Shub, Charles M.},
 title = {A Project for a Course in Operating Systems},
 booktitle = {Proceedings of the Fourteenth SIGCSE Technical Symposium on Computer Science Education},
 series = {SIGCSE '83},
 year = {1983},
 isbn = {0-89791-091-5},
 location = {Orlando, Florida, USA},
 pages = {25--30},
 numpages = {6},
 url = {http://doi.acm.org/10.1145/800038.801007},
 doi = {10.1145/800038.801007},
 acmid = {801007},
 publisher = {ACM},
 address = {New York, NY, USA},
}

@inproceedings{Sayers:1990:SOS:99412.99447,
 author = {Sayers, Jerry},
 title = {A Small Operating System},
 booktitle = {Proceedings of the 1990 ACM SIGSMALL/PC Symposium on Small Systems},
 series = {SIGSMALL '90},
 year = {1990},
 isbn = {0-89791-347-7},
 location = {Crystal City, Virginia, USA},
 pages = {132--142},
 numpages = {11},
 url = {http://doi.acm.org/10.1145/99412.99447},
 doi = {10.1145/99412.99447},
 acmid = {99447},
 publisher = {ACM},
 address = {New York, NY, USA},
}

@inproceedings{Taherkhani:2008:ARS:1595356.1595372,
 author = {Taherkhani, Ahmad and Malmi, Lauri and Korhonen, Ari},
 title = {Algorithm Recognition by Static Analysis and Its Application in Students' Submissions Assessment},
 booktitle = {Proceedings of the 8th International Conference on Computing Education Research},
 series = {Koli '08},
 year = {2008},
 isbn = {978-1-60558-385-3},
 location = {Koli, Finland},
 pages = {88--91},
 numpages = {4},
 url = {http://doi.acm.org/10.1145/1595356.1595372},
 doi = {10.1145/1595356.1595372},
 acmid = {1595372},
 publisher = {ACM},
 address = {New York, NY, USA},
 keywords = {algorithm recognition, automatic grading, program analysis},
}

@inproceedings{Ells:1994:DUH:196355.196438,
 author = {Ells, Rick},
 title = {Designing Usable Hypertext Documents in Mosaic},
 booktitle = {Proceedings of the 22Nd Annual ACM SIGUCCS Conference on User Services},
 series = {SIGUCCS '94},
 year = {1994},
 isbn = {0-89791-656-5},
 location = {Ypsilanti, Michigan, USA},
 pages = {165--167},
 numpages = {3},
 url = {http://doi.acm.org/10.1145/196355.196438},
 doi = {10.1145/196355.196438},
 acmid = {196438},
 publisher = {ACM},
 address = {New York, NY, USA},
}

@inproceedings{Svetlana:2009:AEC:1655925.1656012,
 author = {Svetlana, Kim and Yonglk-Yoon},
 title = {Adaptation e-Learning Contents in Mobile Environment},
 booktitle = {Proceedings of the 2Nd International Conference on Interaction Sciences: Information Technology, Culture and Human},
 series = {ICIS '09},
 year = {2009},
 isbn = {978-1-60558-710-3},
 location = {Seoul, Korea},
 pages = {474--479},
 numpages = {6},
 url = {http://doi.acm.org/10.1145/1655925.1656012},
 doi = {10.1145/1655925.1656012},
 acmid = {1656012},
 publisher = {ACM},
 address = {New York, NY, USA},
 keywords = {MPEG-21, adaptive learning content, secure, streaming, transcoding},
}

@inproceedings{Whalen:1986:BSE:12808.12816,
 author = {Whalen, T and Schott, B},
 title = {Beginners' Strategies in Example Based Expert Systems},
 booktitle = {Proceedings of the ACM SIGART International Symposium on Methodologies for Intelligent Systems},
 series = {ISMIS '86},
 year = {1986},
 isbn = {0-89791-206-3},
 location = {Knoxville, Tennessee, USA},
 pages = {65--73},
 numpages = {9},
 url = {http://doi.acm.org/10.1145/12808.12816},
 doi = {10.1145/12808.12816},
 acmid = {12816},
 publisher = {ACM},
 address = {New York, NY, USA},
}

@inproceedings{Luker:1986:EPA:317559.322770,
 author = {Luker, Mark},
 title = {An Efficient, Portable Authoring Language for Microcomputers},
 booktitle = {Proceedings of the 1986 ACM SIGSMALL/PC Symposium on Small Systems},
 series = {SIGSMALL '86},
 year = {1986},
 isbn = {0-89791-211-X},
 location = {San Francisco, California, USA},
 pages = {228--240},
 numpages = {13},
 url = {http://doi.acm.org/10.1145/317559.322770},
 doi = {10.1145/317559.322770},
 acmid = {322770},
 publisher = {ACM},
 address = {New York, NY, USA},
}

@inproceedings{Brand:1989:PCW:73760.73828,
 author = {Brand, J. A.},
 title = {Putting CAI to Work for User Services},
 booktitle = {Proceedings of the 17th Annual ACM SIGUCCS Conference on User Services},
 series = {SIGUCCS '89},
 year = {1989},
 isbn = {0-89791-330-2},
 location = {Bethesda, Maryland, USA},
 pages = {441--446},
 numpages = {6},
 url = {http://doi.acm.org/10.1145/73760.73828},
 doi = {10.1145/73760.73828},
 acmid = {73828},
 publisher = {ACM},
 address = {New York, NY, USA},
}

@article{Wilson:1987:SAH:31726.31755,
 author = {Wilson, Judith D.},
 title = {A Socratic Approach to Helping Novice Programmers Debug Programs},
 journal = {SIGCSE Bull.},
 issue_date = {Feb. 1987},
 volume = {19},
 number = {1},
 month = feb,
 year = {1987},
 issn = {0097-8418},
 pages = {179--182},
 numpages = {4},
 url = {http://doi.acm.org/10.1145/31726.31755},
 doi = {10.1145/31726.31755},
 acmid = {31755},
 publisher = {ACM},
 address = {New York, NY, USA},
}

@inproceedings{Wilson:1987:SAH:31820.31755,
 author = {Wilson, Judith D.},
 title = {A Socratic Approach to Helping Novice Programmers Debug Programs},
 booktitle = {Proceedings of the Eighteenth SIGCSE Technical Symposium on Computer Science Education},
 series = {SIGCSE '87},
 year = {1987},
 isbn = {0-89791-217-9},
 location = {St. Louis, Missouri, USA},
 pages = {179--182},
 numpages = {4},
 url = {http://doi.acm.org/10.1145/31820.31755},
 doi = {10.1145/31820.31755},
 acmid = {31755},
 publisher = {ACM},
 address = {New York, NY, USA},
}

@inproceedings{Steed:2006:AAA:1179295.1179336,
 author = {Steed, Marlo B.},
 title = {Attribute Activation: An Approach for Learning Visual Representation},
 booktitle = {ACM SIGGRAPH 2006 Educators Program},
 series = {SIGGRAPH '06},
 year = {2006},
 isbn = {1-59593-364-6},
 location = {Boston, Massachusetts},
 articleno = {40},
 url = {http://doi.acm.org/10.1145/1179295.1179336},
 doi = {10.1145/1179295.1179336},
 acmid = {1179336},
 publisher = {ACM},
 address = {New York, NY, USA},
 keywords = {visual construction, visual critique, visual design, visual learning, visual representation},
}

@inproceedings{Jarodzka:2008:EET:1599812.1599859,
 author = {Jarodzka, Halszka and Scheiter, Katharina and Gerjets, Peter and Gemballa, Sven},
 title = {In the Eyes of Experts: Teaching Dynamic Features in Biology by Modeling Experts' Eye Movement Strategies to Novices},
 booktitle = {Proceedings of the 8th International Conference on International Conference for the Learning Sciences - Volume 1},
 series = {ICLS'08},
 year = {2008},
 location = {Utrecht, The Netherlands},
 pages = {390--397},
 numpages = {8},
 url = {http://dl.acm.org/citation.cfm?id=1599812.1599859},
 acmid = {1599859},
 publisher = {International Society of the Learning Sciences},
}

@article{Neeman:2010:THP:1721933.1721954,
 author = {Neeman, Henry and Severini, Horst and Wu, Dee and Kantardjieff, Katherine},
 title = {Teaching High Performance Computing via Videoconferencing},
 journal = {ACM Inroads},
 issue_date = {March 2010},
 volume = {1},
 number = {1},
 month = mar,
 year = {2010},
 issn = {2153-2184},
 pages = {67--71},
 numpages = {5},
 url = {http://doi.acm.org/10.1145/1721933.1721954},
 doi = {10.1145/1721933.1721954},
 acmid = {1721954},
 publisher = {ACM},
 address = {New York, NY, USA},
 keywords = {inexperienced programmers, parallel computing, scientific programming},
}

@inproceedings{Hosseini:2016:AEP:2839509.2844639,
 author = {Hosseini, Roya and Sirki\"{a}, Teemu and Guerra, Julio and Brusilovsky, Peter and Malmi, Lauri},
 title = {Animated Examples As Practice Content in a Java Programming Course},
 booktitle = {Proceedings of the 47th ACM Technical Symposium on Computing Science Education},
 series = {SIGCSE '16},
 year = {2016},
 isbn = {978-1-4503-3685-7},
 location = {Memphis, Tennessee, USA},
 pages = {540--545},
 numpages = {6},
 url = {http://doi.acm.org/10.1145/2839509.2844639},
 doi = {10.1145/2839509.2844639},
 acmid = {2844639},
 publisher = {ACM},
 address = {New York, NY, USA},
 keywords = {animated examples, annotated examples, code examples, java programming, learning, program visualization},
}

@inproceedings{Wloka:2010:ELL:1971519.1971553,
 author = {Wloka, Bartholom\"{a}us and Winiwarter, Werner},
 title = {Enhancing Language Learning and Translation with Ubiquitous Applications},
 booktitle = {Proceedings of the 8th International Conference on Advances in Mobile Computing and Multimedia},
 series = {MoMM '10},
 year = {2010},
 isbn = {978-1-4503-0440-5},
 location = {Paris, France},
 pages = {195--202},
 numpages = {8},
 url = {http://doi.acm.org/10.1145/1971519.1971553},
 doi = {10.1145/1971519.1971553},
 acmid = {1971553},
 publisher = {ACM},
 address = {New York, NY, USA},
 keywords = {mobile applications, mobile devices, ubiquitous language learning, ubiquitous machine translation},
}

@inproceedings{Kim:2010:TIU:1866795.1866807,
 author = {Kim, Jihie and Li, Jia and Kim, Taehwan},
 title = {Towards Identifying Unresolved Discussions in Student Online Forums},
 booktitle = {Proceedings of the NAACL HLT 2010 Fifth Workshop on Innovative Use of NLP for Building Educational Applications},
 series = {IUNLPBEA '10},
 year = {2010},
 location = {Los Angeles, California},
 pages = {84--91},
 numpages = {8},
 url = {http://dl.acm.org/citation.cfm?id=1866795.1866807},
 acmid = {1866807},
 publisher = {Association for Computational Linguistics},
 address = {Stroudsburg, PA, USA},
}

@inproceedings{Yi:2017:FSU:3106237.3106262,
 author = {Yi, Jooyong and Ahmed, Umair Z. and Karkare, Amey and Tan, Shin Hwei and Roychoudhury, Abhik},
 title = {A Feasibility Study of Using Automated Program Repair for Introductory Programming Assignments},
 booktitle = {Proceedings of the 2017 11th Joint Meeting on Foundations of Software Engineering},
 series = {ESEC/FSE 2017},
 year = {2017},
 isbn = {978-1-4503-5105-8},
 location = {Paderborn, Germany},
 pages = {740--751},
 numpages = {12},
 url = {http://doi.acm.org/10.1145/3106237.3106262},
 doi = {10.1145/3106237.3106262},
 acmid = {3106262},
 publisher = {ACM},
 address = {New York, NY, USA},
 keywords = {Automated Program Repair, Intelligent Tutoring System},
}

@article{Hundhausen:2009:DML:1592440.1592442,
 author = {Hundhausen, Christopher D. and Farley, Sean F. and Brown, Jonathan L.},
 title = {Can Direct Manipulation Lower the Barriers to Computer Programming and Promote Transfer of Training?: An Experimental Study},
 journal = {ACM Trans. Comput.-Hum. Interact.},
 issue_date = {September 2009},
 volume = {16},
 number = {3},
 month = sep,
 year = {2009},
 issn = {1073-0516},
 pages = {13:1--13:40},
 articleno = {13},
 numpages = {40},
 url = {http://doi.acm.org/10.1145/1592440.1592442},
 doi = {10.1145/1592440.1592442},
 acmid = {1592442},
 publisher = {ACM},
 address = {New York, NY, USA},
 keywords = {Direct manipulation, programming education, semantic components analysis, transfer of training, video analysis},
}

@inproceedings{Rouet:1993:CPH:168466.168508,
 author = {Rouet, Jean Fran\c{c}ois},
 title = {Cognitive Processing of Hyperdocuments: When Does Nonlinearity Help?},
 booktitle = {Proceedings of the ACM Conference on Hypertext},
 series = {ECHT '92},
 year = {1992},
 isbn = {0-89791-547-X},
 location = {Milan, Italy},
 pages = {131--140},
 numpages = {10},
 url = {http://doi.acm.org/10.1145/168466.168508},
 doi = {10.1145/168466.168508},
 acmid = {168508},
 publisher = {ACM},
 address = {New York, NY, USA},
}

@inproceedings{Warren:2005:TPS:1082424.1082430,
 author = {Warren, Ian},
 title = {Teaching Patterns and Software Design},
 booktitle = {Proceedings of the 7th Australasian Conference on Computing Education - Volume 42},
 series = {ACE '05},
 year = {2005},
 isbn = {1-920682-24-4},
 location = {Newcastle, New South Wales, Australia},
 pages = {39--49},
 numpages = {11},
 url = {http://dl.acm.org/citation.cfm?id=1082424.1082430},
 acmid = {1082430},
 publisher = {Australian Computer Society, Inc.},
 address = {Darlinghurst, Australia, Australia},
 keywords = {JUnit, UML, active and peer learning, constructive alignment, design patterns, formative and holistic assessment},
}

@article{Yadgar:2017:ETY:3160863.3149356,
 author = {Yadgar, Gala and Shor, Roman},
 title = {Experience from Two Years of Visualizing Flash with SSDPlayer},
 journal = {ACM Trans. Storage},
 issue_date = {December 2017},
 volume = {13},
 number = {4},
 month = nov,
 year = {2017},
 issn = {1553-3077},
 pages = {31:1--31:24},
 articleno = {31},
 numpages = {24},
 url = {http://doi.acm.org/10.1145/3149356},
 doi = {10.1145/3149356},
 acmid = {3149356},
 publisher = {ACM},
 address = {New York, NY, USA},
 keywords = {SSD, analysis, flash, simulation, storage system management, visualization},
}

@inproceedings{Ziabari:2015:VOA:2795122.2795125,
 author = {Ziabari, Amir Kavyan and Ubal, Rafael and Schaa, Dana and Kaeli, David},
 title = {Visualization of OpenCL Application Execution on CPU-GPU Systems},
 booktitle = {Proceedings of the Workshop on Computer Architecture Education},
 series = {WCAE '15},
 year = {2015},
 isbn = {978-1-4503-3717-5},
 location = {Portland, Oregon},
 pages = {3:1--3:8},
 articleno = {3},
 numpages = {8},
 url = {http://doi.acm.org/10.1145/2795122.2795125},
 doi = {10.1145/2795122.2795125},
 acmid = {2795125},
 publisher = {ACM},
 address = {New York, NY, USA},
 keywords = {cycle-based simulation, heterogeneous systems, trace-driven visualization},
}

@inproceedings{Francis-Mezger:2018:RPO:3240302.3240311,
 author = {Francis-Mezger, Pascal and Weaver, Vincent M.},
 title = {A Raspberry Pi Operating System for Exploring Advanced Memory System Concepts},
 booktitle = {Proceedings of the International Symposium on Memory Systems},
 series = {MEMSYS '18},
 year = {2018},
 isbn = {978-1-4503-6475-1},
 location = {Alexandria, Virginia},
 pages = {354--364},
 numpages = {11},
 url = {http://doi.acm.org/10.1145/3240302.3240311},
 doi = {10.1145/3240302.3240311},
 acmid = {3240311},
 publisher = {ACM},
 address = {New York, NY, USA},
 keywords = {memory systems, operating systems, raspberry pi},
}

@inproceedings{Goldman:2009:SDP:1599503.1599548,
 author = {Goldman, Ricki and Dong, Chaoyan and Lansiquot, Reneta},
 title = {Software Design Principles for Video Research in the Learning Sciences and CSCL: Two Studies Use the Perspectivity Framework \& Orion\&\#8482;\texttrademark},
 booktitle = {Proceedings of the 9th International Conference on Computer Supported Collaborative Learning - Volume 2},
 series = {CSCL'09},
 year = {2009},
 isbn = {978-1-4092-8598-4},
 location = {Rhodes, Greece},
 pages = {132--134},
 numpages = {3},
 url = {http://dl.acm.org/citation.cfm?id=1599503.1599548},
 acmid = {1599548},
 publisher = {International Society of the Learning Sciences},
}

@inproceedings{Kerner:1990:DIT:98894.98888,
 author = {Kerner, Janet T. and Freedman, Roy S.},
 title = {Developing Intelligent Tutoring Systems with a Hypermedia Object-Based Intelligent Educator (HOBIE)},
 booktitle = {Proceedings of the 3rd International Conference on Industrial and Engineering Applications of Artificial Intelligence and Expert Systems - Volume 2},
 series = {IEA/AIE '90},
 year = {1990},
 isbn = {0-89791-372-8},
 location = {Charleston, South Carolina, USA},
 pages = {890--897},
 numpages = {8},
 url = {http://doi.acm.org/10.1145/98894.98888},
 doi = {10.1145/98894.98888},
 acmid = {98888},
 publisher = {ACM},
 address = {New York, NY, USA},
}

@inproceedings{Cheng:1997:KAU:331697.331700,
 author = {Cheng, Perry C. and Kilis, Danny and Knight, Graeme},
 title = {Knowledge Assessment Using Fuzzy Conceptual Representation},
 booktitle = {Proceedings of the 1997 ACM Symposium on Applied Computing},
 series = {SAC '97},
 year = {1997},
 isbn = {0-89791-850-9},
 location = {San Jose, California, USA},
 pages = {3--9},
 numpages = {7},
 url = {http://doi.acm.org/10.1145/331697.331700},
 doi = {10.1145/331697.331700},
 acmid = {331700},
 publisher = {ACM},
 address = {New York, NY, USA},
}

@article{Soloway:1986:LPL:6592.6594,
 author = {Soloway, E.},
 title = {Learning to Program = Learning to Construct Mechanisms and Explanations},
 journal = {Commun. ACM},
 issue_date = {Sept. 1986},
 volume = {29},
 number = {9},
 month = sep,
 year = {1986},
 issn = {0001-0782},
 pages = {850--858},
 numpages = {9},
 url = {http://doi.acm.org/10.1145/6592.6594},
 doi = {10.1145/6592.6594},
 acmid = {6594},
 publisher = {ACM},
 address = {New York, NY, USA},
}

@inproceedings{Kim:2002:DIC:774861.774885,
 author = {Kim, Nam Sung and Flautner, Kriszti\'{a}n and Blaauw, David and Mudge, Trevor},
 title = {Drowsy Instruction Caches: Leakage Power Reduction Using Dynamic Voltage Scaling and Cache Sub-bank Prediction},
 booktitle = {Proceedings of the 35th Annual ACM/IEEE International Symposium on Microarchitecture},
 series = {MICRO 35},
 year = {2002},
 isbn = {0-7695-1859-1},
 location = {Istanbul, Turkey},
 pages = {219--230},
 numpages = {12},
 url = {http://dl.acm.org/citation.cfm?id=774861.774885},
 acmid = {774885},
 publisher = {IEEE Computer Society Press},
 address = {Los Alamitos, CA, USA},
}

@inproceedings{Maquil:2018:KLW:3173225.3173275,
 author = {Maquil, Val{\'e}rie and Moll, Christian and Schwartz, Lou and Hermen, Johannes},
 title = {Kniwwelino: A Lightweight and WiFi Enabled Prototyping Platform for Children},
 booktitle = {Proceedings of the Twelfth International Conference on Tangible, Embedded, and Embodied Interaction},
 series = {TEI '18},
 year = {2018},
 isbn = {978-1-4503-5568-1},
 location = {Stockholm, Sweden},
 pages = {94--100},
 numpages = {7},
 url = {http://doi.acm.org/10.1145/3173225.3173275},
 doi = {10.1145/3173225.3173275},
 acmid = {3173275},
 publisher = {ACM},
 address = {New York, NY, USA},
 keywords = {children., computational thinking, digital skills, physical computing, prototyping},
}

@article{Hatzigeorgiu:1999:NTR:308689.308702,
 author = {Hatzigeorgiu, Nick and Syropoulos, Apostolos},
 title = {New Technologies for Rapid Development of Web Orientated Database Applications},
 journal = {SIGCUE Outlook},
 issue_date = {Jan. 1999},
 volume = {27},
 number = {1},
 month = jan,
 year = {1999},
 issn = {0163-5735},
 pages = {25--31},
 numpages = {7},
 url = {http://doi.acm.org/10.1145/308689.308702},
 doi = {10.1145/308689.308702},
 acmid = {308702},
 publisher = {ACM},
 address = {New York, NY, USA},
}

@inproceedings{Heuer:2001:WT:500956.500971,
 author = {Heuer, Bronwen Jean},
 title = {What's a Trainer to Do?},
 booktitle = {Proceedings of the 29th Annual ACM SIGUCCS Conference on User Services},
 series = {SIGUCCS '01},
 year = {2001},
 isbn = {1-58113-382-0},
 location = {Portland, Oregon, USA},
 pages = {55--58},
 numpages = {4},
 url = {http://doi.acm.org/10.1145/500956.500971},
 doi = {10.1145/500956.500971},
 acmid = {500971},
 publisher = {ACM},
 address = {New York, NY, USA},
 keywords = {blended-solution, instructor-led training, return on investment, web-based training},
}

@inproceedings{Ayres:2008:IIT:1599812.1599820,
 author = {Ayres, Paul and Youssef, Amina},
 title = {Investigating the Influence of Transitory Information and Motivation During Instructional Animations},
 booktitle = {Proceedings of the 8th International Conference on International Conference for the Learning Sciences - Volume 1},
 series = {ICLS'08},
 year = {2008},
 location = {Utrecht, The Netherlands},
 pages = {68--75},
 numpages = {8},
 url = {http://dl.acm.org/citation.cfm?id=1599812.1599820},
 acmid = {1599820},
 publisher = {International Society of the Learning Sciences},
}

@article{Greitzer:2007:CSI:1281320.1281322,
 author = {Greitzer, Frank L. and Kuchar, Olga Anna and Huston, Kristy},
 title = {Cognitive Science Implications for Enhancing Training Effectiveness in a Serious Gaming Context},
 journal = {J. Educ. Resour. Comput.},
 issue_date = {November 2007},
 volume = {7},
 number = {3},
 month = nov,
 year = {2007},
 issn = {1531-4278},
 articleno = {2},
 url = {http://doi.acm.org/10.1145/1281320.1281322},
 doi = {10.1145/1281320.1281322},
 acmid = {1281322},
 publisher = {ACM},
 address = {New York, NY, USA},
 keywords = {Serious gaming, cognitive principles, computer-based training, cyber security education, training effectiveness},
}

@article{Peell:1987:AII:384282.28360,
 author = {Peell, Howard A.},
 title = {An APL Idiom Inventory},
 journal = {SIGAPL APL Quote Quad},
 issue_date = {May 1987},
 volume = {17},
 number = {4},
 month = jan,
 year = {1987},
 issn = {0163-6006},
 pages = {362--368},
 numpages = {7},
 url = {http://doi.acm.org/10.1145/384282.28360},
 doi = {10.1145/384282.28360},
 acmid = {28360},
 publisher = {ACM},
 address = {New York, NY, USA},
}

@inproceedings{Peell:1987:AII:28315.28360,
 author = {Peell, Howard A.},
 title = {An APL Idiom Inventory},
 booktitle = {Proceedings of the International Conference on APL: APL in Transition},
 series = {APL '87},
 year = {1987},
 isbn = {0-89791-226-8},
 location = {Dallas, Texas, USA},
 pages = {362--368},
 numpages = {7},
 url = {http://doi.acm.org/10.1145/28315.28360},
 doi = {10.1145/28315.28360},
 acmid = {28360},
 publisher = {ACM},
 address = {New York, NY, USA},
}

@inproceedings{Donnelly:2016:MMT:2993148.2993158,
 author = {Donnelly, Patrick J. and Blanchard, Nathaniel and Samei, Borhan and Olney, Andrew M. and Sun, Xiaoyi and Ward, Brooke and Kelly, Sean and Nystrand, Martin and D\&\#039;Mello, Sidney K.},
 title = {Multi-sensor Modeling of Teacher Instructional Segments in Live Classrooms},
 booktitle = {Proceedings of the 18th ACM International Conference on Multimodal Interaction},
 series = {ICMI '16},
 year = {2016},
 isbn = {978-1-4503-4556-9},
 location = {Tokyo, Japan},
 pages = {177--184},
 numpages = {8},
 url = {http://doi.acm.org/10.1145/2993148.2993158},
 doi = {10.1145/2993148.2993158},
 acmid = {2993158},
 publisher = {ACM},
 address = {New York, NY, USA},
 keywords = {automatic feedback, classroom discourse, dialogic instruction, educational data mining, speech recognition},
}

@inproceedings{Chen:2001:DVA:500141.500147,
 author = {Chen, Milton},
 title = {Design of a Virtual Auditorium},
 booktitle = {Proceedings of the Ninth ACM International Conference on Multimedia},
 series = {MULTIMEDIA '01},
 year = {2001},
 isbn = {1-58113-394-4},
 location = {Ottawa, Canada},
 pages = {19--28},
 numpages = {10},
 url = {http://doi.acm.org/10.1145/500141.500147},
 doi = {10.1145/500141.500147},
 acmid = {500147},
 publisher = {ACM},
 address = {New York, NY, USA},
 keywords = {display wall, distance learning, eye contact, virtual auditorium},
}

@inproceedings{Mu:2003:ISE:827140.827190,
 author = {Mu, Xiangming and Marchionini, Gary and Pattee, Amy},
 title = {The Interactive Shared Educational Environment: User Interface, System Architecture and Field Study},
 booktitle = {Proceedings of the 3rd ACM/IEEE-CS Joint Conference on Digital Libraries},
 series = {JCDL '03},
 year = {2003},
 isbn = {0-7695-1939-3},
 location = {Houston, Texas},
 pages = {291--300},
 numpages = {10},
 url = {http://dl.acm.org/citation.cfm?id=827140.827190},
 acmid = {827190},
 publisher = {IEEE Computer Society},
 address = {Washington, DC, USA},
}

@inproceedings{Combefis:2016:APE:2993270.2993271,
 author = {Comb{\'e}fis, S{\'e}bastien and Schils, Arnaud},
 title = {Automatic Programming Error Class Identification with Code Plagiarism-based Clustering},
 booktitle = {Proceedings of the 2Nd International Code Hunt Workshop on Educational Software Engineering},
 series = {CHESE 2016},
 year = {2016},
 isbn = {978-1-4503-4402-9},
 location = {Seattle, WA, USA},
 pages = {1--6},
 numpages = {6},
 url = {http://doi.acm.org/10.1145/2993270.2993271},
 doi = {10.1145/2993270.2993271},
 acmid = {2993271},
 publisher = {ACM},
 address = {New York, NY, USA},
 keywords = {Automatic Code Assessment, Code Similarity, Education},
}

@article{Schneider:1993:ETA:174169.174173,
 author = {Schneider, D. and Borcic, B. and Dillenbourg, P. and Hilario, M. and Mendelsohn, P.},
 title = {An Experimental Toolbox for Advanced Interactive Learning Environments},
 journal = {SIGPLAN Lisp Pointers},
 issue_date = {July-Sept 1993},
 volume = {VI},
 number = {3},
 month = jul,
 year = {1993},
 issn = {1045-3563},
 pages = {15--19},
 numpages = {5},
 url = {http://doi.acm.org/10.1145/174169.174173},
 doi = {10.1145/174169.174173},
 acmid = {174173},
 publisher = {ACM},
 address = {New York, NY, USA},
}

@inproceedings{Schneider:1993:ETA:1040032.174173,
 author = {Schneider, D. and Borcic, B. and Dillenbourg, P. and Hilario, M. and Mendelsohn, P.},
 title = {An Experimental Toolbox for Advanced Interactive Learning Environments},
 booktitle = {Proceedings of the Third International Conference on Lisp Users and Vendors},
 series = {LUV '93},
 year = {1993},
 location = {Cambridge, Massachusetts},
 pages = {15--19},
 numpages = {5},
 url = {http://doi.acm.org/10.1145/1040032.174173},
 doi = {10.1145/1040032.174173},
 acmid = {174173},
 publisher = {ACM},
 address = {New York, NY, USA},
}

@inproceedings{Selig:1990:RVE:98784.98869,
 author = {Selig, William J. and Johannes, James D.},
 title = {Reasoning Visualization in Expert Systems\&Mdash;the Applicability of Algorithm Animation Techniques},
 booktitle = {Proceedings of the 3rd International Conference on Industrial and Engineering Applications of Artificial Intelligence and Expert Systems - Volume 1},
 series = {IEA/AIE '90},
 year = {1990},
 isbn = {0-89791-372-8},
 location = {Charleston, South Carolina, USA},
 pages = {457--466},
 numpages = {10},
 url = {http://doi.acm.org/10.1145/98784.98869},
 doi = {10.1145/98784.98869},
 acmid = {98869},
 publisher = {ACM},
 address = {New York, NY, USA},
}

@inproceedings{Sharma:2018:KCG:3213818.3220126,
 author = {Sharma, Kshitij and Papavlasopoulou, Sofia and Giannakos, Michail and Jaccheri, Letizia},
 title = {Kid Coding Games and Artistic Robots: Attitudes and Gaze Behavior},
 booktitle = {Proceedings of the Conference on Creativity and Making in Education},
 series = {FabLearn Europe'18},
 year = {2018},
 isbn = {978-1-4503-5371-7},
 location = {Trondheim, Norway},
 pages = {64--71},
 numpages = {8},
 url = {http://doi.acm.org/10.1145/3213818.3220126},
 doi = {10.1145/3213818.3220126},
 acmid = {3220126},
 publisher = {ACM},
 address = {New York, NY, USA},
 keywords = {Eye-tracking, Mobile eye-tracking, attitude, attitude for programming, computational thinking, learning, pre-university coding, programming psychology},
}

