@inproceedings{Sung:2017:QPC:3080631.3080634,
 author = {Sung, Ching-Ying and Wang, Hao-Chuan and Huang, Chen-Wei and Lin, Wen-Chieh},
 title = {Questionization of Peer-Generated Comments for Supporting Online Video-based Learning},
 booktitle = {Proceedings of the Fifth International Symposium of Chinese CHI},
 series = {Chinese CHI 2017},
 year = {2017},
 isbn = {978-1-4503-5308-3},
 location = {Guangzhou, China},
 pages = {11--15},
 numpages = {5},
 url = {http://doi.acm.org/10.1145/3080631.3080634},
 doi = {10.1145/3080631.3080634},
 acmid = {3080634},
 publisher = {ACM},
 address = {New York, NY, USA},
 keywords = {MOOCs, Qustionization, Time-ahchored comments},
}

@article{VanDyke:1988:BJM:51594.51601,
 author = {Van Dyke, Carolynn},
 title = {Binary Jargon: The Metaphoric Language of Computing},
 journal = {SIGCSE Bull.},
 issue_date = {Sept. 1988},
 volume = {20},
 number = {3},
 month = sep,
 year = {1988},
 issn = {0097-8418},
 pages = {34--41},
 numpages = {8},
 url = {http://doi.acm.org/10.1145/51594.51601},
 doi = {10.1145/51594.51601},
 acmid = {51601},
 publisher = {ACM},
 address = {New York, NY, USA},
}

@inproceedings{Wahl:2011:IIC:2095536.2095622,
 author = {Wahl, Harald and Winiwarter, Werner},
 title = {The Intelligent Integrated Computer-assisted Language Learning (iiCALL) Environment: Work in Progress},
 booktitle = {Proceedings of the 13th International Conference on Information Integration and Web-based Applications and Services},
 series = {iiWAS '11},
 year = {2011},
 isbn = {978-1-4503-0784-0},
 location = {Ho Chi Minh City, Vietnam},
 pages = {426--429},
 numpages = {4},
 url = {http://doi.acm.org/10.1145/2095536.2095622},
 doi = {10.1145/2095536.2095622},
 acmid = {2095622},
 publisher = {ACM},
 address = {New York, NY, USA},
 keywords = {computer-assisted language learning, integrated e-learning, learning of foreign languages, learning types, natural language processing, semantic web technologies},
}

@inproceedings{Rummel:2007:NIC:1599600.1599717,
 author = {Rummel, Nikol and Hauser, Sabine and Spada, Hans},
 title = {How Does Net-based Interdisciplinary Collaboration Change with Growing Domain Expertise?},
 booktitle = {Proceedings of the 8th Iternational Conference on Computer Supported Collaborative Learning},
 series = {CSCL'07},
 year = {2007},
 isbn = {978-0-6151-5436-7},
 location = {New Brunswick, New Jersey, USA},
 pages = {615--624},
 numpages = {10},
 url = {http://dl.acm.org/citation.cfm?id=1599600.1599717},
 acmid = {1599717},
 publisher = {International Society of the Learning Sciences},
}

