@article{Reed:2014:FIU:2602695.2601022,
 author = {Reed, Daniel and Stephenson, Chris},
 title = {First Impressions, Unexpected Benefits},
 journal = {Commun. ACM},
 issue_date = {June 2014},
 volume = {57},
 number = {6},
 month = jun,
 year = {2014},
 issn = {0001-0782},
 pages = {10--11},
 numpages = {2},
 url = {http://doi.acm.org/10.1145/2601022},
 doi = {10.1145/2601022},
 acmid = {2601022},
 publisher = {ACM},
 address = {New York, NY, USA},
}

@inproceedings{Gillan:1995:HNM:223355.223481,
 author = {Gillan, Douglas J.},
 title = {HCI at New Mexico State University},
 booktitle = {Conference Companion on Human Factors in Computing Systems},
 series = {CHI '95},
 year = {1995},
 isbn = {0-89791-755-3},
 location = {Denver, Colorado, USA},
 pages = {162--163},
 numpages = {2},
 url = {http://doi.acm.org/10.1145/223355.223481},
 doi = {10.1145/223355.223481},
 acmid = {223481},
 publisher = {ACM},
 address = {New York, NY, USA},
}

