@inproceedings{Liles:2017:SPT:3029798.3038297,
 author = {Liles, Karina R. and Perry, Clifton D. and Craig, Scotty D. and Beer, Jenay M.},
 title = {Student Perceptions: The Test of Spatial Contiguity and Gestures for Robot Instructors},
 booktitle = {Proceedings of the Companion of the 2017 ACM/IEEE International Conference on Human-Robot Interaction},
 series = {HRI '17},
 year = {2017},
 isbn = {978-1-4503-4885-0},
 location = {Vienna, Austria},
 pages = {185--186},
 numpages = {2},
 url = {http://doi.acm.org/10.1145/3029798.3038297},
 doi = {10.1145/3029798.3038297},
 acmid = {3038297},
 publisher = {ACM},
 address = {New York, NY, USA},
 keywords = {education, gestures, robotics, spatial contiguity},
}

@inproceedings{Surjono:2017:EVA:3175536.3175558,
 author = {Surjono, Herman D. and Muhtadi, Ali},
 title = {The Effects of Various Animation-Based Multimedia Learning in e-Learning Course},
 booktitle = {Proceedings of the 2017 9th International Conference on Education Technology and Computers},
 series = {ICETC 2017},
 year = {2017},
 isbn = {978-1-4503-5435-6},
 location = {Barcelona, Spain},
 pages = {117--121},
 numpages = {5},
 url = {http://doi.acm.org/10.1145/3175536.3175558},
 doi = {10.1145/3175536.3175558},
 acmid = {3175558},
 publisher = {ACM},
 address = {New York, NY, USA},
 keywords = {Animation, Modality, Multimedia learning, e-Learning},
}

@inproceedings{AbdEl-Sattar:2016:LIP:3001773.3001800,
 author = {Abd El-Sattar, Hussein Karam Hussein},
 title = {Learning Islamic Principles with Serious Games},
 booktitle = {Proceedings of the 13th International Conference on Advances in Computer Entertainment Technology},
 series = {ACE '16},
 year = {2016},
 isbn = {978-1-4503-4773-0},
 location = {Osaka, Japan},
 pages = {30:1--30:6},
 articleno = {30},
 numpages = {6},
 url = {http://doi.acm.org/10.1145/3001773.3001800},
 doi = {10.1145/3001773.3001800},
 acmid = {3001800},
 publisher = {ACM},
 address = {New York, NY, USA},
 keywords = {Activity theory, Multimedia learning, Serious Games},
}

@inproceedings{Melo:2014:AMD:2643604.2643605,
 author = {Melo, M\'{a}rio and Miranda, Guilhermina Lobato},
 title = {Applying the 4C-ID Model to the Design of a Digital Educational Resource for Teaching Electric Circuits: Effects on Student Achievement},
 booktitle = {Proceedings of the 2014 Workshop on Interaction Design in Educational Environments},
 series = {IDEE '14},
 year = {2014},
 isbn = {978-1-4503-3034-3},
 location = {Albacete, Spain},
 pages = {8:8--8:14},
 articleno = {8},
 numpages = {7},
 url = {http://doi.acm.org/10.1145/2643604.2643605},
 doi = {10.1145/2643604.2643605},
 acmid = {2643605},
 publisher = {ACM},
 address = {New York, NY, USA},
 keywords = {4C-ID model, Digital educational resources, Electric circuits, Instructional design \& technology, Learning environments, Multimedia educational messages},
}

@inproceedings{Shayo:2008:RTA:1355238.1355266,
 author = {Shayo, Conrad},
 title = {The Role of Technology and Authentic Task Contexts in Promoting Inclusive Learning for Disabled and Non-disabled College Students},
 booktitle = {Proceedings of the 2008 ACM SIGMIS CPR Conference on Computer Personnel Doctoral Consortium and Research},
 series = {SIGMIS CPR '08},
 year = {2008},
 isbn = {978-1-60558-069-2},
 location = {Charlottesville, VA, USA},
 pages = {109--111},
 numpages = {3},
 url = {http://doi.acm.org/10.1145/1355238.1355266},
 doi = {10.1145/1355238.1355266},
 acmid = {1355266},
 publisher = {ACM},
 address = {New York, NY, USA},
 keywords = {assessment, authentic task contexts, guided learning, learning processes, multimedia technology, universal design for learning},
}

@inproceedings{Davenport:2008:DEL:1599812.1599834,
 author = {Davenport, Jodi L. and Yaron, David and Klahr, David and Koedinger, Kenneth},
 title = {When Do Diagrams Enhance Learning? A Framework for Designing Relevant Representations},
 booktitle = {Proceedings of the 8th International Conference on International Conference for the Learning Sciences - Volume 1},
 series = {ICLS'08},
 year = {2008},
 location = {Utrecht, The Netherlands},
 pages = {191--198},
 numpages = {8},
 url = {http://dl.acm.org/citation.cfm?id=1599812.1599834},
 acmid = {1599834},
 publisher = {International Society of the Learning Sciences},
}

@inproceedings{Schueler:2008:MEM:1599871.1599910,
 author = {Schueler, Anne and Scheiter, Katharina and Gerjets, Peter and Rummer, Ralf},
 title = {The Modality Effect in Multimedia Learning: Theoretical and Empirical Limitations},
 booktitle = {Proceedings of the 8th International Conference on International Conference for the Learning Sciences - Volume 2},
 series = {ICLS'08},
 year = {2008},
 location = {Utrecht, The Netherlands},
 pages = {311--318},
 numpages = {8},
 url = {http://dl.acm.org/citation.cfm?id=1599871.1599910},
 acmid = {1599910},
 publisher = {International Society of the Learning Sciences},
}

@inproceedings{Cerezo:2017:AAM:3144826.3145447,
 author = {Cerezo, Marta and Frutos, Francisco Javier},
 title = {Adopt Applications for Mobile Devices, Interpretation of Cultural Heritage and Educational Innovation: Effects of Usability in the Process of Edutainment},
 booktitle = {Proceedings of the 5th International Conference on Technological Ecosystems for Enhancing Multiculturality},
 series = {TEEM 2017},
 year = {2017},
 isbn = {978-1-4503-5386-1},
 location = {C\&aacute;diz, Spain},
 pages = {100:1--100:5},
 articleno = {100},
 numpages = {5},
 url = {http://doi.acm.org/10.1145/3144826.3145447},
 doi = {10.1145/3144826.3145447},
 acmid = {3145447},
 publisher = {ACM},
 address = {New York, NY, USA},
 keywords = {Neurocommunication, app design, education, heritage education, information and communication technology, mobile app, usability test},
}

@inproceedings{Mason:2012:WBJ:2483716.2483738,
 author = {Mason, Raina and Cooper, Graham},
 title = {Why the Bottom 10% Just Can'T Do It: Mental Effort Measures and Implication for Introductory Programming Courses},
 booktitle = {Proceedings of the Fourteenth Australasian Computing Education Conference - Volume 123},
 series = {ACE '12},
 year = {2012},
 isbn = {978-1-921770-04-3},
 location = {Melbourne, Australia},
 pages = {187--196},
 numpages = {10},
 url = {http://dl.acm.org/citation.cfm?id=2483716.2483738},
 acmid = {2483738},
 publisher = {Australian Computer Society, Inc.},
 address = {Darlinghurst, Australia, Australia},
 keywords = {Australian university courses, cognition, cognitive load, introductory programming, mental effort measures, pedagogy, programming success},
}

@inproceedings{Bouki:2011:CTM:2038476.2038531,
 author = {Bouki, Vassiliki and Economou, Daphne and Angelopoulou, Anastassia},
 title = {Cognitive Theory of Multimedia Learning and Learning Videos Design: The Redundancy Principle},
 booktitle = {Proceedings of the 29th ACM International Conference on Design of Communication},
 series = {SIGDOC '11},
 year = {2011},
 isbn = {978-1-4503-0936-3},
 location = {Pisa, Italy},
 pages = {271--278},
 numpages = {8},
 url = {http://doi.acm.org/10.1145/2038476.2038531},
 doi = {10.1145/2038476.2038531},
 acmid = {2038531},
 publisher = {ACM},
 address = {New York, NY, USA},
 keywords = {learning videos design, multimedia learning theory, redundancy principle},
}

@inproceedings{Prangsma:2008:HLT:1599871.1599899,
 author = {Prangsma, Maaike E. and Van Boxtel, Carla A. M. and Kanselaar, Gellof and Kirschner, Paul A.},
 title = {History Learning with Textual or Visual Tasks: Student Dialogue},
 booktitle = {Proceedings of the 8th International Conference on International Conference for the Learning Sciences - Volume 2},
 series = {ICLS'08},
 year = {2008},
 location = {Utrecht, The Netherlands},
 pages = {221--228},
 numpages = {8},
 url = {http://dl.acm.org/citation.cfm?id=1599871.1599899},
 acmid = {1599899},
 publisher = {International Society of the Learning Sciences},
}

@inproceedings{Rammos:2018:ISH:3218585.3218682,
 author = {Rammos, Dimitrios and Bratitsis, Tharrenos},
 title = {Inclusive Strategies for the History Subject in 6th Grade of Greek Primary School: Gamifying the Curriculum with Digital Storytelling and Augmented Reality},
 booktitle = {Proceedings of the 8th International Conference on Software Development and Technologies for Enhancing Accessibility and Fighting Info-exclusion},
 series = {DSAI 2018},
 year = {2018},
 isbn = {978-1-4503-6467-6},
 location = {Thessaloniki, Greece},
 pages = {227--233},
 numpages = {7},
 url = {http://doi.acm.org/10.1145/3218585.3218682},
 doi = {10.1145/3218585.3218682},
 acmid = {3218682},
 publisher = {ACM},
 address = {New York, NY, USA},
 keywords = {Augmented Reality, Digital Storytelling, Educational Games, Game based learning, History, Museum},
}

@article{Struve:2009:VMT:1525840.1525844,
 author = {Struve, Doreen and Wandke, Hartmut},
 title = {Video Modeling for Training Older Adults to Use New Technologies},
 journal = {ACM Trans. Access. Comput.},
 issue_date = {May 2009},
 volume = {2},
 number = {1},
 month = may,
 year = {2009},
 issn = {1936-7228},
 pages = {4:1--4:24},
 articleno = {4},
 numpages = {24},
 url = {http://doi.acm.org/10.1145/1525840.1525844},
 doi = {10.1145/1525840.1525844},
 acmid = {1525844},
 publisher = {ACM},
 address = {New York, NY, USA},
 keywords = {Instruction, guided error training, older adults, self-efficacy, technology use, video modeling},
}

@inproceedings{Wolf:2018:CSF:3265757.3265780,
 author = {Wolf, Alexander and Wilhelm-Weidner, Arno and Nestmann, Uwe},
 title = {A Case Study of Flipped Classroom for Automata Theory in Secondary Education},
 booktitle = {Proceedings of the 13th Workshop in Primary and Secondary Computing Education},
 series = {WiPSCE '18},
 year = {2018},
 isbn = {978-1-4503-6588-8},
 location = {Potsdam, Germany},
 pages = {23:1--23:6},
 articleno = {23},
 numpages = {6},
 url = {http://doi.acm.org/10.1145/3265757.3265780},
 doi = {10.1145/3265757.3265780},
 acmid = {3265780},
 publisher = {ACM},
 address = {New York, NY, USA},
 keywords = {FLAT, finite automata, flipped classroom},
}

@inproceedings{Wilhelm-Weidner:2018:STC:3279720.3279734,
 author = {Wilhelm-Weidner, Arno and Bergner, Nadine},
 title = {On Supplementing Theoretical Computer Science Courses Using E-Learning},
 booktitle = {Proceedings of the 18th Koli Calling International Conference on Computing Education Research},
 series = {Koli Calling '18},
 year = {2018},
 isbn = {978-1-4503-6535-2},
 location = {Koli, Finland},
 pages = {14:1--14:10},
 articleno = {14},
 numpages = {10},
 url = {http://doi.acm.org/10.1145/3279720.3279734},
 doi = {10.1145/3279720.3279734},
 acmid = {3279734},
 publisher = {ACM},
 address = {New York, NY, USA},
 keywords = {Blended Learning, E-Learning, Learning Management System, Theoretical Computer Science},
}

@inproceedings{Goldman:2009:SDP:1599503.1599548,
 author = {Goldman, Ricki and Dong, Chaoyan and Lansiquot, Reneta},
 title = {Software Design Principles for Video Research in the Learning Sciences and CSCL: Two Studies Use the Perspectivity Framework \& Orion\&\#8482;\texttrademark},
 booktitle = {Proceedings of the 9th International Conference on Computer Supported Collaborative Learning - Volume 2},
 series = {CSCL'09},
 year = {2009},
 isbn = {978-1-4092-8598-4},
 location = {Rhodes, Greece},
 pages = {132--134},
 numpages = {3},
 url = {http://dl.acm.org/citation.cfm?id=1599503.1599548},
 acmid = {1599548},
 publisher = {International Society of the Learning Sciences},
}

@inproceedings{Baloian:2013:TGM:2535597.2535622,
 author = {Baloian, Nelson and Pino, Jos{\'e} A. and Vargas, Roberto},
 title = {Tablet Gestures As a Motivating Factor for Learning},
 booktitle = {Proceedings of the 2013 Chilean Conference on Human - Computer Interaction},
 series = {ChileCHI '13},
 year = {2013},
 isbn = {978-1-4503-2200-3},
 location = {Temuco, Chile},
 pages = {98--103},
 numpages = {6},
 url = {http://doi.acm.org/10.1145/2535597.2535622},
 doi = {10.1145/2535597.2535622},
 acmid = {2535622},
 publisher = {ACM},
 address = {New York, NY, USA},
 keywords = {english as a foreign language educaction, gestures evaluation, iPad, natural user interfaces, tablet gestures},
}

@inproceedings{Antonietti:2008:MUM:1599936.1600014,
 author = {Antonietti, Alessandro and Colombo, Barbara and Schnotz, Wolfgang and Moreno, Roxana and Marley, Scott and Helak, John and Fiore, Stephen M. and Cuevas, Haydee M. and Scielzo, Sandro},
 title = {Metacognition in Understanding Multimedia Presentations},
 booktitle = {Proceedings of the 8th International Conference on International Conference for the Learning Sciences - Volume 3},
 series = {ICLS'08},
 year = {2008},
 location = {Utrecht, The Netherlands},
 pages = {166--173},
 numpages = {8},
 url = {http://dl.acm.org/citation.cfm?id=1599936.1600014},
 acmid = {1600014},
 publisher = {International Society of the Learning Sciences},
}

@inproceedings{Wolf:2003:ITL:858403.858437,
 author = {Wolf, Christian},
 title = {iWeaver: Towards 'Learning Style'-based e-Learning in Computer Science Education},
 booktitle = {Proceedings of the Fifth Australasian Conference on Computing Education - Volume 20},
 series = {ACE '03},
 year = {2003},
 isbn = {0-909925-98-4},
 location = {Adelaide, Australia},
 pages = {273--279},
 numpages = {7},
 url = {http://dl.acm.org/citation.cfm?id=858403.858437},
 acmid = {858437},
 publisher = {Australian Computer Society, Inc.},
 address = {Darlinghurst, Australia, Australia},
 keywords = {adaptive hypermedia, adaptive learning, e-learning, individual learning styles, learner modelling, learner-centred design, multimedia learning, user modelling},
}

