@article{Tracey:2010:AVI:1920830.1922498,
 author = {Tracey, Ryan},
 title = {Art vs. Information Science: The Same Knowledge, with Smarter Design, Serves Everyone},
 journal = {eLearn},
 issue_date = {December 2010},
 volume = {2010},
 number = {12},
 month = dec,
 year = {2010},
 issn = {1535-394X},
 articleno = {6},
 url = {http://doi.acm.org/10.1145/1920830.1922498},
 doi = {10.1145/1920830.1922498},
 acmid = {1922498},
 publisher = {ACM},
 address = {New York, NY, USA},
}

@inproceedings{Pankratius:2005:ISD:1062455.1062579,
 author = {Pankratius, Victor and Stucky, Wolffried},
 title = {Information Systems Development at the Virtual Global University: An Experience Report},
 booktitle = {Proceedings of the 27th International Conference on Software Engineering},
 series = {ICSE '05},
 year = {2005},
 isbn = {1-58113-963-2},
 location = {St. Louis, MO, USA},
 pages = {639--640},
 numpages = {2},
 url = {http://doi.acm.org/10.1145/1062455.1062579},
 doi = {10.1145/1062455.1062579},
 acmid = {1062579},
 publisher = {ACM},
 address = {New York, NY, USA},
 keywords = {e-learning, information systems, virtual global university},
}

@inproceedings{Celina:2016:SMM:2901790.2901848,
 author = {Celina, Hanna and Kharrufa, Ahmed and Preston, Anne and Comber, Rob and Olivier, Patrick},
 title = {SOLE Meets MOOC: Designing Infrastructure for Online Self-organised Learning with a Social Mission},
 booktitle = {Proceedings of the 2016 ACM Conference on Designing Interactive Systems},
 series = {DIS '16},
 year = {2016},
 isbn = {978-1-4503-4031-1},
 location = {Brisbane, QLD, Australia},
 pages = {484--496},
 numpages = {13},
 url = {http://doi.acm.org/10.1145/2901790.2901848},
 doi = {10.1145/2901790.2901848},
 acmid = {2901848},
 publisher = {ACM},
 address = {New York, NY, USA},
 keywords = {activism, civic education, civic engagement, e-learning, mooc, online learning, sole},
}

@inproceedings{Spyropoulou:2013:ECE:2491845.2491882,
 author = {Spyropoulou, Maria and Ntourou, Dimitra and Simaki, Vasiliki and Malagkoniari, Dionysia and Koumpouri, Athanasia and Sorra, Maria},
 title = {Evaluating the Correspondence of Educational Software to Learning Theories},
 booktitle = {Proceedings of the 17th Panhellenic Conference on Informatics},
 series = {PCI '13},
 year = {2013},
 isbn = {978-1-4503-1969-0},
 location = {Thessaloniki, Greece},
 pages = {250--257},
 numpages = {8},
 url = {http://doi.acm.org/10.1145/2491845.2491882},
 doi = {10.1145/2491845.2491882},
 acmid = {2491882},
 publisher = {ACM},
 address = {New York, NY, USA},
 keywords = {behaviorism, cognitivism, constructivism, educational software, educational websites, evaluation, instructional design, learning theories, online learning},
}

@inproceedings{Peters:2015:SYC:2828959.2828962,
 author = {Peters, Anne-Kathrin and Berglund, Anders and Eckerdal, Anna and Pears, Arnold},
 title = {Second Year Computer Science and IT Students' Experience of Participation in the Discipline},
 booktitle = {Proceedings of the 15th Koli Calling Conference on Computing Education Research},
 series = {Koli Calling '15},
 year = {2015},
 isbn = {978-1-4503-4020-5},
 location = {Koli, Finland},
 pages = {68--76},
 numpages = {9},
 url = {http://doi.acm.org/10.1145/2828959.2828962},
 doi = {10.1145/2828959.2828962},
 acmid = {2828962},
 publisher = {ACM},
 address = {New York, NY, USA},
 keywords = {identity, longitudinal, participation, problem solving, student experience},
}

@inproceedings{Kibuku:2018:FET:3283458.3283492,
 author = {Kibuku, Rachael Njeri and Ochieng, Daniel Orwa},
 title = {Formulating an e-Learning Theory: A Grounded Theory Approach},
 booktitle = {Proceedings of the Second African Conference for Human Computer Interaction: Thriving Communities},
 series = {AfriCHI '18},
 year = {2018},
 isbn = {978-1-4503-6558-1},
 location = {Windhoek, Namibia},
 pages = {37:1--37:5},
 articleno = {37},
 numpages = {5},
 url = {http://doi.acm.org/10.1145/3283458.3283492},
 doi = {10.1145/3283458.3283492},
 acmid = {3283492},
 publisher = {ACM},
 address = {New York, NY, USA},
 keywords = {connectivism, e-learning, learning, pedagogy, theory},
}

@inproceedings{Xu:2019:CAE:3335484.3335504,
 author = {Xu, Minyu and Shen, Jun},
 title = {Cognitive Ability Evaluation Model for Network Teaching},
 booktitle = {Proceedings of the 2019 4th International Conference on Big Data and Computing},
 series = {ICBDC 2019},
 year = {2019},
 isbn = {978-1-4503-6278-8},
 location = {Guangzhou, China},
 pages = {328--332},
 numpages = {5},
 url = {http://doi.acm.org/10.1145/3335484.3335504},
 doi = {10.1145/3335484.3335504},
 acmid = {3335504},
 publisher = {ACM},
 address = {New York, NY, USA},
 keywords = {Tacit knowledge, metacognitive ability, network teaching, pattern knowledge},
}

@inproceedings{Yang:2019:CSP:3338147.3338164,
 author = {Yang, Yang and Zuo, Mingzhang and Wang, Wenqian},
 title = {A Case Study of Pupils' Scaffolding Learning Experience Supported by Information Technology},
 booktitle = {Proceedings of the 2019 4th International Conference on Distance Education and Learning},
 series = {ICDEL 2019},
 year = {2019},
 isbn = {978-1-4503-6265-8},
 location = {Shanghai, China},
 pages = {112--117},
 numpages = {6},
 url = {http://doi.acm.org/10.1145/3338147.3338164},
 doi = {10.1145/3338147.3338164},
 acmid = {3338164},
 publisher = {ACM},
 address = {New York, NY, USA},
 keywords = {Scaffolding, case study, information technology, scaffolding functions, scaffolding learning experience},
}

@inproceedings{Chen:2018:UEG:3178158.3178188,
 author = {Chen, Yang},
 title = {Understanding How Educational Gamification Impacts Users' Behavior: A Theoretical Analysis},
 booktitle = {Proceedings of the 6th International Conference on Information and Education Technology},
 series = {ICIET '18},
 year = {2018},
 isbn = {978-1-4503-5359-5},
 location = {Osaka, Japan},
 pages = {154--159},
 numpages = {6},
 url = {http://doi.acm.org/10.1145/3178158.3178188},
 doi = {10.1145/3178158.3178188},
 acmid = {3178188},
 publisher = {ACM},
 address = {New York, NY, USA},
 keywords = {behavior, gamification, motivation, theory of planned behavior},
}

@inproceedings{Reynolds:2006:EIT:1168812.1168847,
 author = {Reynolds, Charles W.},
 title = {Engineering the Information Technology Curriculum with Pervasive Themes},
 booktitle = {Proceedings of the 7th Conference on Information Technology Education},
 series = {SIGITE '06},
 year = {2006},
 isbn = {1-59593-521-5},
 location = {Minneapolis, Minnesota, USA},
 pages = {141--148},
 numpages = {8},
 url = {http://doi.acm.org/10.1145/1168812.1168847},
 doi = {10.1145/1168812.1168847},
 acmid = {1168847},
 publisher = {ACM},
 address = {New York, NY, USA},
 keywords = {ACM computing curricula, curricular design, curricular evaluation, information technology curriculum, model curricula},
}

@inproceedings{Lishinski:2016:CAD:2960310.2960338,
 author = {Lishinski, Alex},
 title = {Cognitive, Affective, and Dispositional Components of Learning Programming},
 booktitle = {Proceedings of the 2016 ACM Conference on International Computing Education Research},
 series = {ICER '16},
 year = {2016},
 isbn = {978-1-4503-4449-4},
 location = {Melbourne, VIC, Australia},
 pages = {261--262},
 numpages = {2},
 url = {http://doi.acm.org/10.1145/2960310.2960338},
 doi = {10.1145/2960310.2960338},
 acmid = {2960338},
 publisher = {ACM},
 address = {New York, NY, USA},
 keywords = {student success factors, theory},
}

@article{Assiter:2005:AAA:1089053.1089079,
 author = {Assiter, Karina V},
 title = {Accessibility of Analysis of Algorithms: From Programming to Problem Solving},
 journal = {J. Comput. Sci. Coll.},
 issue_date = {December 2005},
 volume = {21},
 number = {2},
 month = dec,
 year = {2005},
 issn = {1937-4771},
 pages = {185--194},
 numpages = {10},
 url = {http://dl.acm.org/citation.cfm?id=1089053.1089079},
 acmid = {1089079},
 publisher = {Consortium for Computing Sciences in Colleges},
 address = {USA},
}

@inproceedings{Song:2019:REC:3338188.3338194,
 author = {Song, Chunhui and Wang, Xiaobin and Wang, Kai},
 title = {Research of Equipment Comprehensive Application Course Based on Blended Learning},
 booktitle = {Proceedings of the 5th International Conference on Frontiers of Educational Technologies},
 series = {ICFET 2019},
 year = {2019},
 isbn = {978-1-4503-6293-1},
 location = {Beijing, China},
 pages = {35--38},
 numpages = {4},
 url = {http://doi.acm.org/10.1145/3338188.3338194},
 doi = {10.1145/3338188.3338194},
 acmid = {3338194},
 publisher = {ACM},
 address = {New York, NY, USA},
 keywords = {Bended learning, Communication sergeants, Learning community, Teaching mode},
}

@inproceedings{Aldeaigi:2018:ALR:3268808.3268826,
 author = {Aldeaigi, Nora Ghazi and Saudagar, Abdul Khader Jilani},
 title = {Adoption of Learning Relationship Management (LRM) Platform for Enhancing Student Learning and Satisfaction in Saudi Universities},
 booktitle = {Proceedings of the 2Nd International Conference on E-Society, E-Education and E-Technology},
 series = {ICSET 2018},
 year = {2018},
 isbn = {978-1-4503-6528-4},
 location = {Taipei, Taiwan},
 pages = {22--25},
 numpages = {4},
 url = {http://doi.acm.org/10.1145/3268808.3268826},
 doi = {10.1145/3268808.3268826},
 acmid = {3268826},
 publisher = {ACM},
 address = {New York, NY, USA},
 keywords = {Learning Management System, Learning Relationship Management, Student Information System, User Center Design},
}

@inproceedings{Daungtod:2019:SFC:3306500.3306542,
 author = {Daungtod, Srisuda and Chaijareon, Sumalee},
 title = {A Synthesis Framework of Constructivist via Gamification-based Learning Environments Model to Enhance Self-regulation for Undergraduate Students},
 booktitle = {Proceedings of the 10th International Conference on E-Education, E-Business, E-Management and E-Learning},
 series = {IC4E '19},
 year = {2019},
 isbn = {978-1-4503-6602-1},
 location = {Tokyo, Japan},
 pages = {146--150},
 numpages = {5},
 url = {http://doi.acm.org/10.1145/3306500.3306542},
 doi = {10.1145/3306500.3306542},
 acmid = {3306542},
 publisher = {ACM},
 address = {New York, NY, USA},
 keywords = {constructivist learning environments, gamification, intrinsic motivation, self-regulation},
}

@inproceedings{Paul:2013:HHL:2445196.2445212,
 author = {Paul, Wolfgang and Vahrenhold, Jan},
 title = {Hunting High and Low: Instruments to Detect Misconceptions Related to Algorithms and Data Structures},
 booktitle = {Proceeding of the 44th ACM Technical Symposium on Computer Science Education},
 series = {SIGCSE '13},
 year = {2013},
 isbn = {978-1-4503-1868-6},
 location = {Denver, Colorado, USA},
 pages = {29--34},
 numpages = {6},
 url = {http://doi.acm.org/10.1145/2445196.2445212},
 doi = {10.1145/2445196.2445212},
 acmid = {2445212},
 publisher = {ACM},
 address = {New York, NY, USA},
 keywords = {CS1/2, instruments, misconceptions},
}

@inproceedings{Knight:2013:EPA:2460296.2460312,
 author = {Knight, Simon and Buckingham Shum, Simon and Littleton, Karen},
 title = {Epistemology, Pedagogy, Assessment and Learning Analytics},
 booktitle = {Proceedings of the Third International Conference on Learning Analytics and Knowledge},
 series = {LAK '13},
 year = {2013},
 isbn = {978-1-4503-1785-6},
 location = {Leuven, Belgium},
 pages = {75--84},
 numpages = {10},
 url = {http://doi.acm.org/10.1145/2460296.2460312},
 doi = {10.1145/2460296.2460312},
 acmid = {2460312},
 publisher = {ACM},
 address = {New York, NY, USA},
 keywords = {discourse analytics, educational assessment, epistemology, learning analytics, pedagogy, social learning analytics},
}

@inproceedings{Hsiao:2018:RGD:3183586.3183593,
 author = {Hsiao, Yu-Chen and Shiao, Yi-Tzone},
 title = {Research on Gender Differences in the Digital Learning Performance of University Students},
 booktitle = {Proceedings of the 9th International Conference on E-Education, E-Business, E-Management and E-Learning},
 series = {IC4E '18},
 year = {2018},
 isbn = {978-1-4503-5485-1},
 location = {San Diego, California},
 pages = {26--30},
 numpages = {5},
 url = {http://doi.acm.org/10.1145/3183586.3183593},
 doi = {10.1145/3183586.3183593},
 acmid = {3183593},
 publisher = {ACM},
 address = {New York, NY, USA},
 keywords = {data analytics, digital learning, gender differences, learning performance},
}

@inproceedings{Hu:2017:ULI:3124116.3124120,
 author = {Hu, Dexin and Wang, Yiwei and Chen, Cheng},
 title = {Ubiquitous Learning: Information Technology Driving Learning Revolution},
 booktitle = {Proceedings of the 2017 International Conference on Education and Multimedia Technology},
 series = {ICEMT '17},
 year = {2017},
 isbn = {978-1-4503-5293-2},
 location = {Singapore, Singapore},
 pages = {21--26},
 numpages = {6},
 url = {http://doi.acm.org/10.1145/3124116.3124120},
 doi = {10.1145/3124116.3124120},
 acmid = {3124120},
 publisher = {ACM},
 address = {New York, NY, USA},
 keywords = {information technology, learning style, typical model, ubiquitous learning},
}

@inproceedings{Araujo:2019:MAW:3287324.3287405,
 author = {Araujo, Ana Liz Souto O. and Andrade, Wilkerson L. and Guerrero, Dalton D. Serey and Melo, Monilly Ramos Araujo},
 title = {How Many Abilities Can We Measure in Computational Thinking?: A Study on Bebras Challenge},
 booktitle = {Proceedings of the 50th ACM Technical Symposium on Computer Science Education},
 series = {SIGCSE '19},
 year = {2019},
 isbn = {978-1-4503-5890-3},
 location = {Minneapolis, MN, USA},
 pages = {545--551},
 numpages = {7},
 url = {http://doi.acm.org/10.1145/3287324.3287405},
 doi = {10.1145/3287324.3287405},
 acmid = {3287405},
 publisher = {ACM},
 address = {New York, NY, USA},
 keywords = {assessment, bebras challenge, computational thinking},
}

@article{Tenenberg:2014:ARQ:2668970.2644924,
 author = {Tenenberg, Josh},
 title = {Asking Research Questions: Theoretical Presuppositions},
 journal = {Trans. Comput. Educ.},
 issue_date = {November 2014},
 volume = {14},
 number = {3},
 month = sep,
 year = {2014},
 issn = {1946-6226},
 pages = {16:1--16:8},
 articleno = {16},
 numpages = {8},
 url = {http://doi.acm.org/10.1145/2644924},
 doi = {10.1145/2644924},
 acmid = {2644924},
 publisher = {ACM},
 address = {New York, NY, USA},
 keywords = {CS education research, Theory, cognition, research questions},
}

@article{Ourusoff:1986:CVN:15003.15015,
 author = {Ourusoff, Nicholas},
 title = {The Computational View of Nature: A Liberal Arts Course in Computer Science},
 journal = {SIGCSE Bull.},
 issue_date = {Dec. 1986},
 volume = {18},
 number = {4},
 month = dec,
 year = {1986},
 issn = {0097-8418},
 pages = {54--56},
 numpages = {3},
 url = {http://doi.acm.org/10.1145/15003.15015},
 doi = {10.1145/15003.15015},
 acmid = {15015},
 publisher = {ACM},
 address = {New York, NY, USA},
}

@article{Marshall:2006:MDL:1217862.1217864,
 author = {Marshall, Byron B. and Chen, Hsinchun and Shen, Rao and Fox, Edward A.},
 title = {Moving Digital Libraries into the Student Learning Space: The GetSmart Experience},
 journal = {J. Educ. Resour. Comput.},
 issue_date = {March 2006},
 volume = {6},
 number = {1},
 month = mar,
 year = {2006},
 issn = {1531-4278},
 articleno = {2},
 url = {http://doi.acm.org/10.1145/1217862.1217864},
 doi = {10.1145/1217862.1217864},
 acmid = {1217864},
 publisher = {ACM},
 address = {New York, NY, USA},
 keywords = {Concept maps, digital libraries, education},
}

@inproceedings{Helps:2006:IDT:1168812.1168845,
 author = {Helps, C. Richard G.},
 title = {Instructional Design Theory Provides Insights into Evolving Information Technology Technical Curricula},
 booktitle = {Proceedings of the 7th Conference on Information Technology Education},
 series = {SIGITE '06},
 year = {2006},
 isbn = {1-59593-521-5},
 location = {Minneapolis, Minnesota, USA},
 pages = {129--134},
 numpages = {6},
 url = {http://doi.acm.org/10.1145/1168812.1168845},
 doi = {10.1145/1168812.1168845},
 acmid = {1168845},
 publisher = {ACM},
 address = {New York, NY, USA},
 keywords = {Moore's law, UML, curriculum design, instructional design theory, learning theory, technology evolution},
}

@inproceedings{Kurvinen:2012:CLP:2401796.2401801,
 author = {Kurvinen, Einari and Lind{\'e}n, Rolf and Rajala, Teemu and Kaila, Erkki and Laakso, Mikko-Jussi and Salakoski, Tapio},
 title = {Computer-assisted Learning in Primary School Mathematics Using ViLLE Education Tool},
 booktitle = {Proceedings of the 12th Koli Calling International Conference on Computing Education Research},
 series = {Koli Calling '12},
 year = {2012},
 isbn = {978-1-4503-1795-5},
 location = {Koli, Finland},
 pages = {39--46},
 numpages = {8},
 url = {http://doi.acm.org/10.1145/2401796.2401801},
 doi = {10.1145/2401796.2401801},
 acmid = {2401801},
 publisher = {ACM},
 address = {New York, NY, USA},
 keywords = {ICT in schools, collaborative learning, computer-assisted learning},
}

@article{Mead:2006:CAI:1189136.1189185,
 author = {Mead, Jerry and Gray, Simon and Hamer, John and James, Richard and Sorva, Juha and Clair, Caroline St. and Thomas, Lynda},
 title = {A Cognitive Approach to Identifying Measurable Milestones for Programming Skill Acquisition},
 journal = {SIGCSE Bull.},
 issue_date = {December 2006},
 volume = {38},
 number = {4},
 month = jun,
 year = {2006},
 issn = {0097-8418},
 pages = {182--194},
 numpages = {13},
 url = {http://doi.acm.org/10.1145/1189136.1189185},
 doi = {10.1145/1189136.1189185},
 acmid = {1189185},
 publisher = {ACM},
 address = {New York, NY, USA},
 keywords = {CS1, cognitive approaches, curricular planning, programming},
}

@inproceedings{Mead:2006:CAI:1189215.1189185,
 author = {Mead, Jerry and Gray, Simon and Hamer, John and James, Richard and Sorva, Juha and Clair, Caroline St. and Thomas, Lynda},
 title = {A Cognitive Approach to Identifying Measurable Milestones for Programming Skill Acquisition},
 booktitle = {Working Group Reports on ITiCSE on Innovation and Technology in Computer Science Education},
 series = {ITiCSE-WGR '06},
 year = {2006},
 isbn = {1-59593-603-3},
 location = {Bologna, Italy},
 pages = {182--194},
 numpages = {13},
 url = {http://doi.acm.org/10.1145/1189215.1189185},
 doi = {10.1145/1189215.1189185},
 acmid = {1189185},
 publisher = {ACM},
 address = {New York, NY, USA},
 keywords = {CS1, cognitive approaches, curricular planning, programming},
}

@article{Talon:2012:DCI:2275597.2275598,
 author = {Talon, B{\'e}n{\'e}dicte and Sagar, Mouldi and Kolski, Christophe},
 title = {Developing Competence in Interactive Systems: The GRASP Tool for the Design or Redesign of Pedagogical ICT Devices},
 journal = {Trans. Comput. Educ.},
 issue_date = {July 2012},
 volume = {12},
 number = {3},
 month = jul,
 year = {2012},
 issn = {1946-6226},
 pages = {9:1--9:43},
 articleno = {9},
 numpages = {43},
 url = {http://doi.acm.org/10.1145/2275597.2275598},
 doi = {10.1145/2275597.2275598},
 acmid = {2275598},
 publisher = {ACM},
 address = {New York, NY, USA},
 keywords = {GRASP, Pedagogical devices design, active pedagogy, competence training, design tool, interactive systems education and training},
}

@inproceedings{Denis:2005:MEG:1178477.1178581,
 author = {Denis, Guillaume and Jouvelot, Pierre},
 title = {Motivation-driven Educational Game Design: Applying Best Practices to Music Education},
 booktitle = {Proceedings of the 2005 ACM SIGCHI International Conference on Advances in Computer Entertainment Technology},
 series = {ACE '05},
 year = {2005},
 isbn = {1-59593-110-4},
 location = {Valencia, Spain},
 pages = {462--465},
 numpages = {4},
 url = {http://doi.acm.org/10.1145/1178477.1178581},
 doi = {10.1145/1178477.1178581},
 acmid = {1178581},
 publisher = {ACM},
 address = {New York, NY, USA},
 keywords = {educational games, fun, learning, motivation, music},
}

@inproceedings{Jadud:2006:MTE:1151588.1151600,
 author = {Jadud, Matthew C.},
 title = {Methods and Tools for Exploring Novice Compilation Behaviour},
 booktitle = {Proceedings of the Second International Workshop on Computing Education Research},
 series = {ICER '06},
 year = {2006},
 isbn = {1-59593-494-4},
 location = {Canterbury, United Kingdom},
 pages = {73--84},
 numpages = {12},
 url = {http://doi.acm.org/10.1145/1151588.1151600},
 doi = {10.1145/1151588.1151600},
 acmid = {1151600},
 publisher = {ACM},
 address = {New York, NY, USA},
 keywords = {BlueJ, Java, behavior, compilation, compiler, novice},
}

@inproceedings{Kenwright:2017:BRV:3134368.3139220,
 author = {Kenwright, Ben},
 title = {Brief Review of Video Games in Learning \&\#38; Education How Far We Have Come},
 booktitle = {SIGGRAPH Asia 2017 Symposium on Education},
 series = {SA '17},
 year = {2017},
 isbn = {978-1-4503-5409-7},
 location = {Bangkok, Thailand},
 pages = {3:1--3:10},
 articleno = {3},
 numpages = {10},
 url = {http://doi.acm.org/10.1145/3134368.3139220},
 doi = {10.1145/3134368.3139220},
 acmid = {3139220},
 publisher = {ACM},
 address = {New York, NY, USA},
 keywords = {computing, education, gamification, learning, serious games, technologies, video games},
}

@article{RoBling:2008:ELM:1473195.1473239,
 author = {R\"{o}\ssling, Guido and Joy, Mike and Moreno, Andr{\'e}s and Radenski, Atanas and Malmi, Lauri and Kerren, Andreas and Naps, Thomas and Ross, Rockford J. and Clancy, Michael and Korhonen, Ari and Oechsle, Rainer and Iturbide, J. \'{A}ngel Vel\'{a}zquez},
 title = {Enhancing Learning Management Systems to Better Support Computer Science Education},
 journal = {SIGCSE Bull.},
 issue_date = {December 2008},
 volume = {40},
 number = {4},
 month = nov,
 year = {2008},
 issn = {0097-8418},
 pages = {142--166},
 numpages = {25},
 url = {http://doi.acm.org/10.1145/1473195.1473239},
 doi = {10.1145/1473195.1473239},
 acmid = {1473239},
 publisher = {ACM},
 address = {New York, NY, USA},
 keywords = {CALMS, LMS, computer science education, computing augmented learning management system, learning management system},
}

@article{Meyer:2011:MRL:1870121.1870122,
 author = {Meyer, Marek and Rensing, Christoph and Steinmetz, Ralf},
 title = {Multigranularity Reuse of Learning Resources},
 journal = {ACM Trans. Multimedia Comput. Commun. Appl.},
 issue_date = {January 2011},
 volume = {7},
 number = {1},
 month = feb,
 year = {2011},
 issn = {1551-6857},
 pages = {1:1--1:23},
 articleno = {1},
 numpages = {23},
 url = {http://doi.acm.org/10.1145/1870121.1870122},
 doi = {10.1145/1870121.1870122},
 acmid = {1870122},
 publisher = {ACM},
 address = {New York, NY, USA},
 keywords = {Reuse, e-learning, granularity, learning resources, reusability},
}

@inproceedings{Woodroof:1995:SEE:212490.213727,
 author = {Woodroof, Jonathan B. and Kasper, George M.},
 title = {A Synthesis of Equity, Expectation, and Needs Theories As a Conceptual Foundation for the User Satisfaction Construct in Information Systems Research},
 booktitle = {Proceedings of the 1995 ACM SIGCPR Conference on Supporting Teams, Groups, and Learning Inside and Outside the IS Function Reinventing IS},
 series = {SIGCPR '95},
 year = {1995},
 isbn = {0-89791-712-X},
 location = {Nashville, Tennessee, USA},
 pages = {253--254},
 numpages = {2},
 url = {http://doi.acm.org/10.1145/212490.213727},
 doi = {10.1145/212490.213727},
 acmid = {213727},
 publisher = {ACM},
 address = {New York, NY, USA},
}

@article{Burgess:2005:IPB:1088791.1088796,
 author = {Burgess, Gerald Alan},
 title = {Introduction to Programming: Blooming in America},
 journal = {J. Comput. Sci. Coll.},
 issue_date = {October 2005},
 volume = {21},
 number = {1},
 month = oct,
 year = {2005},
 issn = {1937-4771},
 pages = {19--28},
 numpages = {10},
 url = {http://dl.acm.org/citation.cfm?id=1088791.1088796},
 acmid = {1088796},
 publisher = {Consortium for Computing Sciences in Colleges},
 address = {USA},
 keywords = {CS1, bloom, criterion-referencing, grading, programming},
}

@article{Carrasquel:1993:NML:152751.152765,
 author = {Carrasquel, Jacobo},
 title = {Necessity is the Mother of Language Features},
 journal = {SIGCSE Bull.},
 issue_date = {June 1993},
 volume = {25},
 number = {2},
 month = jun,
 year = {1993},
 issn = {0097-8418},
 pages = {59--64},
 numpages = {6},
 url = {http://doi.acm.org/10.1145/152751.152765},
 doi = {10.1145/152751.152765},
 acmid = {152765},
 publisher = {ACM},
 address = {New York, NY, USA},
}

@article{Gibbs:2000:ECL:331795.331856,
 author = {Gibbs, David C.},
 title = {The Effect of a Constructivist Learning Environment for Field-dependent/Independent Students on Achievement in Introductory Computer Programming},
 journal = {SIGCSE Bull.},
 issue_date = {Mar. 2000},
 volume = {32},
 number = {1},
 month = mar,
 year = {2000},
 issn = {0097-8418},
 pages = {207--211},
 numpages = {5},
 url = {http://doi.acm.org/10.1145/331795.331856},
 doi = {10.1145/331795.331856},
 acmid = {331856},
 publisher = {ACM},
 address = {New York, NY, USA},
}

@inproceedings{Gibbs:2000:ECL:330908.331856,
 author = {Gibbs, David C.},
 title = {The Effect of a Constructivist Learning Environment for Field-dependent/Independent Students on Achievement in Introductory Computer Programming},
 booktitle = {Proceedings of the Thirty-first SIGCSE Technical Symposium on Computer Science Education},
 series = {SIGCSE '00},
 year = {2000},
 isbn = {1-58113-213-1},
 location = {Austin, Texas, USA},
 pages = {207--211},
 numpages = {5},
 url = {http://doi.acm.org/10.1145/330908.331856},
 doi = {10.1145/330908.331856},
 acmid = {331856},
 publisher = {ACM},
 address = {New York, NY, USA},
}

@article{Poirot:1988:FDP:51594.51599,
 author = {Poirot, James L. and Taylor, Harriet G. and Norris, Cathleen A.},
 title = {A Framework for Developing Pre-college Computer Science Retraining Programs},
 journal = {SIGCSE Bull.},
 issue_date = {Sept. 1988},
 volume = {20},
 number = {3},
 month = sep,
 year = {1988},
 issn = {0097-8418},
 pages = {23--31},
 numpages = {9},
 url = {http://doi.acm.org/10.1145/51594.51599},
 doi = {10.1145/51594.51599},
 acmid = {51599},
 publisher = {ACM},
 address = {New York, NY, USA},
}

@article{Sheng:2010:UVM:1795377.1795380,
 author = {Sheng, Hong and Siau, Keng and Nah, Fiona Fui-Hoon},
 title = {Understanding the Values of Mobile Technology in Education: A Value-focused Thinking Approach},
 journal = {SIGMIS Database},
 issue_date = {May 2010},
 volume = {41},
 number = {2},
 month = may,
 year = {2010},
 issn = {0095-0033},
 pages = {25--44},
 numpages = {20},
 url = {http://doi.acm.org/10.1145/1795377.1795380},
 doi = {10.1145/1795377.1795380},
 acmid = {1795380},
 publisher = {ACM},
 address = {New York, NY, USA},
 keywords = {collaborative learning, means-ends network, mobile technology, value-focused thinking},
}

@inproceedings{Pittarello:2015:DEI:2808435.2808463,
 author = {Pittarello, Fabio and Pellegrini, Tommaso},
 title = {Designing and Evaluating Interfaces for Domestic Eco-feedback: A Blended Educational Experience},
 booktitle = {Proceedings of the 11th Biannual Conference on Italian SIGCHI Chapter},
 series = {CHItaly 2015},
 year = {2015},
 isbn = {978-1-4503-3684-0},
 location = {Rome, Italy},
 pages = {18--25},
 numpages = {8},
 url = {http://doi.acm.org/10.1145/2808435.2808463},
 doi = {10.1145/2808435.2808463},
 acmid = {2808463},
 publisher = {ACM},
 address = {New York, NY, USA},
 keywords = {HCI teaching, adaptive interfaces, design thinking, eco-feedback, education, environmental awareness, evaluation, interfaces for children, prototyping tools, remote learning, ubiquitous computing},
}

@inproceedings{Jasute:2014:IVM:2591708.2602662,
 author = {Jasute, Egle},
 title = {An Interactive Visualization Method of Constructionist Teaching and Learning of Geometry},
 booktitle = {Proceedings of the 2014 Conference on Innovation \&\#38; Technology in Computer Science Education},
 series = {ITiCSE '14},
 year = {2014},
 isbn = {978-1-4503-2833-3},
 location = {Uppsala, Sweden},
 pages = {349--349},
 numpages = {1},
 url = {http://doi.acm.org/10.1145/2591708.2602662},
 doi = {10.1145/2591708.2602662},
 acmid = {2602662},
 publisher = {ACM},
 address = {New York, NY, USA},
 keywords = {abstract data type, constructionist learning, dynamic geometry},
}

@article{Hostetler:1983:PSS:382188.382571,
 author = {Hostetler, Terry R.},
 title = {Predicting Student Success in an Introductory Programming Course},
 journal = {SIGCSE Bull.},
 issue_date = {Sept. 1983},
 volume = {15},
 number = {3},
 month = sep,
 year = {1983},
 issn = {0097-8418},
 pages = {40--43},
 numpages = {4},
 url = {http://doi.acm.org/10.1145/382188.382571},
 doi = {10.1145/382188.382571},
 acmid = {382571},
 publisher = {ACM},
 address = {New York, NY, USA},
}

@inproceedings{Paredes:2012:MLP:2330601.2330617,
 author = {Paredes, Walter Christian and Chung, Kon Shing Kenneth},
 title = {Modelling Learning \&\#38; Performance: A Social Networks Perspective},
 booktitle = {Proceedings of the 2Nd International Conference on Learning Analytics and Knowledge},
 series = {LAK '12},
 year = {2012},
 isbn = {978-1-4503-1111-3},
 location = {Vancouver, British Columbia, Canada},
 pages = {34--42},
 numpages = {9},
 url = {http://doi.acm.org/10.1145/2330601.2330617},
 doi = {10.1145/2330601.2330617},
 acmid = {2330617},
 publisher = {ACM},
 address = {New York, NY, USA},
 keywords = {computer mediated communication, connectivism, learning, learning analytics, performance, situated learning, social learning, social networks},
}

@article{Struve:2009:VMT:1525840.1525844,
 author = {Struve, Doreen and Wandke, Hartmut},
 title = {Video Modeling for Training Older Adults to Use New Technologies},
 journal = {ACM Trans. Access. Comput.},
 issue_date = {May 2009},
 volume = {2},
 number = {1},
 month = may,
 year = {2009},
 issn = {1936-7228},
 pages = {4:1--4:24},
 articleno = {4},
 numpages = {24},
 url = {http://doi.acm.org/10.1145/1525840.1525844},
 doi = {10.1145/1525840.1525844},
 acmid = {1525844},
 publisher = {ACM},
 address = {New York, NY, USA},
 keywords = {Instruction, guided error training, older adults, self-efficacy, technology use, video modeling},
}

@inproceedings{McGee:2019:ECE:3287324.3287415,
 author = {McGee, Steven and Greenberg, Ronald I. and McGee-Tekula, Randi and Duck, Jennifer and Rasmussen, Andrew M. and Dettori, Lucia and Reed, Dale F.},
 title = {An Examination of the Correlation of Exploring Computer Science Course Performance and the Development of Programming Expertise},
 booktitle = {Proceedings of the 50th ACM Technical Symposium on Computer Science Education},
 series = {SIGCSE '19},
 year = {2019},
 isbn = {978-1-4503-5890-3},
 location = {Minneapolis, MN, USA},
 pages = {1067--1073},
 numpages = {7},
 url = {http://doi.acm.org/10.1145/3287324.3287415},
 doi = {10.1145/3287324.3287415},
 acmid = {3287415},
 publisher = {ACM},
 address = {New York, NY, USA},
 keywords = {computer programming skills, exploring computer science, high school computer science},
}

@article{Ullrich:1989:EIC:74091.74092,
 author = {Ullrich, J. R. and Cook, C.},
 title = {An Experimental Investigation of the Close Procedure As a Measure of Program Understanding},
 journal = {SIGCSE Bull.},
 issue_date = {Dec. 1989},
 volume = {21},
 number = {4},
 month = dec,
 year = {1989},
 issn = {0097-8418},
 pages = {2--10},
 numpages = {9},
 url = {http://doi.acm.org/10.1145/74091.74092},
 doi = {10.1145/74091.74092},
 acmid = {74092},
 publisher = {ACM},
 address = {New York, NY, USA},
}

@article{Baker:2009:LTR:1578012.1578013,
 author = {Baker, Ken A.},
 title = {Learning Theory and the Re-education of Older Software Engineers},
 journal = {SIGITERes. IT},
 issue_date = {July 2009},
 volume = {6},
 number = {2},
 month = jul,
 year = {2009},
 issn = {1944-0278},
 pages = {2--10},
 numpages = {9},
 url = {http://doi.acm.org/10.1145/1578012.1578013},
 doi = {10.1145/1578012.1578013},
 acmid = {1578013},
 publisher = {ACM},
 address = {New York, NY, USA},
 keywords = {behaviorist, cognitive, cognitive load theory, learning theory, memory and motivation, paradigm shift, social learning},
}

@inproceedings{Wahl:2013:TGD:2539150.2539262,
 author = {Wahl, Harald and Winiwarter, Werner},
 title = {Towards a Generic Data Model for the Integrated Intelligent Computer-Assisted Language Learning (iiCALL) Environment},
 booktitle = {Proceedings of International Conference on Information Integration and Web-based Applications \&\#38; Services},
 series = {IIWAS '13},
 year = {2013},
 isbn = {978-1-4503-2113-6},
 location = {Vienna, Austria},
 pages = {729:729--729:733},
 articleno = {729},
 numpages = {5},
 url = {http://doi.acm.org/10.1145/2539150.2539262},
 doi = {10.1145/2539150.2539262},
 acmid = {2539262},
 publisher = {ACM},
 address = {New York, NY, USA},
 keywords = {Computer-Assisted Language Learning, Generic Data Model, Integrated E-Learning, Learning of Foreign Languages, Natural Language Processing, Semantic Web Technologies, iiCALL},
}

@inproceedings{Tang:2018:GRE:3234825.3234827,
 author = {Tang, Kai-Yu and Hsiao, Chun-Hua},
 title = {Game-Based Research in Education: A Key-Route Main Path Analysis of Literature (2008-2017)},
 booktitle = {Proceedings of the 2018 The 3rd International Conference on Information and Education Innovations},
 series = {ICIEI 2018},
 year = {2018},
 isbn = {978-1-4503-6440-9},
 location = {London, United Kingdom},
 pages = {6--9},
 numpages = {4},
 url = {http://doi.acm.org/10.1145/3234825.3234827},
 doi = {10.1145/3234825.3234827},
 acmid = {3234827},
 publisher = {ACM},
 address = {New York, NY, USA},
 keywords = {citation, game-based learning, key-route main path analysis, knowledge flow},
}

@inproceedings{Wahl:2011:IIC:2095536.2095622,
 author = {Wahl, Harald and Winiwarter, Werner},
 title = {The Intelligent Integrated Computer-assisted Language Learning (iiCALL) Environment: Work in Progress},
 booktitle = {Proceedings of the 13th International Conference on Information Integration and Web-based Applications and Services},
 series = {iiWAS '11},
 year = {2011},
 isbn = {978-1-4503-0784-0},
 location = {Ho Chi Minh City, Vietnam},
 pages = {426--429},
 numpages = {4},
 url = {http://doi.acm.org/10.1145/2095536.2095622},
 doi = {10.1145/2095536.2095622},
 acmid = {2095622},
 publisher = {ACM},
 address = {New York, NY, USA},
 keywords = {computer-assisted language learning, integrated e-learning, learning of foreign languages, learning types, natural language processing, semantic web technologies},
}

@inproceedings{Wahl:2012:CVT:2428736.2428802,
 author = {Wahl, Harald and Winiwarter, Werner},
 title = {A Context-related Vocabulary Trainer in the Integrated Intelligent Computer-assisted Language Learning (iiCALL) Environment},
 booktitle = {Proceedings of the 14th International Conference on Information Integration and Web-based Applications \&\#38; Services},
 series = {IIWAS '12},
 year = {2012},
 isbn = {978-1-4503-1306-3},
 location = {Bali, Indonesia},
 pages = {356--359},
 numpages = {4},
 url = {http://doi.acm.org/10.1145/2428736.2428802},
 doi = {10.1145/2428736.2428802},
 acmid = {2428802},
 publisher = {ACM},
 address = {New York, NY, USA},
 keywords = {computer-assisted language learning, iiCALL, integrated e-learning, learning of foreign languages, natural language processing, semantic web technologies},
}

@inproceedings{Lepe-Salazar:2015:MAD:2832932.2832951,
 author = {Lepe-Salazar, Francisco},
 title = {A Model to Analyze and Design Educational Games with Pedagogical Foundations},
 booktitle = {Proceedings of the 12th International Conference on Advances in Computer Entertainment Technology},
 series = {ACE '15},
 year = {2015},
 isbn = {978-1-4503-3852-3},
 location = {Iskandar, Malaysia},
 pages = {1:1--1:14},
 articleno = {1},
 numpages = {14},
 url = {http://doi.acm.org/10.1145/2832932.2832951},
 doi = {10.1145/2832932.2832951},
 acmid = {2832951},
 publisher = {ACM},
 address = {New York, NY, USA},
 keywords = {educational games, game design, learning sciences, learning theories, model, pedagogy, serious games},
}

@inproceedings{Georgiou:2017:DAA:3136907.3136926,
 author = {Georgiou, Yiannis and Kyza, Eleni A.},
 title = {A Design-based Approach to Augmented Reality Location-based Activities: Investigating Immersion in Relation to Student Learning},
 booktitle = {Proceedings of the 16th World Conference on Mobile and Contextual Learning},
 series = {mLearn 2017},
 year = {2017},
 isbn = {978-1-4503-5255-0},
 location = {Larnaca, Cyprus},
 pages = {13:1--13:8},
 articleno = {13},
 numpages = {8},
 url = {http://doi.acm.org/10.1145/3136907.3136926},
 doi = {10.1145/3136907.3136926},
 acmid = {3136926},
 publisher = {ACM},
 address = {New York, NY, USA},
 keywords = {Immersion, design based research, environmental science learning, explanation building, location-based AR activities},
}

