@inproceedings{Fronza:2019:ECS:3300115.3309522,
 author = {Fronza, Ilenia and Hellas, Arto and Ihantola, Petri and Mikkonen, Tommi},
 title = {An Exploration of Cognitive Shifting in Writing Code},
 booktitle = {Proceedings of the ACM Conference on Global Computing Education},
 series = {CompEd '19},
 year = {2019},
 isbn = {978-1-4503-6259-7},
 location = {Chengdu,Sichuan, China},
 pages = {65--71},
 numpages = {7},
 url = {http://doi.acm.org/10.1145/3300115.3309522},
 doi = {10.1145/3300115.3309522},
 acmid = {3309522},
 publisher = {ACM},
 address = {New York, NY, USA},
 keywords = {cognitive shifting, educational data mining, learning analytics, movement in source code, programming process},
}

@article{Mendes:2001:CFT:507758.377457,
 author = {Mendes, Emilia and Mosley, Nile and Counsell, Steve},
 title = {The Cognitive Flexibility Theory0: An Approach for Teaching Hypermedia Engineering},
 journal = {SIGCSE Bull.},
 issue_date = {Sept. 2001},
 volume = {33},
 number = {3},
 month = jun,
 year = {2001},
 issn = {0097-8418},
 pages = {21--24},
 numpages = {4},
 url = {http://doi.acm.org/10.1145/507758.377457},
 doi = {10.1145/507758.377457},
 acmid = {377457},
 publisher = {ACM},
 address = {New York, NY, USA},
 keywords = {cognitive flexibility theory, hypermedia teaching, teaching methods},
}

@inproceedings{Mendes:2001:CFT:377435.377457,
 author = {Mendes, Emilia and Mosley, Nile and Counsell, Steve},
 title = {The Cognitive Flexibility Theory0: An Approach for Teaching Hypermedia Engineering},
 booktitle = {Proceedings of the 6th Annual Conference on Innovation and Technology in Computer Science Education},
 series = {ITiCSE '01},
 year = {2001},
 isbn = {1-58113-330-8},
 location = {Canterbury, United Kingdom},
 pages = {21--24},
 numpages = {4},
 url = {http://doi.acm.org/10.1145/377435.377457},
 doi = {10.1145/377435.377457},
 acmid = {377457},
 publisher = {ACM},
 address = {New York, NY, USA},
 keywords = {cognitive flexibility theory, hypermedia teaching, teaching methods},
}

@inproceedings{Spyropoulou:2013:ECE:2491845.2491882,
 author = {Spyropoulou, Maria and Ntourou, Dimitra and Simaki, Vasiliki and Malagkoniari, Dionysia and Koumpouri, Athanasia and Sorra, Maria},
 title = {Evaluating the Correspondence of Educational Software to Learning Theories},
 booktitle = {Proceedings of the 17th Panhellenic Conference on Informatics},
 series = {PCI '13},
 year = {2013},
 isbn = {978-1-4503-1969-0},
 location = {Thessaloniki, Greece},
 pages = {250--257},
 numpages = {8},
 url = {http://doi.acm.org/10.1145/2491845.2491882},
 doi = {10.1145/2491845.2491882},
 acmid = {2491882},
 publisher = {ACM},
 address = {New York, NY, USA},
 keywords = {behaviorism, cognitivism, constructivism, educational software, educational websites, evaluation, instructional design, learning theories, online learning},
}

@inproceedings{Franco:2009:TDE:1666611.1666626,
 author = {Franco, Jorge Ferreira and de Deus Lopes, Roseli},
 title = {Three-dimensional Digital Enviroments and Computer Graphics Influencing K-12 Individuals' Digital Literacy Development and Interdisciplinary Lifelong Learning},
 booktitle = {ACM SIGGRAPH ASIA 2009 Educators Program},
 series = {SIGGRAPH ASIA '09},
 year = {2009},
 location = {Yokohama, Japan},
 pages = {15:1--15:8},
 articleno = {15},
 numpages = {8},
 url = {http://doi.acm.org/10.1145/1666611.1666626},
 doi = {10.1145/1666611.1666626},
 acmid = {1666626},
 publisher = {ACM},
 address = {New York, NY, USA},
 keywords = {cognitive development, culture, digital art, information visualization, lifelong learning, virtual reality},
}

@inproceedings{Shuyska:2008:TCP:1822258.1822273,
 author = {Shuyska, Jane Alexen and Davies, Chris},
 title = {ThinkSpace: The Collaborative Process of Designing New Technologies for the Classroom},
 booktitle = {Proceedings of the 4th International Symposium on Wikis},
 series = {WikiSym '08},
 year = {2008},
 isbn = {978-1-60558-128-6},
 location = {Porto, Portugal},
 pages = {11:1--11:8},
 articleno = {11},
 numpages = {8},
 url = {http://doi.acm.org/10.1145/1822258.1822273},
 doi = {10.1145/1822258.1822273},
 acmid = {1822273},
 publisher = {ACM},
 address = {New York, NY, USA},
 keywords = {collaborative knowledge building, concept mapping, design-based research, history, wiki},
}

@article{Bower:2008:TTT:1597849.1384346,
 author = {Bower, Matt},
 title = {A Taxonomy of Task Types in Computing},
 journal = {SIGCSE Bull.},
 issue_date = {September 2008},
 volume = {40},
 number = {3},
 month = jun,
 year = {2008},
 issn = {0097-8418},
 pages = {281--285},
 numpages = {5},
 url = {http://doi.acm.org/10.1145/1597849.1384346},
 doi = {10.1145/1597849.1384346},
 acmid = {1384346},
 publisher = {ACM},
 address = {New York, NY, USA},
 keywords = {computer science education, pedagogy, task types, taxonomy},
}

@inproceedings{Bower:2008:TTT:1384271.1384346,
 author = {Bower, Matt},
 title = {A Taxonomy of Task Types in Computing},
 booktitle = {Proceedings of the 13th Annual Conference on Innovation and Technology in Computer Science Education},
 series = {ITiCSE '08},
 year = {2008},
 isbn = {978-1-60558-078-4},
 location = {Madrid, Spain},
 pages = {281--285},
 numpages = {5},
 url = {http://doi.acm.org/10.1145/1384271.1384346},
 doi = {10.1145/1384271.1384346},
 acmid = {1384346},
 publisher = {ACM},
 address = {New York, NY, USA},
 keywords = {computer science education, pedagogy, task types, taxonomy},
}

@article{Guzdial:1996:CSL:227210.227600,
 author = {Guzdial, M. and Kolodner, J. and Hmelo, C. and Narayanan, H. and Carlson, D. and Rappin, N. and H\"{u}bscher, R. and Turns, J. and Newstetter, W.},
 title = {Computer Support for Learning Through Complex Problem Solving},
 journal = {Commun. ACM},
 issue_date = {April 1996},
 volume = {39},
 number = {4},
 month = apr,
 year = {1996},
 issn = {0001-0782},
 pages = {43--45},
 numpages = {3},
 url = {http://doi.acm.org/10.1145/227210.227600},
 doi = {10.1145/227210.227600},
 acmid = {227600},
 publisher = {ACM},
 address = {New York, NY, USA},
}

@inproceedings{Finkelstein:2011:ITC:2047594.2047658,
 author = {Finkelstein, Joseph and Wood, Jeffrey},
 title = {Information Technology for Continuous Patient Health Education},
 booktitle = {Proceedings of the 2011 Conference on Information Technology Education},
 series = {SIGITE '11},
 year = {2011},
 isbn = {978-1-4503-1017-8},
 location = {West Point, New York, USA},
 pages = {245--250},
 numpages = {6},
 url = {http://doi.acm.org/10.1145/2047594.2047658},
 doi = {10.1145/2047594.2047658},
 acmid = {2047658},
 publisher = {ACM},
 address = {New York, NY, USA},
}

@inproceedings{Papadopoulos:2007:CIW:1268784.1268826,
 author = {Papadopoulos, Pantelis M. and Demetriadis, Stavros N. and Stamelos, Ioannis G.},
 title = {Case-based Instruction on the Web for Teaching Software Project Management},
 booktitle = {Proceedings of the 12th Annual SIGCSE Conference on Innovation and Technology in Computer Science Education},
 series = {ITiCSE '07},
 year = {2007},
 isbn = {978-1-59593-610-3},
 location = {Dundee, Scotland},
 pages = {136--140},
 numpages = {5},
 url = {http://doi.acm.org/10.1145/1268784.1268826},
 doi = {10.1145/1268784.1268826},
 acmid = {1268826},
 publisher = {ACM},
 address = {New York, NY, USA},
 keywords = {case-based learning, software project management education, student scaffolding},
}

@article{Papadopoulos:2007:CIW:1269900.1268826,
 author = {Papadopoulos, Pantelis M. and Demetriadis, Stavros N. and Stamelos, Ioannis G.},
 title = {Case-based Instruction on the Web for Teaching Software Project Management},
 journal = {SIGCSE Bull.},
 issue_date = {September 2007},
 volume = {39},
 number = {3},
 month = jun,
 year = {2007},
 issn = {0097-8418},
 pages = {136--140},
 numpages = {5},
 url = {http://doi.acm.org/10.1145/1269900.1268826},
 doi = {10.1145/1269900.1268826},
 acmid = {1268826},
 publisher = {ACM},
 address = {New York, NY, USA},
 keywords = {case-based learning, software project management education, student scaffolding},
}

@inproceedings{Martinez-Maldonado:2015:LWD:2723576.2723583,
 author = {Martinez-Maldonado, Roberto and Pardo, Abelardo and Mirriahi, Negin and Yacef, Kalina and Kay, Judy and Clayphan, Andrew},
 title = {The LATUX Workflow: Designing and Deploying Awareness Tools in Technology-enabled Learning Settings},
 booktitle = {Proceedings of the Fifth International Conference on Learning Analytics And Knowledge},
 series = {LAK '15},
 year = {2015},
 isbn = {978-1-4503-3417-4},
 location = {Poughkeepsie, New York},
 pages = {1--10},
 numpages = {10},
 url = {http://doi.acm.org/10.1145/2723576.2723583},
 doi = {10.1145/2723576.2723583},
 acmid = {2723583},
 publisher = {ACM},
 address = {New York, NY, USA},
 keywords = {awareness, dashboard, design, groupware, visualisations},
}

@article{Christensen:1993:STD:169073.169465,
 author = {Christensen, Margaret and Giamo, Michael and Jones, Trevor},
 title = {Support for Teaching the Design and Implementation of Multimedia/Hypermedia Systems},
 journal = {SIGCSE Bull.},
 issue_date = {March 1993},
 volume = {25},
 number = {1},
 month = mar,
 year = {1993},
 issn = {0097-8418},
 pages = {242--245},
 numpages = {4},
 url = {http://doi.acm.org/10.1145/169073.169465},
 doi = {10.1145/169073.169465},
 acmid = {169465},
 publisher = {ACM},
 address = {New York, NY, USA},
}

@inproceedings{Christensen:1993:STD:169070.169465,
 author = {Christensen, Margaret and Giamo, Michael and Jones, Trevor},
 title = {Support for Teaching the Design and Implementation of Multimedia/Hypermedia Systems},
 booktitle = {Proceedings of the Twenty-fourth SIGCSE Technical Symposium on Computer Science Education},
 series = {SIGCSE '93},
 year = {1993},
 isbn = {0-89791-565-8},
 location = {Indianapolis, Indiana, USA},
 pages = {242--245},
 numpages = {4},
 url = {http://doi.acm.org/10.1145/169070.169465},
 doi = {10.1145/169070.169465},
 acmid = {169465},
 publisher = {ACM},
 address = {New York, NY, USA},
}

@inproceedings{Mendes:2003:ACF:858403.858417,
 author = {Mendes, Emilia},
 title = {Applying the Cognitive Flexibility Theory to Teaching Web Engineering},
 booktitle = {Proceedings of the Fifth Australasian Conference on Computing Education - Volume 20},
 series = {ACE '03},
 year = {2003},
 isbn = {0-909925-98-4},
 location = {Adelaide, Australia},
 pages = {113--117},
 numpages = {5},
 url = {http://dl.acm.org/citation.cfm?id=858403.858417},
 acmid = {858417},
 publisher = {Australian Computer Society, Inc.},
 address = {Darlinghurst, Australia, Australia},
 keywords = {cognitive flexibility theory, teaching methods, web engineering teaching},
}

@inproceedings{Paus:2008:WRM:1599871.1599893,
 author = {Paus, Elisabeth and Jucks, Regina},
 title = {Do We Really Mean the Same? The Relationship Between Word Choices and Computer Mediated Cooperative Learning},
 booktitle = {Proceedings of the 8th International Conference on International Conference for the Learning Sciences - Volume 2},
 series = {ICLS'08},
 year = {2008},
 location = {Utrecht, The Netherlands},
 pages = {172--179},
 numpages = {8},
 url = {http://dl.acm.org/citation.cfm?id=1599871.1599893},
 acmid = {1599893},
 publisher = {International Society of the Learning Sciences},
}

@inproceedings{Doucet:2010:DEE:1836135.1836136,
 author = {Doucet, Lars and Srinivasan, Vinod},
 title = {Designing Entertaining Educational Games Using Procedural Rhetoric: A Case Study},
 booktitle = {Proceedings of the 5th ACM SIGGRAPH Symposium on Video Games},
 series = {Sandbox '10},
 year = {2010},
 isbn = {978-1-4503-0097-1},
 location = {Los Angeles, California},
 pages = {5--10},
 numpages = {6},
 url = {http://doi.acm.org/10.1145/1836135.1836136},
 doi = {10.1145/1836135.1836136},
 acmid = {1836136},
 publisher = {ACM},
 address = {New York, NY, USA},
 keywords = {educational games, energy, environment, game design, procedural rhetoric, serious games, simulation games},
}

