@inproceedings{Hayashi:2013:PCA:2468356.2468472,
 author = {Hayashi, Yugo},
 title = {Pedagogical Conversational Agents for Supporting Collaborative Learning: Effects of Communication Channels},
 booktitle = {CHI '13 Extended Abstracts on Human Factors in Computing Systems},
 series = {CHI EA '13},
 year = {2013},
 isbn = {978-1-4503-1952-2},
 location = {Paris, France},
 pages = {655--660},
 numpages = {6},
 url = {http://doi.acm.org/10.1145/2468356.2468472},
 doi = {10.1145/2468356.2468472},
 acmid = {2468472},
 publisher = {ACM},
 address = {New York, NY, USA},
 keywords = {affective learning, collaboration, explanation activities, pedagogical agents},
}

@inproceedings{Chiu:2017:ASS:3027385.3027439,
 author = {Chiu, Ming Ming and Chow, Bonnie Wing-Yin and Joh, Sung Wook},
 title = {How to Assign Students into Sections to Raise Learning},
 booktitle = {Proceedings of the Seventh International Learning Analytics \&\#38; Knowledge Conference},
 series = {LAK '17},
 year = {2017},
 isbn = {978-1-4503-4870-6},
 location = {Vancouver, British Columbia, Canada},
 pages = {95--104},
 numpages = {10},
 url = {http://doi.acm.org/10.1145/3027385.3027439},
 doi = {10.1145/3027385.3027439},
 acmid = {3027439},
 publisher = {ACM},
 address = {New York, NY, USA},
 keywords = {ability grouping, classmates, inequality, international assessment, socioeconomic status},
}

@article{Miller:2019:LGL:3308443.3313291,
 author = {Miller, Craig S. and Settle, Amber},
 title = {Learning to Get Literal: Investigating Reference-Point Difficulties in Novice Programming},
 journal = {ACM Trans. Comput. Educ.},
 issue_date = {June 2019},
 volume = {19},
 number = {3},
 month = may,
 year = {2019},
 issn = {1946-6226},
 pages = {28:1--28:17},
 articleno = {28},
 numpages = {17},
 url = {http://doi.acm.org/10.1145/3313291},
 doi = {10.1145/3313291},
 acmid = {3313291},
 publisher = {ACM},
 address = {New York, NY, USA},
 keywords = {Metonymy, human-computer interaction, misconceptions, novice computer programming, reference errors},
}

@inproceedings{Watanabe:2016:FIT:2857546.2857549,
 author = {Watanabe, Toyohide},
 title = {A Framework of Information Technology Supported Intelligent Learning Environment},
 booktitle = {Proceedings of the 10th International Conference on Ubiquitous Information Management and Communication},
 series = {IMCOM '16},
 year = {2016},
 isbn = {978-1-4503-4142-4},
 location = {Danang, Viet Nam},
 pages = {2:1--2:8},
 articleno = {2},
 numpages = {8},
 url = {http://doi.acm.org/10.1145/2857546.2857549},
 doi = {10.1145/2857546.2857549},
 acmid = {2857549},
 publisher = {ACM},
 address = {New York, NY, USA},
 keywords = {Knowledge transfer, goal achievement, information technology, knowledge acquisition, knowledge composition, knowledge understanding, performance goal, understanding goal},
}

@inproceedings{Lukowicz:2015:GUG:2802083.2808407,
 author = {Lukowicz, P. and Poxrucker, A. and Weppner, J. and Bischke, B. and Kuhn, J. and Hirth, M.},
 title = {Glass-physics: Using Google Glass to Support High School Physics Experiments},
 booktitle = {Proceedings of the 2015 ACM International Symposium on Wearable Computers},
 series = {ISWC '15},
 year = {2015},
 isbn = {978-1-4503-3578-2},
 location = {Osaka, Japan},
 pages = {151--154},
 numpages = {4},
 url = {http://doi.acm.org/10.1145/2802083.2808407},
 doi = {10.1145/2802083.2808407},
 acmid = {2808407},
 publisher = {ACM},
 address = {New York, NY, USA},
 keywords = {interaction, sensing, smart glasses, wearables in education},
}

@inproceedings{Kizilcec:2014:SFV:2556288.2557207,
 author = {Kizilcec, Ren{\'e} F. and Papadopoulos, Kathryn and Sritanyaratana, Lalida},
 title = {Showing Face in Video Instruction: Effects on Information Retention, Visual Attention, and Affect},
 booktitle = {Proceedings of the SIGCHI Conference on Human Factors in Computing Systems},
 series = {CHI '14},
 year = {2014},
 isbn = {978-1-4503-2473-1},
 location = {Toronto, Ontario, Canada},
 pages = {2095--2102},
 numpages = {8},
 url = {http://doi.acm.org/10.1145/2556288.2557207},
 doi = {10.1145/2556288.2557207},
 acmid = {2557207},
 publisher = {ACM},
 address = {New York, NY, USA},
 keywords = {audiovisual instruction, eye-tracking, multimedia learning},
}

@inproceedings{Kizilcec:2014:SFV:2611528.2557207,
 author = {Kizilcec, Ren{\'e} F. and Papadopoulos, Kathryn and Sritanyaratana, Lalida},
 title = {Showing Face in Video Instruction: Effects on Information Retention, Visual Attention, and Affect},
 booktitle = {Proceedings of the 32Nd Annual ACM Conference on Human Factors in Computing Systems},
 series = {CHI '14},
 year = {2014},
 isbn = {978-1-4503-2473-1},
 location = {Toronto, Ontario, Canada},
 pages = {2095--2102},
 numpages = {8},
 url = {http://doi.acm.org/10.1145/2556288.2557207},
 doi = {10.1145/2556288.2557207},
 acmid = {2557207},
 publisher = {ACM},
 address = {New York, NY, USA},
 keywords = {audiovisual instruction, eye-tracking, multimedia learning},
}

@inproceedings{DesPortes:2016:BRB:2930674.2930708,
 author = {DesPortes, Kayla and Anupam, Aditya and Pathak, Neeti and DiSalvo, Betsy},
 title = {BitBlox: A Redesign of the Breadboard},
 booktitle = {Proceedings of the The 15th International Conference on Interaction Design and Children},
 series = {IDC '16},
 year = {2016},
 isbn = {978-1-4503-4313-8},
 location = {Manchester, United Kingdom},
 pages = {255--261},
 numpages = {7},
 url = {http://doi.acm.org/10.1145/2930674.2930708},
 doi = {10.1145/2930674.2930708},
 acmid = {2930708},
 publisher = {ACM},
 address = {New York, NY, USA},
 keywords = {Electrical circuits, design, education, microcontroller},
}

@article{Garner:2004:UCR:1026487.1008115,
 author = {Garner, Stuart},
 title = {The Use of a Code Restructuring Tool in the Learning of Programming},
 journal = {SIGCSE Bull.},
 issue_date = {September 2004},
 volume = {36},
 number = {3},
 month = jun,
 year = {2004},
 issn = {0097-8418},
 pages = {277--277},
 numpages = {1},
 url = {http://doi.acm.org/10.1145/1026487.1008115},
 doi = {10.1145/1026487.1008115},
 acmid = {1008115},
 publisher = {ACM},
 address = {New York, NY, USA},
 keywords = {completion method, learning, programming},
}

@inproceedings{Garner:2004:UCR:1007996.1008115,
 author = {Garner, Stuart},
 title = {The Use of a Code Restructuring Tool in the Learning of Programming},
 booktitle = {Proceedings of the 9th Annual SIGCSE Conference on Innovation and Technology in Computer Science Education},
 series = {ITiCSE '04},
 year = {2004},
 isbn = {1-58113-836-9},
 location = {Leeds, United Kingdom},
 pages = {277--277},
 numpages = {1},
 url = {http://doi.acm.org/10.1145/1007996.1008115},
 doi = {10.1145/1007996.1008115},
 acmid = {1008115},
 publisher = {ACM},
 address = {New York, NY, USA},
 keywords = {completion method, learning, programming},
}

@inproceedings{Kaunang:2019:PSP:3306500.3306529,
 author = {Kaunang, Sumenge Tangkawarouw Godion and Pertiwi, Junita Maja},
 title = {Portray of Student Preference on e-Learning Complex Course Based on Gender},
 booktitle = {Proceedings of the 10th International Conference on E-Education, E-Business, E-Management and E-Learning},
 series = {IC4E '19},
 year = {2019},
 isbn = {978-1-4503-6602-1},
 location = {Tokyo, Japan},
 pages = {23--27},
 numpages = {5},
 url = {http://doi.acm.org/10.1145/3306500.3306529},
 doi = {10.1145/3306500.3306529},
 acmid = {3306529},
 publisher = {ACM},
 address = {New York, NY, USA},
 keywords = {Indonesia, cognitive load theory, connected knowing, e-learning method, separated knowing, way of knowing},
}

@inproceedings{Morrison:2017:DMC:3105726.3106191,
 author = {Morrison, Briana B.},
 title = {Dual Modality Code Explanations for Novices: Unexpected Results},
 booktitle = {Proceedings of the 2017 ACM Conference on International Computing Education Research},
 series = {ICER '17},
 year = {2017},
 isbn = {978-1-4503-4968-0},
 location = {Tacoma, Washington, USA},
 pages = {226--235},
 numpages = {10},
 url = {http://doi.acm.org/10.1145/3105726.3106191},
 doi = {10.1145/3105726.3106191},
 acmid = {3106191},
 publisher = {ACM},
 address = {New York, NY, USA},
 keywords = {cognitive load, live coding, modality},
}

@inproceedings{Brusilovsky:2014:IAS:2713609.2713611,
 author = {Brusilovsky, Peter and Edwards, Stephen and Kumar, Amruth and Malmi, Lauri and Benotti, Luciana and Buck, Duane and Ihantola, Petri and Prince, Rikki and Sirki\"{a}, Teemu and Sosnovsky, Sergey and Urquiza, Jaime and Vihavainen, Arto and Wollowski, Michael},
 title = {Increasing Adoption of Smart Learning Content for Computer Science Education},
 booktitle = {Proceedings of the Working Group Reports of the 2014 on Innovation \&\#38; Technology in Computer Science Education Conference},
 series = {ITiCSE-WGR '14},
 year = {2014},
 isbn = {978-1-4503-3406-8},
 location = {Uppsala, Sweden},
 pages = {31--57},
 numpages = {27},
 url = {http://doi.acm.org/10.1145/2713609.2713611},
 doi = {10.1145/2713609.2713611},
 acmid = {2713611},
 publisher = {ACM},
 address = {New York, NY, USA},
 keywords = {classroom management, computer science education, dissemination, educational research, educational tools, intelligent tutoring systems, smart learning content, teaching with technology, technology adoption, technology integration},
}

@inproceedings{Chen:2018:UEG:3178158.3178188,
 author = {Chen, Yang},
 title = {Understanding How Educational Gamification Impacts Users' Behavior: A Theoretical Analysis},
 booktitle = {Proceedings of the 6th International Conference on Information and Education Technology},
 series = {ICIET '18},
 year = {2018},
 isbn = {978-1-4503-5359-5},
 location = {Osaka, Japan},
 pages = {154--159},
 numpages = {6},
 url = {http://doi.acm.org/10.1145/3178158.3178188},
 doi = {10.1145/3178158.3178188},
 acmid = {3178188},
 publisher = {ACM},
 address = {New York, NY, USA},
 keywords = {behavior, gamification, motivation, theory of planned behavior},
}

@inproceedings{Mills:2017:PYT:3027385.3027431,
 author = {Mills, Caitlin and Fridman, Igor and Soussou, Walid and Waghray, Disha and Olney, Andrew M. and D'Mello, Sidney K.},
 title = {Put Your Thinking Cap on: Detecting Cognitive Load Using EEG During Learning},
 booktitle = {Proceedings of the Seventh International Learning Analytics \&\#38; Knowledge Conference},
 series = {LAK '17},
 year = {2017},
 isbn = {978-1-4503-4870-6},
 location = {Vancouver, British Columbia, Canada},
 pages = {80--89},
 numpages = {10},
 url = {http://doi.acm.org/10.1145/3027385.3027431},
 doi = {10.1145/3027385.3027431},
 acmid = {3027431},
 publisher = {ACM},
 address = {New York, NY, USA},
 keywords = {EEG, cognitive load, engagement, intelligent tutoring systems},
}

@inproceedings{Morrison:2013:UCL:2493394.2493425,
 author = {Morrison, Briana B.},
 title = {Using Cognitive Load Theory to Improve the Efficiency of Learning to Program},
 booktitle = {Proceedings of the Ninth Annual International ACM Conference on International Computing Education Research},
 series = {ICER '13},
 year = {2013},
 isbn = {978-1-4503-2243-0},
 location = {San Diego, San California, USA},
 pages = {183--184},
 numpages = {2},
 url = {http://doi.acm.org/10.1145/2493394.2493425},
 doi = {10.1145/2493394.2493425},
 acmid = {2493425},
 publisher = {ACM},
 address = {New York, NY, USA},
 keywords = {multi-medium code explanation, worked examples.},
}

@inproceedings{Wu:2018:DCL:3178158.3178177,
 author = {Wu, Chun-Ping and Chen, Yu-Chi and Wu, Shu-ling},
 title = {Development of a Collaborative Learning Space for Student Generated-question Strategy},
 booktitle = {Proceedings of the 6th International Conference on Information and Education Technology},
 series = {ICIET '18},
 year = {2018},
 isbn = {978-1-4503-5359-5},
 location = {Osaka, Japan},
 pages = {102--105},
 numpages = {4},
 url = {http://doi.acm.org/10.1145/3178158.3178177},
 doi = {10.1145/3178158.3178177},
 acmid = {3178177},
 publisher = {ACM},
 address = {New York, NY, USA},
 keywords = {collaborative learning, student generated-question, web-based system design},
}

@inproceedings{Morrison:2015:CSD:2787622.2787744,
 author = {Morrison, Briana B.},
 title = {Computer Science Is Different!: Educational Psychology Experiments Do Not Reliably Replicate in Programming Domain},
 booktitle = {Proceedings of the Eleventh Annual International Conference on International Computing Education Research},
 series = {ICER '15},
 year = {2015},
 isbn = {978-1-4503-3630-7},
 location = {Omaha, Nebraska, USA},
 pages = {267--268},
 numpages = {2},
 url = {http://doi.acm.org/10.1145/2787622.2787744},
 doi = {10.1145/2787622.2787744},
 acmid = {2787744},
 publisher = {ACM},
 address = {New York, NY, USA},
 keywords = {multi-modality code explanation, subgoal labels, worked examples},
}

@inproceedings{Morrison:2014:MCL:2632320.2632348,
 author = {Morrison, Briana B. and Dorn, Brian and Guzdial, Mark},
 title = {Measuring Cognitive Load in Introductory CS: Adaptation of an Instrument},
 booktitle = {Proceedings of the Tenth Annual Conference on International Computing Education Research},
 series = {ICER '14},
 year = {2014},
 isbn = {978-1-4503-2755-8},
 location = {Glasgow, Scotland, United Kingdom},
 pages = {131--138},
 numpages = {8},
 url = {http://doi.acm.org/10.1145/2632320.2632348},
 doi = {10.1145/2632320.2632348},
 acmid = {2632348},
 publisher = {ACM},
 address = {New York, NY, USA},
 keywords = {cognitive load theory, confirmatory factor analysis, measuring cognitive load, survey},
}

@inproceedings{Zhi:2019:EIW:3287324.3287385,
 author = {Zhi, Rui and Price, Thomas W. and Marwan, Samiha and Milliken, Alexandra and Barnes, Tiffany and Chi, Min},
 title = {Exploring the Impact of Worked Examples in a Novice Programming Environment},
 booktitle = {Proceedings of the 50th ACM Technical Symposium on Computer Science Education},
 series = {SIGCSE '19},
 year = {2019},
 isbn = {978-1-4503-5890-3},
 location = {Minneapolis, MN, USA},
 pages = {98--104},
 numpages = {7},
 url = {http://doi.acm.org/10.1145/3287324.3287385},
 doi = {10.1145/3287324.3287385},
 acmid = {3287385},
 publisher = {ACM},
 address = {New York, NY, USA},
 keywords = {cognitive load, novice programming, worked examples},
}

@inproceedings{Patitsas:2013:CCD:2493394.2493409,
 author = {Patitsas, Elizabeth and Craig, Michelle and Easterbrook, Steve},
 title = {Comparing and Contrasting Different Algorithms Leads to Increased Student Learning},
 booktitle = {Proceedings of the Ninth Annual International ACM Conference on International Computing Education Research},
 series = {ICER '13},
 year = {2013},
 isbn = {978-1-4503-2243-0},
 location = {San Diego, San California, USA},
 pages = {145--152},
 numpages = {8},
 url = {http://doi.acm.org/10.1145/2493394.2493409},
 doi = {10.1145/2493394.2493409},
 acmid = {2493409},
 publisher = {ACM},
 address = {New York, NY, USA},
 keywords = {computer science education, cs2, worked examples},
}

@inproceedings{Tirronen:2012:DEL:2401796.2401805,
 author = {Tirronen, Ville and Isom\"{o}tt\"{o}nen, Ville},
 title = {On the Design of Effective Learning Materials for Supporting Self-directed Learning of Programming},
 booktitle = {Proceedings of the 12th Koli Calling International Conference on Computing Education Research},
 series = {Koli Calling '12},
 year = {2012},
 isbn = {978-1-4503-1795-5},
 location = {Koli, Finland},
 pages = {74--82},
 numpages = {9},
 url = {http://doi.acm.org/10.1145/2401796.2401805},
 doi = {10.1145/2401796.2401805},
 acmid = {2401805},
 publisher = {ACM},
 address = {New York, NY, USA},
 keywords = {cognitive load theory, functional programming, programming education, self-direction},
}

@inproceedings{Malmi:2014:TUC:2632320.2632358,
 author = {Malmi, Lauri and Sheard, Judy and Simon and Bednarik, Roman and Helminen, Juha and Kinnunen, P\"{a}ivi and Korhonen, Ari and Myller, Niko and Sorva, Juha and Taherkhani, Ahmad},
 title = {Theoretical Underpinnings of Computing Education Research: What is the Evidence?},
 booktitle = {Proceedings of the Tenth Annual Conference on International Computing Education Research},
 series = {ICER '14},
 year = {2014},
 isbn = {978-1-4503-2755-8},
 location = {Glasgow, Scotland, United Kingdom},
 pages = {27--34},
 numpages = {8},
 url = {http://doi.acm.org/10.1145/2632320.2632358},
 doi = {10.1145/2632320.2632358},
 acmid = {2632358},
 publisher = {ACM},
 address = {New York, NY, USA},
 keywords = {classifying publications, computing education, research methods},
}

@inproceedings{DesPortes:2016:LCP:2960310.2960349,
 author = {DesPortes, Kayla},
 title = {Learning and Collaboration in Physical Computing},
 booktitle = {Proceedings of the 2016 ACM Conference on International Computing Education Research},
 series = {ICER '16},
 year = {2016},
 isbn = {978-1-4503-4449-4},
 location = {Melbourne, VIC, Australia},
 pages = {283--284},
 numpages = {2},
 url = {http://doi.acm.org/10.1145/2960310.2960349},
 doi = {10.1145/2960310.2960349},
 acmid = {2960349},
 publisher = {ACM},
 address = {New York, NY, USA},
 keywords = {cognitive load theory, distributed cognition, physical computing},
}

@inproceedings{Baniassad:2018:MLS:3183377.3183392,
 author = {Baniassad, Elisa},
 title = {Making the Liskov Substitution Principle Happy and Sad},
 booktitle = {Proceedings of the 40th International Conference on Software Engineering: Software Engineering Education and Training},
 series = {ICSE-SEET '18},
 year = {2018},
 isbn = {978-1-4503-5660-2},
 location = {Gothenburg, Sweden},
 pages = {17--20},
 numpages = {4},
 url = {http://doi.acm.org/10.1145/3183377.3183392},
 doi = {10.1145/3183377.3183392},
 acmid = {3183392},
 publisher = {ACM},
 address = {New York, NY, USA},
 keywords = {software engineering education},
}

@inproceedings{Fowler:2018:PPG:3241815.3241862,
 author = {Fowler, Allan and Ni, Xuelei (Sherry) and Preston, Jon},
 title = {The Pedagogical Potential of Game Jams},
 booktitle = {Proceedings of the 19th Annual SIG Conference on Information Technology Education},
 series = {SIGITE '18},
 year = {2018},
 isbn = {978-1-4503-5954-2},
 location = {Fort Lauderdale, Florida, USA},
 pages = {112--116},
 numpages = {5},
 url = {http://doi.acm.org/10.1145/3241815.3241862},
 doi = {10.1145/3241815.3241862},
 acmid = {3241862},
 publisher = {ACM},
 address = {New York, NY, USA},
 keywords = {computing education, experiential learning, game jam, hackathon, learning, pedagogy},
}

@inproceedings{Petersen:2011:RCE:1953163.1953340,
 author = {Petersen, Andrew and Craig, Michelle and Zingaro, Daniel},
 title = {Reviewing CS1 Exam Question Content},
 booktitle = {Proceedings of the 42Nd ACM Technical Symposium on Computer Science Education},
 series = {SIGCSE '11},
 year = {2011},
 isbn = {978-1-4503-0500-6},
 location = {Dallas, TX, USA},
 pages = {631--636},
 numpages = {6},
 url = {http://doi.acm.org/10.1145/1953163.1953340},
 doi = {10.1145/1953163.1953340},
 acmid = {1953340},
 publisher = {ACM},
 address = {New York, NY, USA},
 keywords = {CS1, exams, novice programming},
}

@inproceedings{Daungtod:2019:SFC:3306500.3306542,
 author = {Daungtod, Srisuda and Chaijareon, Sumalee},
 title = {A Synthesis Framework of Constructivist via Gamification-based Learning Environments Model to Enhance Self-regulation for Undergraduate Students},
 booktitle = {Proceedings of the 10th International Conference on E-Education, E-Business, E-Management and E-Learning},
 series = {IC4E '19},
 year = {2019},
 isbn = {978-1-4503-6602-1},
 location = {Tokyo, Japan},
 pages = {146--150},
 numpages = {5},
 url = {http://doi.acm.org/10.1145/3306500.3306542},
 doi = {10.1145/3306500.3306542},
 acmid = {3306542},
 publisher = {ACM},
 address = {New York, NY, USA},
 keywords = {constructivist learning environments, gamification, intrinsic motivation, self-regulation},
}

@inproceedings{Gray:2007:SGE:1288580.1288594,
 author = {Gray, Simon and St. Clair, Caroline and James, Richard and Mead, Jerry},
 title = {Suggestions for Graduated Exposure to Programming Concepts Using Fading Worked Examples},
 booktitle = {Proceedings of the Third International Workshop on Computing Education Research},
 series = {ICER '07},
 year = {2007},
 isbn = {978-1-59593-841-1},
 location = {Atlanta, Georgia, USA},
 pages = {99--110},
 numpages = {12},
 url = {http://doi.acm.org/10.1145/1288580.1288594},
 doi = {10.1145/1288580.1288594},
 acmid = {1288594},
 publisher = {ACM},
 address = {New York, NY, USA},
 keywords = {cognitive load theory, fading worked examples},
}

@inproceedings{Sorva:2014:RDF:2674683.2674690,
 author = {Sorva, Juha and Sepp\"{a}l\"{a}, Otto},
 title = {Research-based Design of the First Weeks of CS1},
 booktitle = {Proceedings of the 14th Koli Calling International Conference on Computing Education Research},
 series = {Koli Calling '14},
 year = {2014},
 isbn = {978-1-4503-3065-7},
 location = {Koli, Finland},
 pages = {71--80},
 numpages = {10},
 url = {http://doi.acm.org/10.1145/2674683.2674690},
 doi = {10.1145/2674683.2674690},
 acmid = {2674690},
 publisher = {ACM},
 address = {New York, NY, USA},
 keywords = {CS1, cognitive load, instructional design, notional machines, objects early, program visualization, project-driven learning},
}

@inproceedings{Park:2016:EVC:2896387.2896419,
 author = {Park, Seyoung and Lee, Jae-Gil and Kim, So-Jeong and Shin, Dong-Hee},
 title = {The Effect of Visual Cueing in 3D Animations for Learning Procedural-manipulative Tasks: From the Perspective of Cognitive Load Theory},
 booktitle = {Proceedings of the International Conference on Internet of Things and Cloud Computing},
 series = {ICC '16},
 year = {2016},
 isbn = {978-1-4503-4063-2},
 location = {Cambridge, United Kingdom},
 pages = {34:1--34:4},
 articleno = {34},
 numpages = {4},
 url = {http://doi.acm.org/10.1145/2896387.2896419},
 doi = {10.1145/2896387.2896419},
 acmid = {2896419},
 publisher = {ACM},
 address = {New York, NY, USA},
 keywords = {3D animation, cognitive load theory, multimedia learning, procedural-manipulative task, transient information effect, visual cueing},
}

@inproceedings{Muller:2005:POI:1089786.1089792,
 author = {Muller, Orna},
 title = {Pattern Oriented Instruction and the Enhancement of Analogical Reasoning},
 booktitle = {Proceedings of the First International Workshop on Computing Education Research},
 series = {ICER '05},
 year = {2005},
 isbn = {1-59593-043-4},
 location = {Seattle, WA, USA},
 pages = {57--67},
 numpages = {11},
 url = {http://doi.acm.org/10.1145/1089786.1089792},
 doi = {10.1145/1089786.1089792},
 acmid = {1089792},
 publisher = {ACM},
 address = {New York, NY, USA},
 keywords = {analogical reasoning, instructional design, pattern oriented instruction, problem solving},
}

@inproceedings{Samonte:2019:AGS:3313950.3313968,
 author = {Samonte, Mary Jane C. and Guce, Frances Casey D. and Peraja, Janina Mikaela P. and Sambile, Gwynel Daniel V.},
 title = {Assistive Gamification and Speech Recognition E-tutor System for Speech Impaired Students},
 booktitle = {Proceedings of the 2Nd International Conference on Image and Graphics Processing},
 series = {ICIGP '19},
 year = {2019},
 isbn = {978-1-4503-6092-0},
 location = {Singapore, Singapore},
 pages = {37--41},
 numpages = {5},
 url = {http://doi.acm.org/10.1145/3313950.3313968},
 doi = {10.1145/3313950.3313968},
 acmid = {3313968},
 publisher = {ACM},
 address = {New York, NY, USA},
 keywords = {Filipino sign language, assistive technology, e-tutor, gamification, speech recognition},
}

@inproceedings{Knorr:2019:RDC:3314994.3325083,
 author = {Knorr, Edwin M.},
 title = {Reforming a Database Course to Address Cognitive Load by Using Worked Examples},
 booktitle = {Proceedings of the Western Canadian Conference on Computing Education},
 series = {WCCCE '19},
 year = {2019},
 isbn = {978-1-4503-6715-8},
 location = {Calgary, AB, Canada},
 pages = {4:1--4:6},
 articleno = {4},
 numpages = {6},
 url = {http://doi.acm.org/10.1145/3314994.3325083},
 doi = {10.1145/3314994.3325083},
 acmid = {3325083},
 publisher = {ACM},
 address = {New York, NY, USA},
 keywords = {cognitive load, course transformation, database systems, worked examples},
}

@inproceedings{Morrison:2015:SCW:2787622.2787733,
 author = {Morrison, Briana B. and Margulieux, Lauren E. and Guzdial, Mark},
 title = {Subgoals, Context, and Worked Examples in Learning Computing Problem Solving},
 booktitle = {Proceedings of the Eleventh Annual International Conference on International Computing Education Research},
 series = {ICER '15},
 year = {2015},
 isbn = {978-1-4503-3630-7},
 location = {Omaha, Nebraska, USA},
 pages = {21--29},
 numpages = {9},
 url = {http://doi.acm.org/10.1145/2787622.2787733},
 doi = {10.1145/2787622.2787733},
 acmid = {2787733},
 publisher = {ACM},
 address = {New York, NY, USA},
 keywords = {cognitive load, contextual transfer, subgoal labels},
}

@inproceedings{Galasso:2018:PPB:3290511.3290543,
 author = {Galasso, Bruno and Esdras, Dirceu},
 title = {The Production Process of Bilingual Courseware at the National Institute of Education for the Deaf},
 booktitle = {Proceedings of the 10th International Conference on Education Technology and Computers},
 series = {ICETC '18},
 year = {2018},
 isbn = {978-1-4503-6517-8},
 location = {Tokyo, Japan},
 pages = {356--362},
 numpages = {7},
 url = {http://doi.acm.org/10.1145/3290511.3290543},
 doi = {10.1145/3290511.3290543},
 acmid = {3290543},
 publisher = {ACM},
 address = {New York, NY, USA},
 keywords = {bilingualism, courseware, deafness, special education, translation},
}

@inproceedings{Simon:2010:MSD:1839594.1839612,
 author = {Simon, Beth and Clancy, Mike and McCartney, Robert and Morrison, Briana and Richards, Brad and Sanders, Kate},
 title = {Making Sense of Data Structures Exams},
 booktitle = {Proceedings of the Sixth International Workshop on Computing Education Research},
 series = {ICER '10},
 year = {2010},
 isbn = {978-1-4503-0257-9},
 location = {Aarhus, Denmark},
 pages = {97--106},
 numpages = {10},
 url = {http://doi.acm.org/10.1145/1839594.1839612},
 doi = {10.1145/1839594.1839612},
 acmid = {1839612},
 publisher = {ACM},
 address = {New York, NY, USA},
 keywords = {cs2, data structures, exams},
}

@inproceedings{Cooper:2012:IRU:2325296.2325332,
 author = {Cooper, Stephen and Nam, Yoon Jae and Si, Luo},
 title = {Initial Results of Using an Intelligent Tutoring System with Alice},
 booktitle = {Proceedings of the 17th ACM Annual Conference on Innovation and Technology in Computer Science Education},
 series = {ITiCSE '12},
 year = {2012},
 isbn = {978-1-4503-1246-2},
 location = {Haifa, Israel},
 pages = {138--143},
 numpages = {6},
 url = {http://doi.acm.org/10.1145/2325296.2325332},
 doi = {10.1145/2325296.2325332},
 acmid = {2325332},
 publisher = {ACM},
 address = {New York, NY, USA},
 keywords = {alice, intelligent tutoring system, tutorial},
}

@inproceedings{Whalley:2014:QTS:2591708.2591762,
 author = {Whalley, Jacqueline and Kasto, Nadia},
 title = {A Qualitative Think-aloud Study of Novice Programmers' Code Writing Strategies},
 booktitle = {Proceedings of the 2014 Conference on Innovation \&\#38; Technology in Computer Science Education},
 series = {ITiCSE '14},
 year = {2014},
 isbn = {978-1-4503-2833-3},
 location = {Uppsala, Sweden},
 pages = {279--284},
 numpages = {6},
 url = {http://doi.acm.org/10.1145/2591708.2591762},
 doi = {10.1145/2591708.2591762},
 acmid = {2591762},
 publisher = {ACM},
 address = {New York, NY, USA},
 keywords = {novice programmers, schemas, think aloud, vygotsky},
}

@inproceedings{Weng:2017:MTL:3133811.3133812,
 author = {Weng, Ting-sheng and Li, Chien-Kuo and Chao, Mu-Fen},
 title = {Making Textbooks Lively: A Case Study of the Animation of Management Science},
 booktitle = {Proceedings of the 3rd International Conference on Industrial and Business Engineering},
 series = {ICIBE 2017},
 year = {2017},
 isbn = {978-1-4503-5351-9},
 location = {Sapporo, Japan},
 pages = {51--56},
 numpages = {6},
 url = {http://doi.acm.org/10.1145/3133811.3133812},
 doi = {10.1145/3133811.3133812},
 acmid = {3133812},
 publisher = {ACM},
 address = {New York, NY, USA},
 keywords = {App, Blended learning, Dynamic media teaching material, Software integrative application, Textbook, autonomous learner},
}

@inproceedings{Dorn:2011:SSI:2016911.2016927,
 author = {Dorn, Brian},
 title = {ScriptABLE: Supporting Informal Learning with Cases},
 booktitle = {Proceedings of the Seventh International Workshop on Computing Education Research},
 series = {ICER '11},
 year = {2011},
 isbn = {978-1-4503-0829-8},
 location = {Providence, Rhode Island, USA},
 pages = {69--76},
 numpages = {8},
 url = {http://doi.acm.org/10.1145/2016911.2016927},
 doi = {10.1145/2016911.2016927},
 acmid = {2016927},
 publisher = {ACM},
 address = {New York, NY, USA},
 keywords = {end-user programmers, informal computing education, web/graphic design},
}

@inproceedings{Szabo:2014:ECD:2674683.2674691,
 author = {Szabo, Claudia and Falkner, Katrina and Falkner, Nickolas},
 title = {Experiences in Course Design Using Neo-piagetian Theory},
 booktitle = {Proceedings of the 14th Koli Calling International Conference on Computing Education Research},
 series = {Koli Calling '14},
 year = {2014},
 isbn = {978-1-4503-3065-7},
 location = {Koli, Finland},
 pages = {81--90},
 numpages = {10},
 url = {http://doi.acm.org/10.1145/2674683.2674691},
 doi = {10.1145/2674683.2674691},
 acmid = {2674691},
 publisher = {ACM},
 address = {New York, NY, USA},
 keywords = {computer science education, course design, neo-piaget},
}

@inproceedings{Bower:2011:CEC:1999747.1999809,
 author = {Bower, Matt and McIver, Annabelle},
 title = {Continual and Explicit Comparison to Promote Proactive Facilitation During Second Computer Language Learning},
 booktitle = {Proceedings of the 16th Annual Joint Conference on Innovation and Technology in Computer Science Education},
 series = {ITiCSE '11},
 year = {2011},
 isbn = {978-1-4503-0697-3},
 location = {Darmstadt, Germany},
 pages = {218--222},
 numpages = {5},
 url = {http://doi.acm.org/10.1145/1999747.1999809},
 doi = {10.1145/1999747.1999809},
 acmid = {1999809},
 publisher = {ACM},
 address = {New York, NY, USA},
 keywords = {c++, java, pedagogy, proactive facilitation, second language},
}

@inproceedings{Muller:2007:PII:1268784.1268830,
 author = {Muller, Orna and Ginat, David and Haberman, Bruria},
 title = {Pattern-oriented Instruction and Its Influence on Problem Decomposition and Solution Construction},
 booktitle = {Proceedings of the 12th Annual SIGCSE Conference on Innovation and Technology in Computer Science Education},
 series = {ITiCSE '07},
 year = {2007},
 isbn = {978-1-59593-610-3},
 location = {Dundee, Scotland},
 pages = {151--155},
 numpages = {5},
 url = {http://doi.acm.org/10.1145/1268784.1268830},
 doi = {10.1145/1268784.1268830},
 acmid = {1268830},
 publisher = {ACM},
 address = {New York, NY, USA},
 keywords = {algorithmic patterns, pattern-oriented instruction, problem decomposition, problem solving},
}

@article{Muller:2007:PII:1269900.1268830,
 author = {Muller, Orna and Ginat, David and Haberman, Bruria},
 title = {Pattern-oriented Instruction and Its Influence on Problem Decomposition and Solution Construction},
 journal = {SIGCSE Bull.},
 issue_date = {September 2007},
 volume = {39},
 number = {3},
 month = jun,
 year = {2007},
 issn = {0097-8418},
 pages = {151--155},
 numpages = {5},
 url = {http://doi.acm.org/10.1145/1269900.1268830},
 doi = {10.1145/1269900.1268830},
 acmid = {1268830},
 publisher = {ACM},
 address = {New York, NY, USA},
 keywords = {algorithmic patterns, pattern-oriented instruction, problem decomposition, problem solving},
}

@inproceedings{Kumar:2013:MRT:2445196.2445352,
 author = {Kumar, Amruth N.},
 title = {A Mid-career Review of Teaching Computer Science I},
 booktitle = {Proceeding of the 44th ACM Technical Symposium on Computer Science Education},
 series = {SIGCSE '13},
 year = {2013},
 isbn = {978-1-4503-1868-6},
 location = {Denver, Colorado, USA},
 pages = {531--536},
 numpages = {6},
 url = {http://doi.acm.org/10.1145/2445196.2445352},
 doi = {10.1145/2445196.2445352},
 acmid = {2445352},
 publisher = {ACM},
 address = {New York, NY, USA},
 keywords = {assessment, computer science I, pedagogy, problem-solving, professional practices, program design},
}

@article{Reardon:2014:SSL:2698235.2677089,
 author = {Reardon, Susan and Tangney, Brendan},
 title = {Smartphones, Studio-Based Learning, and Scaffolding: Helping Novices Learn to Program},
 journal = {Trans. Comput. Educ.},
 issue_date = {February 2015},
 volume = {14},
 number = {4},
 month = dec,
 year = {2014},
 issn = {1946-6226},
 pages = {23:1--23:15},
 articleno = {23},
 numpages = {15},
 url = {http://doi.acm.org/10.1145/2677089},
 doi = {10.1145/2677089},
 acmid = {2677089},
 publisher = {ACM},
 address = {New York, NY, USA},
 keywords = {Smartphones, contextualized learning},
}

@inproceedings{Murphy:2012:AEP:2361276.2361299,
 author = {Murphy, Laurie and Fitzgerald, Sue and Lister, Raymond and McCauley, Ren{\'e}e},
 title = {Ability to 'Explain in Plain English' Linked to Proficiency in Computer-based Programming},
 booktitle = {Proceedings of the Ninth Annual International Conference on International Computing Education Research},
 series = {ICER '12},
 year = {2012},
 isbn = {978-1-4503-1604-0},
 location = {Auckland, New Zealand},
 pages = {111--118},
 numpages = {8},
 url = {http://doi.acm.org/10.1145/2361276.2361299},
 doi = {10.1145/2361276.2361299},
 acmid = {2361299},
 publisher = {ACM},
 address = {New York, NY, USA},
 keywords = {computer science education research, explain in plain english, mixed methods, novice programmers, qualitative research methods, solo},
}

@article{Guzdial:2015:WBW:2728770.2714488,
 author = {Guzdial, Mark},
 title = {What's the Best Way to Teach Computer Science to Beginners?},
 journal = {Commun. ACM},
 issue_date = {February 2015},
 volume = {58},
 number = {2},
 month = jan,
 year = {2015},
 issn = {0001-0782},
 pages = {12--13},
 numpages = {2},
 url = {http://doi.acm.org/10.1145/2714488},
 doi = {10.1145/2714488},
 acmid = {2714488},
 publisher = {ACM},
 address = {New York, NY, USA},
}

@inproceedings{Bouvier:2016:NPP:3024906.3024912,
 author = {Bouvier, Dennis and Lovellette, Ellie and Matta, John and Alshaigy, Bedour and Becker, Brett A. and Craig, Michelle and Jackova, Jana and McCartney, Robert and Sanders, Kate and Zarb, Mark},
 title = {Novice Programmers and the Problem Description Effect},
 booktitle = {Proceedings of the 2016 ITiCSE Working Group Reports},
 series = {ITiCSE '16},
 year = {2016},
 isbn = {978-1-4503-4882-9},
 location = {Arequipa, Peru},
 pages = {103--118},
 numpages = {16},
 url = {http://doi.acm.org/10.1145/3024906.3024912},
 doi = {10.1145/3024906.3024912},
 acmid = {3024912},
 publisher = {ACM},
 address = {New York, NY, USA},
 keywords = {CS1, context, novice programmers},
}

@article{Isomottonen:2013:TPE:2483710.2483711,
 author = {Isom\"{o}tt\"{o}nen, Ville and Tirronen, Ville},
 title = {Teaching Programming by Emphasizing Self-direction: How Did Students React to the Active Role Required of Them?},
 journal = {Trans. Comput. Educ.},
 issue_date = {June 2013},
 volume = {13},
 number = {2},
 month = jul,
 year = {2013},
 issn = {1946-6226},
 pages = {6:1--6:21},
 articleno = {6},
 numpages = {21},
 url = {http://doi.acm.org/10.1145/2483710.2483711},
 doi = {10.1145/2483710.2483711},
 acmid = {2483711},
 publisher = {ACM},
 address = {New York, NY, USA},
 keywords = {Self-direction, programming education},
}

@inproceedings{Morgan:2018:CCS:3293881.3295777,
 author = {Morgan, Michael and Butler, Matthew and Sinclair, Jane and Gonsalvez, Christabel and Thota, Neena},
 title = {Contrasting CS Student and Academic Perspectives and Experiences of Student Engagement},
 booktitle = {Proceedings Companion of the 23rd Annual ACM Conference on Innovation and Technology in Computer Science Education},
 series = {ITiCSE 2018 Companion},
 year = {2018},
 isbn = {978-1-4503-6223-8},
 location = {Larnaca, Cyprus},
 pages = {1--35},
 numpages = {35},
 url = {http://doi.acm.org/10.1145/3293881.3295777},
 doi = {10.1145/3293881.3295777},
 acmid = {3295777},
 publisher = {ACM},
 address = {New York, NY, USA},
 keywords = {Computer Science, National Benchmarks, Student Engagement, Student Experiences},
}

@inproceedings{Mishra:2014:ESI:2591708.2591733,
 author = {Mishra, Shitanshu and Balan, Sudeesh and Iyer, Sridhar and Murthy, Sahana},
 title = {Effect of a 2-week Scratch Intervention in CS1 on Learners with Varying Prior Knowledge},
 booktitle = {Proceedings of the 2014 Conference on Innovation \&\#38; Technology in Computer Science Education},
 series = {ITiCSE '14},
 year = {2014},
 isbn = {978-1-4503-2833-3},
 location = {Uppsala, Sweden},
 pages = {45--50},
 numpages = {6},
 url = {http://doi.acm.org/10.1145/2591708.2591733},
 doi = {10.1145/2591708.2591733},
 acmid = {2591733},
 publisher = {ACM},
 address = {New York, NY, USA},
 keywords = {advance learners, cs1, novice learners, scratch intervention},
}

@inproceedings{Mason:2012:WBJ:2483716.2483738,
 author = {Mason, Raina and Cooper, Graham},
 title = {Why the Bottom 10% Just Can'T Do It: Mental Effort Measures and Implication for Introductory Programming Courses},
 booktitle = {Proceedings of the Fourteenth Australasian Computing Education Conference - Volume 123},
 series = {ACE '12},
 year = {2012},
 isbn = {978-1-921770-04-3},
 location = {Melbourne, Australia},
 pages = {187--196},
 numpages = {10},
 url = {http://dl.acm.org/citation.cfm?id=2483716.2483738},
 acmid = {2483738},
 publisher = {Australian Computer Society, Inc.},
 address = {Darlinghurst, Australia, Australia},
 keywords = {Australian university courses, cognition, cognitive load, introductory programming, mental effort measures, pedagogy, programming success},
}

@inproceedings{Patitsas:2012:ECL:2157136.2157318,
 author = {Patitsas, Elizabeth Ann and Wolfman, Steven Andrew},
 title = {Effective Closed Labs in Early CS Courses: Lessons from Eight Terms of Action Research},
 booktitle = {Proceedings of the 43rd ACM Technical Symposium on Computer Science Education},
 series = {SIGCSE '12},
 year = {2012},
 isbn = {978-1-4503-1098-7},
 location = {Raleigh, North Carolina, USA},
 pages = {637--642},
 numpages = {6},
 url = {http://doi.acm.org/10.1145/2157136.2157318},
 doi = {10.1145/2157136.2157318},
 acmid = {2157318},
 publisher = {ACM},
 address = {New York, NY, USA},
 keywords = {computer science education, curriculum development, curriculum evaluation, labs, survey, teaching assistants},
}

@article{Isomottonen:2016:FBA:3003827.2934697,
 author = {Isom\"{o}tt\"{o}nen, Ville and Tirronen, Ville},
 title = {Flipping and Blending\&Mdash;An Action Research Project on Improving a Functional Programming Course},
 journal = {Trans. Comput. Educ.},
 issue_date = {January 2017},
 volume = {17},
 number = {1},
 month = sep,
 year = {2016},
 issn = {1946-6226},
 pages = {1:1--1:35},
 articleno = {1},
 numpages = {35},
 url = {http://doi.acm.org/10.1145/2934697},
 doi = {10.1145/2934697},
 acmid = {2934697},
 publisher = {ACM},
 address = {New York, NY, USA},
 keywords = {Action research, blended learning, flipped classroom, functional programming, independent study},
}

@inproceedings{Kinnunen:2010:EPA:1839594.1839609,
 author = {Kinnunen, Paivi and Simon, Beth},
 title = {Experiencing Programming Assignments in CS1: The Emotional Toll},
 booktitle = {Proceedings of the Sixth International Workshop on Computing Education Research},
 series = {ICER '10},
 year = {2010},
 isbn = {978-1-4503-0257-9},
 location = {Aarhus, Denmark},
 pages = {77--86},
 numpages = {10},
 url = {http://doi.acm.org/10.1145/1839594.1839609},
 doi = {10.1145/1839594.1839609},
 acmid = {1839609},
 publisher = {ACM},
 address = {New York, NY, USA},
 keywords = {cs1, emotion, novice programmers, retention},
}

@article{Mead:2006:CAI:1189136.1189185,
 author = {Mead, Jerry and Gray, Simon and Hamer, John and James, Richard and Sorva, Juha and Clair, Caroline St. and Thomas, Lynda},
 title = {A Cognitive Approach to Identifying Measurable Milestones for Programming Skill Acquisition},
 journal = {SIGCSE Bull.},
 issue_date = {December 2006},
 volume = {38},
 number = {4},
 month = jun,
 year = {2006},
 issn = {0097-8418},
 pages = {182--194},
 numpages = {13},
 url = {http://doi.acm.org/10.1145/1189136.1189185},
 doi = {10.1145/1189136.1189185},
 acmid = {1189185},
 publisher = {ACM},
 address = {New York, NY, USA},
 keywords = {CS1, cognitive approaches, curricular planning, programming},
}

@inproceedings{Mead:2006:CAI:1189215.1189185,
 author = {Mead, Jerry and Gray, Simon and Hamer, John and James, Richard and Sorva, Juha and Clair, Caroline St. and Thomas, Lynda},
 title = {A Cognitive Approach to Identifying Measurable Milestones for Programming Skill Acquisition},
 booktitle = {Working Group Reports on ITiCSE on Innovation and Technology in Computer Science Education},
 series = {ITiCSE-WGR '06},
 year = {2006},
 isbn = {1-59593-603-3},
 location = {Bologna, Italy},
 pages = {182--194},
 numpages = {13},
 url = {http://doi.acm.org/10.1145/1189215.1189185},
 doi = {10.1145/1189215.1189185},
 acmid = {1189185},
 publisher = {ACM},
 address = {New York, NY, USA},
 keywords = {CS1, cognitive approaches, curricular planning, programming},
}

@inproceedings{Antle:2011:TUD:1999030.1999032,
 author = {Antle, Alissa N. and Wise, Alyssa F. and Nielsen, Kristine},
 title = {Towards Utopia: Designing Tangibles for Learning},
 booktitle = {Proceedings of the 10th International Conference on Interaction Design and Children},
 series = {IDC '11},
 year = {2011},
 isbn = {978-1-4503-0751-2},
 location = {Ann Arbor, Michigan},
 pages = {11--20},
 numpages = {10},
 url = {http://doi.acm.org/10.1145/1999030.1999032},
 doi = {10.1145/1999030.1999032},
 acmid = {1999032},
 publisher = {ACM},
 address = {New York, NY, USA},
 keywords = {children, design, learning, sustainability, sustainability education, tangible computing, tangible user interfaces},
}

@article{Lister:2011:CER:1963533.1963539,
 author = {Lister, Raymond},
 title = {COMPUTING EDUCATION RESEARCH: Programming, Syntax and Cognitive Load},
 journal = {ACM Inroads},
 issue_date = {June 2011},
 volume = {2},
 number = {2},
 month = jun,
 year = {2011},
 issn = {2153-2184},
 pages = {21--22},
 numpages = {2},
 url = {http://doi.acm.org/10.1145/1963533.1963539},
 doi = {10.1145/1963533.1963539},
 acmid = {1963539},
 publisher = {ACM},
 address = {New York, NY, USA},
}

@inproceedings{Marcellis:2018:DBC:3279720.3279739,
 author = {Marcellis, Marco and Barendsen, Erik and van Merri\"{e}nboer, Jeroen},
 title = {Designing a Blended Course in Android App Development Using 4C/ID},
 booktitle = {Proceedings of the 18th Koli Calling International Conference on Computing Education Research},
 series = {Koli Calling '18},
 year = {2018},
 isbn = {978-1-4503-6535-2},
 location = {Koli, Finland},
 pages = {19:1--19:5},
 articleno = {19},
 numpages = {5},
 url = {http://doi.acm.org/10.1145/3279720.3279739},
 doi = {10.1145/3279720.3279739},
 acmid = {3279739},
 publisher = {ACM},
 address = {New York, NY, USA},
 keywords = {4C/ID, Android app development, Blended Learning},
}

@article{Sorva:2013:RGP:2543488.2490822,
 author = {Sorva, Juha and Karavirta, Ville and Malmi, Lauri},
 title = {A Review of Generic Program Visualization Systems for Introductory Programming Education},
 journal = {Trans. Comput. Educ.},
 issue_date = {November 2013},
 volume = {13},
 number = {4},
 month = nov,
 year = {2013},
 issn = {1946-6226},
 pages = {15:1--15:64},
 articleno = {15},
 numpages = {64},
 url = {http://doi.acm.org/10.1145/2490822},
 doi = {10.1145/2490822},
 acmid = {2490822},
 publisher = {ACM},
 address = {New York, NY, USA},
 keywords = {CS1, Introductory programming education, engagement taxonomy, literature review, notional machine, program dynamics, program visualization, software visualization},
}

@inproceedings{Sweller:2008:EBH:1404520.1404521,
 author = {Sweller, John},
 title = {Evolutionary Bases of Human Cognitive Architecture: Implications for Computing Education},
 booktitle = {Proceedings of the Fourth International Workshop on Computing Education Research},
 series = {ICER '08},
 year = {2008},
 isbn = {978-1-60558-216-0},
 location = {Sydney, Australia},
 pages = {1--2},
 numpages = {2},
 url = {http://doi.acm.org/10.1145/1404520.1404521},
 doi = {10.1145/1404520.1404521},
 acmid = {1404521},
 publisher = {ACM},
 address = {New York, NY, USA},
 keywords = {cognition, cognitive load theory, instruction},
}

@inproceedings{Herold:2014:LTA:2662253.2662303,
 author = {H{\'e}rold, Jean-Fran\c{c}ois},
 title = {Learning with an IT Tool: Analysis of the Student's Activity},
 booktitle = {Proceedings of the XV International Conference on Human Computer Interaction},
 series = {Interacci\&\#243;n '14},
 year = {2014},
 isbn = {978-1-4503-2880-7},
 location = {Puerto de la Cruz, Tenerife, Spain},
 pages = {50:1--50:4},
 articleno = {50},
 numpages = {4},
 url = {http://doi.acm.org/10.1145/2662253.2662303},
 doi = {10.1145/2662253.2662303},
 acmid = {2662303},
 publisher = {ACM},
 address = {New York, NY, USA},
 keywords = {Analysis of activity, Cognitive load theory, Information Technology, Interaction, Learning},
}

@inproceedings{Mason:2016:FAC:2960310.2960321,
 author = {Mason, Raina and Simon and Cooper, Graham and Wilks, Barry},
 title = {Flipping the Assessment of Cognitive Load: Why and How},
 booktitle = {Proceedings of the 2016 ACM Conference on International Computing Education Research},
 series = {ICER '16},
 year = {2016},
 isbn = {978-1-4503-4449-4},
 location = {Melbourne, VIC, Australia},
 pages = {43--52},
 numpages = {10},
 url = {http://doi.acm.org/10.1145/2960310.2960321},
 doi = {10.1145/2960310.2960321},
 acmid = {2960321},
 publisher = {ACM},
 address = {New York, NY, USA},
 keywords = {cognitive load theory, computing education, mobile apps, programming education},
}

@inproceedings{Morrison:2016:LLR:2960310.2960330,
 author = {Morrison, Briana B. and Decker, Adrienne and Margulieux, Lauren E.},
 title = {Learning Loops: A Replication Study Illuminates Impact of HS Courses},
 booktitle = {Proceedings of the 2016 ACM Conference on International Computing Education Research},
 series = {ICER '16},
 year = {2016},
 isbn = {978-1-4503-4449-4},
 location = {Melbourne, VIC, Australia},
 pages = {221--230},
 numpages = {10},
 url = {http://doi.acm.org/10.1145/2960310.2960330},
 doi = {10.1145/2960310.2960330},
 acmid = {2960330},
 publisher = {ACM},
 address = {New York, NY, USA},
 keywords = {design, experimentation, measurement},
}

@article{Armoni:2011:CSC:1963533.1963540,
 author = {Armoni, Michal},
 title = {COMPUTING IN SCHOOLS: CS Contests for Students: Why and How?},
 journal = {ACM Inroads},
 issue_date = {June 2011},
 volume = {2},
 number = {2},
 month = jun,
 year = {2011},
 issn = {2153-2184},
 pages = {22--23},
 numpages = {2},
 url = {http://doi.acm.org/10.1145/1963533.1963540},
 doi = {10.1145/1963533.1963540},
 acmid = {1963540},
 publisher = {ACM},
 address = {New York, NY, USA},
}

@inproceedings{Whitney:2019:COC:3287324.3287347,
 author = {Whitney, Michael and Dallas, Bryan},
 title = {Captioning Online Course Videos: An Investigation into Knowledge Retention and Student Perception},
 booktitle = {Proceedings of the 50th ACM Technical Symposium on Computer Science Education},
 series = {SIGCSE '19},
 year = {2019},
 isbn = {978-1-4503-5890-3},
 location = {Minneapolis, MN, USA},
 pages = {511--517},
 numpages = {7},
 url = {http://doi.acm.org/10.1145/3287324.3287347},
 doi = {10.1145/3287324.3287347},
 acmid = {3287347},
 publisher = {ACM},
 address = {New York, NY, USA},
 keywords = {captions, computing education, online instruction, subtitles},
}

@inproceedings{Duran:2018:TID:3230977.3231007,
 author = {Duran, Rodrigo},
 title = {Towards an Instructional Design of Complex Learning in Introductory Programming Courses},
 booktitle = {Proceedings of the 2018 ACM Conference on International Computing Education Research},
 series = {ICER '18},
 year = {2018},
 isbn = {978-1-4503-5628-2},
 location = {Espoo, Finland},
 pages = {262--263},
 numpages = {2},
 url = {http://doi.acm.org/10.1145/3230977.3231007},
 doi = {10.1145/3230977.3231007},
 acmid = {3231007},
 publisher = {ACM},
 address = {New York, NY, USA},
 keywords = {cognitive load theory, complexity, model of hierarchical complexity, plan-composition strategies, program cognitive complexity},
}

@inproceedings{Leonard:2018:ESU:3241815.3241877,
 author = {Leonard, Blessing and Vincenti, Giovanni},
 title = {Evaluating Simpler User Interfaces for Computer Programming Educational Tools},
 booktitle = {Proceedings of the 19th Annual SIG Conference on Information Technology Education},
 series = {SIGITE '18},
 year = {2018},
 isbn = {978-1-4503-5954-2},
 location = {Fort Lauderdale, Florida, USA},
 pages = {153--153},
 numpages = {1},
 url = {http://doi.acm.org/10.1145/3241815.3241877},
 doi = {10.1145/3241815.3241877},
 acmid = {3241877},
 publisher = {ACM},
 address = {New York, NY, USA},
 keywords = {computer programming, e-learning, education},
}

@inproceedings{Nelson:2018:UTC:3230977.3230992,
 author = {Nelson, Greg L. and Ko, Andrew J.},
 title = {On Use of Theory in Computing Education Research},
 booktitle = {Proceedings of the 2018 ACM Conference on International Computing Education Research},
 series = {ICER '18},
 year = {2018},
 isbn = {978-1-4503-5628-2},
 location = {Espoo, Finland},
 pages = {31--39},
 numpages = {9},
 url = {http://doi.acm.org/10.1145/3230977.3230992},
 doi = {10.1145/3230977.3230992},
 acmid = {3230992},
 publisher = {ACM},
 address = {New York, NY, USA},
 keywords = {cognitive load theory, design, design science, domain-specific theory, peer review, publication bias, theory},
}

@inproceedings{Lowe:2019:ENP:3304221.3319775,
 author = {Lowe, Tony},
 title = {Explaining Novice Programmer's Struggles, in Two Parts: Revisiting the ITiCSE 2004 Working Group's Study Using Dual Process Theory},
 booktitle = {Proceedings of the 2019 ACM Conference on Innovation and Technology in Computer Science Education},
 series = {ITiCSE '19},
 year = {2019},
 isbn = {978-1-4503-6301-3},
 location = {Aberdeen, Scotland Uk},
 pages = {30--36},
 numpages = {7},
 url = {http://doi.acm.org/10.1145/3304221.3319775},
 doi = {10.1145/3304221.3319775},
 acmid = {3319775},
 publisher = {ACM},
 address = {New York, NY, USA},
 keywords = {computer science, dual process theory, education, fragile knowledge, programming, tracing},
}

@inproceedings{Skudder:2014:WEC:2667490.2667497,
 author = {Skudder, Ben and Luxton-Reilly, Andrew},
 title = {Worked Examples in Computer Science},
 booktitle = {Proceedings of the Sixteenth Australasian Computing Education Conference - Volume 148},
 series = {ACE '14},
 year = {2014},
 isbn = {978-1-921770-31-9},
 location = {Auckland, New Zealand},
 pages = {59--64},
 numpages = {6},
 url = {http://dl.acm.org/citation.cfm?id=2667490.2667497},
 acmid = {2667497},
 publisher = {Australian Computer Society, Inc.},
 address = {Darlinghurst, Australia, Australia},
 keywords = {cognition, cognitive load theory, learning, worked examples},
}

@inproceedings{Lovellette:2017:JNI:3017680.3017726,
 author = {Lovellette, Ellie and Matta, John and Bouvier, Dennis and Frye, Roger},
 title = {Just the Numbers: An Investigation of Contextualization of Problems for Novice Programmers},
 booktitle = {Proceedings of the 2017 ACM SIGCSE Technical Symposium on Computer Science Education},
 series = {SIGCSE '17},
 year = {2017},
 isbn = {978-1-4503-4698-6},
 location = {Seattle, Washington, USA},
 pages = {393--398},
 numpages = {6},
 url = {http://doi.acm.org/10.1145/3017680.3017726},
 doi = {10.1145/3017680.3017726},
 acmid = {3017726},
 publisher = {ACM},
 address = {New York, NY, USA},
 keywords = {CS1, novice programming, problem solving, rainfall, soloway},
}

@inproceedings{Morrison:2016:SHS:2839509.2844617,
 author = {Morrison, Briana B. and Margulieux, Lauren E. and Ericson, Barbara and Guzdial, Mark},
 title = {Subgoals Help Students Solve Parsons Problems},
 booktitle = {Proceedings of the 47th ACM Technical Symposium on Computing Science Education},
 series = {SIGCSE '16},
 year = {2016},
 isbn = {978-1-4503-3685-7},
 location = {Memphis, Tennessee, USA},
 pages = {42--47},
 numpages = {6},
 url = {http://doi.acm.org/10.1145/2839509.2844617},
 doi = {10.1145/2839509.2844617},
 acmid = {2844617},
 publisher = {ACM},
 address = {New York, NY, USA},
 keywords = {cognitive load, contextual transfer, parsons problem, subgoal labels},
}

@inproceedings{Melo:2014:AMD:2643604.2643605,
 author = {Melo, M\'{a}rio and Miranda, Guilhermina Lobato},
 title = {Applying the 4C-ID Model to the Design of a Digital Educational Resource for Teaching Electric Circuits: Effects on Student Achievement},
 booktitle = {Proceedings of the 2014 Workshop on Interaction Design in Educational Environments},
 series = {IDEE '14},
 year = {2014},
 isbn = {978-1-4503-3034-3},
 location = {Albacete, Spain},
 pages = {8:8--8:14},
 articleno = {8},
 numpages = {7},
 url = {http://doi.acm.org/10.1145/2643604.2643605},
 doi = {10.1145/2643604.2643605},
 acmid = {2643605},
 publisher = {ACM},
 address = {New York, NY, USA},
 keywords = {4C-ID model, Digital educational resources, Electric circuits, Instructional design \& technology, Learning environments, Multimedia educational messages},
}

@article{Miller:2011:PDM:2048931.2048933,
 author = {Miller, Craig S. and Settle, Amber},
 title = {When Practice Doesn\&Rsquo;T Make Perfect: Effects of Task Goals on Learning Computing Concepts},
 journal = {ACM Trans. Comput. Educ.},
 issue_date = {November 2011},
 volume = {11},
 number = {4},
 month = nov,
 year = {2011},
 issn = {1946-6226},
 pages = {22:1--22:16},
 articleno = {22},
 numpages = {16},
 url = {http://doi.acm.org/10.1145/2048931.2048933},
 doi = {10.1145/2048931.2048933},
 acmid = {2048933},
 publisher = {ACM},
 address = {New York, NY, USA},
 keywords = {Computational thinking, Web development, file referencing, tree structures},
}

@article{Thomas:2001:OSS:507758.377661,
 author = {Thomas, Pete and Logan, Kit},
 title = {Observational Studies of Student Errors in a Distance Learning Environment Using a Remote Recording and Replay Tool},
 journal = {SIGCSE Bull.},
 issue_date = {Sept. 2001},
 volume = {33},
 number = {3},
 month = jun,
 year = {2001},
 issn = {0097-8418},
 pages = {117--120},
 numpages = {4},
 url = {http://doi.acm.org/10.1145/507758.377661},
 doi = {10.1145/507758.377661},
 acmid = {377661},
 publisher = {ACM},
 address = {New York, NY, USA},
}

@inproceedings{Thomas:2001:OSS:377435.377661,
 author = {Thomas, Pete and Logan, Kit},
 title = {Observational Studies of Student Errors in a Distance Learning Environment Using a Remote Recording and Replay Tool},
 booktitle = {Proceedings of the 6th Annual Conference on Innovation and Technology in Computer Science Education},
 series = {ITiCSE '01},
 year = {2001},
 isbn = {1-58113-330-8},
 location = {Canterbury, United Kingdom},
 pages = {117--120},
 numpages = {4},
 url = {http://doi.acm.org/10.1145/377435.377661},
 doi = {10.1145/377435.377661},
 acmid = {377661},
 publisher = {ACM},
 address = {New York, NY, USA},
}

@inproceedings{Duran:2018:TAP:3230977.3230986,
 author = {Duran, Rodrigo and Sorva, Juha and Leite, Sofia},
 title = {Towards an Analysis of Program Complexity From a Cognitive Perspective},
 booktitle = {Proceedings of the 2018 ACM Conference on International Computing Education Research},
 series = {ICER '18},
 year = {2018},
 isbn = {978-1-4503-5628-2},
 location = {Espoo, Finland},
 pages = {21--30},
 numpages = {10},
 url = {http://doi.acm.org/10.1145/3230977.3230986},
 doi = {10.1145/3230977.3230986},
 acmid = {3230986},
 publisher = {ACM},
 address = {New York, NY, USA},
 keywords = {cognitive load theory, complexity, model of hierarchical complexity, plan-composition strategies, program cognitive complexity},
}

@inproceedings{Xie:2018:ESS:3159450.3159527,
 author = {Xie, Benjamin and Nelson, Greg L. and Ko, Andrew J.},
 title = {An Explicit Strategy to Scaffold Novice Program Tracing},
 booktitle = {Proceedings of the 49th ACM Technical Symposium on Computer Science Education},
 series = {SIGCSE '18},
 year = {2018},
 isbn = {978-1-4503-5103-4},
 location = {Baltimore, Maryland, USA},
 pages = {344--349},
 numpages = {6},
 url = {http://doi.acm.org/10.1145/3159450.3159527},
 doi = {10.1145/3159450.3159527},
 acmid = {3159527},
 publisher = {ACM},
 address = {New York, NY, USA},
 keywords = {instructional intervention, program tracing, sketching, think-aloud},
}

@inproceedings{Shayo:2008:RTA:1355238.1355266,
 author = {Shayo, Conrad},
 title = {The Role of Technology and Authentic Task Contexts in Promoting Inclusive Learning for Disabled and Non-disabled College Students},
 booktitle = {Proceedings of the 2008 ACM SIGMIS CPR Conference on Computer Personnel Doctoral Consortium and Research},
 series = {SIGMIS CPR '08},
 year = {2008},
 isbn = {978-1-60558-069-2},
 location = {Charlottesville, VA, USA},
 pages = {109--111},
 numpages = {3},
 url = {http://doi.acm.org/10.1145/1355238.1355266},
 doi = {10.1145/1355238.1355266},
 acmid = {1355266},
 publisher = {ACM},
 address = {New York, NY, USA},
 keywords = {assessment, authentic task contexts, guided learning, learning processes, multimedia technology, universal design for learning},
}

@inproceedings{Klopp:2018:UCI:3209087.3209089,
 author = {Klopp, Marco and Gold-Veerkamp, Carolin and Stegmann, Patricia and Abke, Joerg},
 title = {Using Competency-Oriented Instructional Tasks for Internal Differentiation in Informatics},
 booktitle = {Proceedings of the 3rd European Conference of Software Engineering Education},
 series = {ECSEE'18},
 year = {2018},
 isbn = {978-1-4503-6383-9},
 location = {Seeon/ Bavaria, Germany},
 pages = {26--33},
 numpages = {8},
 url = {http://doi.acm.org/10.1145/3209087.3209089},
 doi = {10.1145/3209087.3209089},
 acmid = {3209089},
 publisher = {ACM},
 address = {New York, NY, USA},
 keywords = {Competencies, Heterogeneity, Instructional task, Scaffolding, Taxonomy},
}

@inproceedings{Griffin:2016:LTA:2978192.2978231,
 author = {Griffin, Jean M.},
 title = {Learning by Taking Apart: Deconstructing Code by Reading, Tracing, and Debugging},
 booktitle = {Proceedings of the 17th Annual Conference on Information Technology Education},
 series = {SIGITE '16},
 year = {2016},
 isbn = {978-1-4503-4452-4},
 location = {Boston, Massachusetts, USA},
 pages = {148--153},
 numpages = {6},
 url = {http://doi.acm.org/10.1145/2978192.2978231},
 doi = {10.1145/2978192.2978231},
 acmid = {2978231},
 publisher = {ACM},
 address = {New York, NY, USA},
 keywords = {constructionism, cs0, cs1, debugging, deconstructionism, worked examples},
}

@article{Zhang:2015:IEF:2742853.2700515,
 author = {Zhang, Yulei (Gavin) and Dang, Yan (Mandy)},
 title = {Investigating Essential Factors on Students' Perceived Accomplishment and Enjoyment and Intention to Learn in Web Development},
 journal = {Trans. Comput. Educ.},
 issue_date = {March 2015},
 volume = {15},
 number = {1},
 month = mar,
 year = {2015},
 issn = {1946-6226},
 pages = {3:1--3:21},
 articleno = {3},
 numpages = {21},
 url = {http://doi.acm.org/10.1145/2700515},
 doi = {10.1145/2700515},
 acmid = {2700515},
 publisher = {ACM},
 address = {New York, NY, USA},
 keywords = {Web development, instructor-related factors, intention to learn, perceived accomplishment, perceived enjoyment, student-related factors},
}

@inproceedings{Margulieux:2012:SIM:2361276.2361291,
 author = {Margulieux, Lauren E. and Guzdial, Mark and Catrambone, Richard},
 title = {Subgoal-labeled Instructional Material Improves Performance and Transfer in Learning to Develop Mobile Applications},
 booktitle = {Proceedings of the Ninth Annual International Conference on International Computing Education Research},
 series = {ICER '12},
 year = {2012},
 isbn = {978-1-4503-1604-0},
 location = {Auckland, New Zealand},
 pages = {71--78},
 numpages = {8},
 url = {http://doi.acm.org/10.1145/2361276.2361291},
 doi = {10.1145/2361276.2361291},
 acmid = {2361291},
 publisher = {ACM},
 address = {New York, NY, USA},
 keywords = {cognitive load, educational videos, instructional text, mental models, subgoal learning},
}

@inproceedings{Larmuseau:2019:MDU:3303772.3303778,
 author = {Larmuseau, Charlotte and Vanneste, Pieter and Desmet, Piet and Depaepe, Fien},
 title = {Multichannel Data for Understanding Cognitive Affordances During Complex Problem Solving},
 booktitle = {Proceedings of the 9th International Conference on Learning Analytics \& Knowledge},
 series = {LAK19},
 year = {2019},
 isbn = {978-1-4503-6256-6},
 location = {Tempe, AZ, USA},
 pages = {61--70},
 numpages = {10},
 url = {http://doi.acm.org/10.1145/3303772.3303778},
 doi = {10.1145/3303772.3303778},
 acmid = {3303778},
 publisher = {ACM},
 address = {New York, NY, USA},
 keywords = {Cognitive load, complex problem solving, online measurements, physiological data, strategy use, virtual learning environments},
}

@inproceedings{Sharma:2014:UTM:2643572.2643584,
 author = {Sharma, Ankur and Hawkey, Kirstie},
 title = {Understanding the Tradeoffs of Mobile Device Output Modalities in Just-in-time Learning of Mechanical Tasks},
 booktitle = {Proceedings of the 2014 Mulitmedia, Interaction, Design and Innovation International Conference on Multimedia, Interaction, Design and Innovation},
 series = {MIDI '14},
 year = {2014},
 isbn = {978-1-4503-2779-4},
 location = {Warsaw, Poland},
 pages = {12:1--12:10},
 articleno = {12},
 numpages = {10},
 url = {http://doi.acm.org/10.1145/2643572.2643584},
 doi = {10.1145/2643572.2643584},
 acmid = {2643584},
 publisher = {ACM},
 address = {New York, NY, USA},
 keywords = {Multi-media-interface, cognitive load, just-in-time learning, mobile device},
}

@article{Hubwieser:2012:CSE:2382564.2382568,
 author = {Hubwieser, Peter},
 title = {Computer Science Education in Secondary Schools -- The Introduction of a New Compulsory Subject},
 journal = {Trans. Comput. Educ.},
 issue_date = {November 2012},
 volume = {12},
 number = {4},
 month = nov,
 year = {2012},
 issn = {1946-6226},
 pages = {16:1--16:41},
 articleno = {16},
 numpages = {41},
 url = {http://doi.acm.org/10.1145/2382564.2382568},
 doi = {10.1145/2382564.2382568},
 acmid = {2382568},
 publisher = {ACM},
 address = {New York, NY, USA},
 keywords = {Compulsory subject, Darmstadt model, object-oriented modeling and programming, objects-first},
}

@inproceedings{Zhi:2018:EIS:3159450.3159519,
 author = {Zhi, Rui and Lytle, Nicholas and Price, Thomas W.},
 title = {Exploring Instructional Support Design in an Educational Game for K-12 Computing Education},
 booktitle = {Proceedings of the 49th ACM Technical Symposium on Computer Science Education},
 series = {SIGCSE '18},
 year = {2018},
 isbn = {978-1-4503-5103-4},
 location = {Baltimore, Maryland, USA},
 pages = {747--752},
 numpages = {6},
 url = {http://doi.acm.org/10.1145/3159450.3159519},
 doi = {10.1145/3159450.3159519},
 acmid = {3159519},
 publisher = {ACM},
 address = {New York, NY, USA},
 keywords = {cognitive load theory, debugging, instructional support, programming game, worked examples},
}

@article{Pedroni:2007:FDC:1269900.1268824,
 author = {Pedroni, Michela and Oriol, Manuel and Meyer, Bertrand},
 title = {A Framework for Describing and Comparing Courses and Curricula},
 journal = {SIGCSE Bull.},
 issue_date = {September 2007},
 volume = {39},
 number = {3},
 month = jun,
 year = {2007},
 issn = {0097-8418},
 pages = {131--135},
 numpages = {5},
 url = {http://doi.acm.org/10.1145/1269900.1268824},
 doi = {10.1145/1269900.1268824},
 acmid = {1268824},
 publisher = {ACM},
 address = {New York, NY, USA},
 keywords = {course comparison, curriculum design, knowledge modeling},
}

@inproceedings{Pedroni:2007:FDC:1268784.1268824,
 author = {Pedroni, Michela and Oriol, Manuel and Meyer, Bertrand},
 title = {A Framework for Describing and Comparing Courses and Curricula},
 booktitle = {Proceedings of the 12th Annual SIGCSE Conference on Innovation and Technology in Computer Science Education},
 series = {ITiCSE '07},
 year = {2007},
 isbn = {978-1-59593-610-3},
 location = {Dundee, Scotland},
 pages = {131--135},
 numpages = {5},
 url = {http://doi.acm.org/10.1145/1268784.1268824},
 doi = {10.1145/1268784.1268824},
 acmid = {1268824},
 publisher = {ACM},
 address = {New York, NY, USA},
 keywords = {course comparison, curriculum design, knowledge modeling},
}

@inproceedings{Ericson:2017:SPP:3141880.3141895,
 author = {Ericson, Barbara J. and Margulieux, Lauren E. and Rick, Jochen},
 title = {Solving Parsons Problems Versus Fixing and Writing Code},
 booktitle = {Proceedings of the 17th Koli Calling International Conference on Computing Education Research},
 series = {Koli Calling '17},
 year = {2017},
 isbn = {978-1-4503-5301-4},
 location = {Koli, Finland},
 pages = {20--29},
 numpages = {10},
 url = {http://doi.acm.org/10.1145/3141880.3141895},
 doi = {10.1145/3141880.3141895},
 acmid = {3141895},
 publisher = {ACM},
 address = {New York, NY, USA},
 keywords = {assessment, code-competition problems, cognitive load, parsons problems, parsons programming puzzles},
}

@inproceedings{Larmuseau:2018:ISC:3170358.3170363,
 author = {Larmuseau, Charlotte and Elen, Jan and Depaepe, Fien},
 title = {The Influence of Students' Cognitive and Motivational Characteristics on Students' Use of a 4C/ID-based Online Learning Environment and Their Learning Gain},
 booktitle = {Proceedings of the 8th International Conference on Learning Analytics and Knowledge},
 series = {LAK '18},
 year = {2018},
 isbn = {978-1-4503-6400-3},
 location = {Sydney, New South Wales, Australia},
 pages = {171--180},
 numpages = {10},
 url = {http://doi.acm.org/10.1145/3170358.3170363},
 doi = {10.1145/3170358.3170363},
 acmid = {3170363},
 publisher = {ACM},
 address = {New York, NY, USA},
 keywords = {adaptive learning, instructional design, online learning},
}

@inproceedings{Malmi:2010:CRC:1839594.1839597,
 author = {Malmi, Lauri and Sheard, Judy and Simon and Bednarik, Roman and Helminen, Juha and Korhonen, Ari and Myller, Niko and Sorva, Juha and Taherkhani, Ahmad},
 title = {Characterizing Research in Computing Education: A Preliminary Analysis of the Literature},
 booktitle = {Proceedings of the Sixth International Workshop on Computing Education Research},
 series = {ICER '10},
 year = {2010},
 isbn = {978-1-4503-0257-9},
 location = {Aarhus, Denmark},
 pages = {3--12},
 numpages = {10},
 url = {http://doi.acm.org/10.1145/1839594.1839597},
 doi = {10.1145/1839594.1839597},
 acmid = {1839597},
 publisher = {ACM},
 address = {New York, NY, USA},
 keywords = {classifying publications, computing education, research methods},
}

@inproceedings{Hornung:2011:PCT:2094131.2094163,
 author = {Hornung, Malte and Schulte, Carsten},
 title = {ProspectiveTeachers@Research: CS Teacher Education Revised},
 booktitle = {Proceedings of the 11th Koli Calling International Conference on Computing Education Research},
 series = {Koli Calling '11},
 year = {2011},
 isbn = {978-1-4503-1052-9},
 location = {Koli, Finland},
 pages = {138--143},
 numpages = {6},
 url = {http://doi.acm.org/10.1145/2094131.2094163},
 doi = {10.1145/2094131.2094163},
 acmid = {2094163},
 publisher = {ACM},
 address = {New York, NY, USA},
 keywords = {CS, CS Ed research, educational research, pedagogy, school lab, teacher education},
}

@article{Goldweber:2013:FES:2432596.2432616,
 author = {Goldweber, Michael and Barr, John and Clear, Tony and Davoli, Renzo and Mann, Samuel and Patitsas, Elizabeth and Portnoff, Scott},
 title = {A Framework for Enhancing the Social Good in Computing Education: A Values Approach},
 journal = {ACM Inroads},
 issue_date = {March 2013},
 volume = {4},
 number = {1},
 month = mar,
 year = {2013},
 issn = {2153-2184},
 pages = {58--79},
 numpages = {22},
 url = {http://doi.acm.org/10.1145/2432596.2432616},
 doi = {10.1145/2432596.2432616},
 acmid = {2432616},
 publisher = {ACM},
 address = {New York, NY, USA},
 keywords = {computing for the social good, introductory programming projects},
}

@inproceedings{Schneider:2015:PTY:2818346.2830603,
 author = {Schneider, Jan and B\"{o}rner, Dirk and van Rosmalen, Peter and Specht, Marcus},
 title = {Presentation Trainer, Your Public Speaking Multimodal Coach},
 booktitle = {Proceedings of the 2015 ACM on International Conference on Multimodal Interaction},
 series = {ICMI '15},
 year = {2015},
 isbn = {978-1-4503-3912-4},
 location = {Seattle, Washington, USA},
 pages = {539--546},
 numpages = {8},
 url = {http://doi.acm.org/10.1145/2818346.2830603},
 doi = {10.1145/2818346.2830603},
 acmid = {2830603},
 publisher = {ACM},
 address = {New York, NY, USA},
 keywords = {immediate feedback, multimodal interfaces, presentation training., public speaking, sensors},
}

@inproceedings{Cunningham:2017:UTS:3105726.3106190,
 author = {Cunningham, Kathryn and Blanchard, Sarah and Ericson, Barbara and Guzdial, Mark},
 title = {Using Tracing and Sketching to Solve Programming Problems: Replicating and Extending an Analysis of What Students Draw},
 booktitle = {Proceedings of the 2017 ACM Conference on International Computing Education Research},
 series = {ICER '17},
 year = {2017},
 isbn = {978-1-4503-4968-0},
 location = {Tacoma, Washington, USA},
 pages = {164--172},
 numpages = {9},
 url = {http://doi.acm.org/10.1145/3105726.3106190},
 doi = {10.1145/3105726.3106190},
 acmid = {3106190},
 publisher = {ACM},
 address = {New York, NY, USA},
 keywords = {cs1, distributed cognition, notional machine, novice programmers, sketching, tracing},
}

@inproceedings{McGill:2018:MST:3174781.3174783,
 author = {McGill, Monica M. and Johnson, Chris and Atlas, James and Bouchard, Durell and Messom, Chris and Pollock, Ian and Scott, Michael James},
 title = {If Memory Serves: Towards Designing and Evaluating a Game for Teaching Pointers to Undergraduate Students},
 booktitle = {Proceedings of the 2017 ITiCSE Conference on Working Group Reports},
 series = {ITiCSE-WGR '17},
 year = {2017},
 isbn = {978-1-4503-5627-5},
 location = {Bologna, Italy},
 pages = {25--46},
 numpages = {22},
 url = {http://doi.acm.org/10.1145/3174781.3174783},
 doi = {10.1145/3174781.3174783},
 acmid = {3174783},
 publisher = {ACM},
 address = {New York, NY, USA},
 keywords = {computer memory, design, development, educational, games, learning, pointers, research methods, serious, validation framework},
}

@inproceedings{Guo:2018:NES:3173574.3173970,
 author = {Guo, Philip J.},
 title = {Non-Native English Speakers Learning Computer Programming: Barriers, Desires, and Design Opportunities},
 booktitle = {Proceedings of the 2018 CHI Conference on Human Factors in Computing Systems},
 series = {CHI '18},
 year = {2018},
 isbn = {978-1-4503-5620-6},
 location = {Montreal QC, Canada},
 pages = {396:1--396:14},
 articleno = {396},
 numpages = {14},
 url = {http://doi.acm.org/10.1145/3173574.3173970},
 doi = {10.1145/3173574.3173970},
 acmid = {3173970},
 publisher = {ACM},
 address = {New York, NY, USA},
 keywords = {learning programming, non-native english speakers},
}

@inproceedings{Senske:2017:EIR:3017680.3017750,
 author = {Senske, Nick},
 title = {Evaluation and Impact of a Required Computational Thinking Course for Architecture Students},
 booktitle = {Proceedings of the 2017 ACM SIGCSE Technical Symposium on Computer Science Education},
 series = {SIGCSE '17},
 year = {2017},
 isbn = {978-1-4503-4698-6},
 location = {Seattle, Washington, USA},
 pages = {525--530},
 numpages = {6},
 url = {http://doi.acm.org/10.1145/3017680.3017750},
 doi = {10.1145/3017680.3017750},
 acmid = {3017750},
 publisher = {ACM},
 address = {New York, NY, USA},
 keywords = {architecture (field), computational design, computational thinking, flipped classrooms, media computation, non-majors, peer learning, peer programming},
}

@inproceedings{Seppala:2015:WKD:2828959.2828963,
 author = {Sepp\"{a}l\"{a}, Otto and Ihantola, Petri and Isohanni, Essi and Sorva, Juha and Vihavainen, Arto},
 title = {Do We Know How Difficult the Rainfall Problem is?},
 booktitle = {Proceedings of the 15th Koli Calling Conference on Computing Education Research},
 series = {Koli Calling '15},
 year = {2015},
 isbn = {978-1-4503-4020-5},
 location = {Koli, Finland},
 pages = {87--96},
 numpages = {10},
 url = {http://doi.acm.org/10.1145/2828959.2828963},
 doi = {10.1145/2828959.2828963},
 acmid = {2828963},
 publisher = {ACM},
 address = {New York, NY, USA},
 keywords = {CS1, benchmark, novice programmers, rainfall problem},
}

@inproceedings{Toma:2018:SCL:3230977.3230980,
 author = {Toma, Laura and Vahrenhold, Jan},
 title = {Self-Efficacy, Cognitive Load, and Emotional Reactions in Collaborative Algorithms Labs - A Case Study},
 booktitle = {Proceedings of the 2018 ACM Conference on International Computing Education Research},
 series = {ICER '18},
 year = {2018},
 isbn = {978-1-4503-5628-2},
 location = {Espoo, Finland},
 pages = {1--10},
 numpages = {10},
 url = {http://doi.acm.org/10.1145/3230977.3230980},
 doi = {10.1145/3230977.3230980},
 acmid = {3230980},
 publisher = {ACM},
 address = {New York, NY, USA},
 keywords = {algorithms, computer science education, self-efficacy},
}

@article{Shin:2016:EMD:2954340.2914797,
 author = {Shin, Shin-Shing},
 title = {Evaluation of Model Driven Architecture-Based Instruction for Understanding Phase Transitions in Object-Oriented Analysis and Design},
 journal = {Trans. Comput. Educ.},
 issue_date = {October 2016},
 volume = {16},
 number = {4},
 month = aug,
 year = {2016},
 issn = {1946-6226},
 pages = {17:1--17:21},
 articleno = {17},
 numpages = {21},
 url = {http://doi.acm.org/10.1145/2914797},
 doi = {10.1145/2914797},
 acmid = {2914797},
 publisher = {ACM},
 address = {New York, NY, USA},
 keywords = {Cognitive load theory, model driven architecture, object-oriented analysis and design, phase transition, representation format, split-attention effect},
}

@inproceedings{Hermans:2018:CPE:3196321.3196355,
 author = {Hermans, Felienne and Swidan, Alaaeddin and Aivaloglou, Efthimia},
 title = {Code Phonology: An Exploration into the Vocalization of Code},
 booktitle = {Proceedings of the 26th Conference on Program Comprehension},
 series = {ICPC '18},
 year = {2018},
 isbn = {978-1-4503-5714-2},
 location = {Gothenburg, Sweden},
 pages = {308--311},
 numpages = {4},
 url = {http://doi.acm.org/10.1145/3196321.3196355},
 doi = {10.1145/3196321.3196355},
 acmid = {3196355},
 publisher = {ACM},
 address = {New York, NY, USA},
}

@inproceedings{Kurvinen:2012:CLP:2401796.2401801,
 author = {Kurvinen, Einari and Lind{\'e}n, Rolf and Rajala, Teemu and Kaila, Erkki and Laakso, Mikko-Jussi and Salakoski, Tapio},
 title = {Computer-assisted Learning in Primary School Mathematics Using ViLLE Education Tool},
 booktitle = {Proceedings of the 12th Koli Calling International Conference on Computing Education Research},
 series = {Koli Calling '12},
 year = {2012},
 isbn = {978-1-4503-1795-5},
 location = {Koli, Finland},
 pages = {39--46},
 numpages = {8},
 url = {http://doi.acm.org/10.1145/2401796.2401801},
 doi = {10.1145/2401796.2401801},
 acmid = {2401801},
 publisher = {ACM},
 address = {New York, NY, USA},
 keywords = {ICT in schools, collaborative learning, computer-assisted learning},
}

@inproceedings{Chen:2019:UAP:3304221.3319731,
 author = {Chen, Hui and Ciborowska, Agnieszka and Damevski, Kostadin},
 title = {Using Automated Prompts for Student Reflection on Computer Security Concepts},
 booktitle = {Proceedings of the 2019 ACM Conference on Innovation and Technology in Computer Science Education},
 series = {ITiCSE '19},
 year = {2019},
 isbn = {978-1-4503-6301-3},
 location = {Aberdeen, Scotland Uk},
 pages = {506--512},
 numpages = {7},
 url = {http://doi.acm.org/10.1145/3304221.3319731},
 doi = {10.1145/3304221.3319731},
 acmid = {3319731},
 publisher = {ACM},
 address = {New York, NY, USA},
 keywords = {automated reflection, reflection, reflection prompt},
}

@inproceedings{Li:2019:SEE:3338147.3338156,
 author = {Li, Yinghui},
 title = {Summarization Exercises in E-Interpreting Training},
 booktitle = {Proceedings of the 2019 4th International Conference on Distance Education and Learning},
 series = {ICDEL 2019},
 year = {2019},
 isbn = {978-1-4503-6265-8},
 location = {Shanghai, China},
 pages = {88--92},
 numpages = {5},
 url = {http://doi.acm.org/10.1145/3338147.3338156},
 doi = {10.1145/3338147.3338156},
 acmid = {3338156},
 publisher = {ACM},
 address = {New York, NY, USA},
 keywords = {beginner, intermediate, interpreting performance, interpreting training, student interpreter, summarization},
}

@inproceedings{Chudzicki:2015:LEU:2724660.2728703,
 author = {Chudzicki, Christopher and Pritchard, David E. and Chen, Zhongzhou},
 title = {Learning Experiments Using AB Testing at Scale},
 booktitle = {Proceedings of the Second (2015) ACM Conference on Learning @ Scale},
 series = {L@S '15},
 year = {2015},
 isbn = {978-1-4503-3411-2},
 location = {Vancouver, BC, Canada},
 pages = {405--408},
 numpages = {4},
 url = {http://doi.acm.org/10.1145/2724660.2728703},
 doi = {10.1145/2724660.2728703},
 acmid = {2728703},
 publisher = {ACM},
 address = {New York, NY, USA},
 keywords = {ab experiments, education, mooc, online education},
}

@inproceedings{Apostolellis:2016:AIA:2930674.2930700,
 author = {Apostolellis, Panagiotis and Bowman, Doug A.},
 title = {Audience Involvement and Agency in Digital Games: Effects on Learning, Game Experience, and Social Presence},
 booktitle = {Proceedings of the The 15th International Conference on Interaction Design and Children},
 series = {IDC '16},
 year = {2016},
 isbn = {978-1-4503-4313-8},
 location = {Manchester, United Kingdom},
 pages = {299--310},
 numpages = {12},
 url = {http://doi.acm.org/10.1145/2930674.2930700},
 doi = {10.1145/2930674.2930700},
 acmid = {2930700},
 publisher = {ACM},
 address = {New York, NY, USA},
 keywords = {Audience interaction, co-located collaboration, game-based learning, games, informal learning, virtual environments},
}

@inproceedings{Ericson:2018:EEE:3230977.3231000,
 author = {Ericson, Barbara J. and Foley, James D. and Rick, Jochen},
 title = {Evaluating the Efficiency and Effectiveness of Adaptive Parsons Problems},
 booktitle = {Proceedings of the 2018 ACM Conference on International Computing Education Research},
 series = {ICER '18},
 year = {2018},
 isbn = {978-1-4503-5628-2},
 location = {Espoo, Finland},
 pages = {60--68},
 numpages = {9},
 url = {http://doi.acm.org/10.1145/3230977.3231000},
 doi = {10.1145/3230977.3231000},
 acmid = {3231000},
 publisher = {ACM},
 address = {New York, NY, USA},
 keywords = {adaptive parsons problems, cognitive load, parson's problems, parsons problems, parsons puzzles, zone of proximal development},
}

@inproceedings{Matthews:2017:ESM:3176653.3176691,
 author = {Matthews, R. and Hew, S. H. and Koo, A. C.},
 title = {Empirical Study of Multimedia Learning Object to Enhance Introductory Programming Learning},
 booktitle = {Proceedings of the 2017 International Conference on Information Technology},
 series = {ICIT 2017},
 year = {2017},
 isbn = {978-1-4503-6351-8},
 location = {Singapore, Singapore},
 pages = {212--217},
 numpages = {6},
 url = {http://doi.acm.org/10.1145/3176653.3176691},
 doi = {10.1145/3176653.3176691},
 acmid = {3176691},
 publisher = {ACM},
 address = {New York, NY, USA},
 keywords = {C programming language, Multimedia learning object, content design, novice learners},
}

@inproceedings{Luxton-Reilly:2018:DAD:3174781.3174784,
 author = {Luxton-Reilly, Andrew and Becker, Brett A. and Cao, Yingjun and McDermott, Roger and Mirolo, Claudio and M\"{u}hling, Andreas and Petersen, Andrew and Sanders, Kate and Simon and Whalley, Jacqueline},
 title = {Developing Assessments to Determine Mastery of Programming Fundamentals},
 booktitle = {Proceedings of the 2017 ITiCSE Conference on Working Group Reports},
 series = {ITiCSE-WGR '17},
 year = {2017},
 isbn = {978-1-4503-5627-5},
 location = {Bologna, Italy},
 pages = {47--69},
 numpages = {23},
 url = {http://doi.acm.org/10.1145/3174781.3174784},
 doi = {10.1145/3174781.3174784},
 acmid = {3174784},
 publisher = {ACM},
 address = {New York, NY, USA},
 keywords = {assessment, compound assessment, concept inventory, cs1, exam, introductory programming, iticse working group, learning, learning objectives, learning outcomes, mastery, novice programming, questions},
}

@inproceedings{Fowler:2019:ISI:3287324.3287401,
 author = {Fowler, Megan and Cook, Michelle and Plis, Kevin and Schwab, Tim and Sun, Yu-Shan and Sitaraman, Murali and Hallstrom, Jason O. and Hollingsworth, Joseph E.},
 title = {Impact of Steps, Instruction, and Motivation on Learning Symbolic Reasoning Using an Online Tool},
 booktitle = {Proceedings of the 50th ACM Technical Symposium on Computer Science Education},
 series = {SIGCSE '19},
 year = {2019},
 isbn = {978-1-4503-5890-3},
 location = {Minneapolis, MN, USA},
 pages = {1039--1045},
 numpages = {7},
 url = {http://doi.acm.org/10.1145/3287324.3287401},
 doi = {10.1145/3287324.3287401},
 acmid = {3287401},
 publisher = {ACM},
 address = {New York, NY, USA},
 keywords = {attitudes, correctness, motivation, online tool, symbolic reasoning},
}

@inproceedings{Kostons:2008:EEE:1599936.1599965,
 author = {Kostons, Danny and Van Gog, Tamara and Paas, Fred},
 title = {The Effects of Expertise and an Eye Movement Cue on Self-generated Self-assessment Criteria},
 booktitle = {Proceedings of the 8th International Conference on International Conference for the Learning Sciences - Volume 3},
 series = {ICLS'08},
 year = {2008},
 location = {Utrecht, The Netherlands},
 pages = {61--62},
 numpages = {2},
 url = {http://dl.acm.org/citation.cfm?id=1599936.1599965},
 acmid = {1599965},
 publisher = {International Society of the Learning Sciences},
}

@inproceedings{Kalyuga:1997:CLE:263690.264340,
 author = {Kalyuga, Slava},
 title = {Cognitive Load Effects and Design of Computer Based Instruction (Poster)},
 booktitle = {Proceedings of the Second ACM International Conference on Digital Libraries},
 series = {DL '97},
 year = {1997},
 isbn = {0-89791-868-1},
 location = {Philadelphia, Pennsylvania, USA},
 pages = {260--},
 url = {http://doi.acm.org/10.1145/263690.264340},
 doi = {10.1145/263690.264340},
 acmid = {264340},
 publisher = {ACM},
 address = {New York, NY, USA},
}

@inproceedings{Luxton-Reilly:2018:IPS:3293881.3295779,
 author = {Luxton-Reilly, Andrew and Simon and Albluwi, Ibrahim and Becker, Brett A. and Giannakos, Michail and Kumar, Amruth N. and Ott, Linda and Paterson, James and Scott, Michael James and Sheard, Judy and Szabo, Claudia},
 title = {Introductory Programming: A Systematic Literature Review},
 booktitle = {Proceedings Companion of the 23rd Annual ACM Conference on Innovation and Technology in Computer Science Education},
 series = {ITiCSE 2018 Companion},
 year = {2018},
 isbn = {978-1-4503-6223-8},
 location = {Larnaca, Cyprus},
 pages = {55--106},
 numpages = {52},
 url = {http://doi.acm.org/10.1145/3293881.3295779},
 doi = {10.1145/3293881.3295779},
 acmid = {3295779},
 publisher = {ACM},
 address = {New York, NY, USA},
 keywords = {CS1, ITiCSE working group, SLR, introductory programming, literature review, novice programming, overview, review, systematic literature review, systematic review},
}

@inproceedings{Prangsma:2008:HLT:1599871.1599899,
 author = {Prangsma, Maaike E. and Van Boxtel, Carla A. M. and Kanselaar, Gellof and Kirschner, Paul A.},
 title = {History Learning with Textual or Visual Tasks: Student Dialogue},
 booktitle = {Proceedings of the 8th International Conference on International Conference for the Learning Sciences - Volume 2},
 series = {ICLS'08},
 year = {2008},
 location = {Utrecht, The Netherlands},
 pages = {221--228},
 numpages = {8},
 url = {http://dl.acm.org/citation.cfm?id=1599871.1599899},
 acmid = {1599899},
 publisher = {International Society of the Learning Sciences},
}

@inproceedings{Jin:2016:TES:2978192.2978238,
 author = {Jin, Karen H. and Haynie, Kathleen and Kearns, Gavin},
 title = {Teaching Elementary Students Programming in a Physical Computing Classroom},
 booktitle = {Proceedings of the 17th Annual Conference on Information Technology Education},
 series = {SIGITE '16},
 year = {2016},
 isbn = {978-1-4503-4452-4},
 location = {Boston, Massachusetts, USA},
 pages = {85--90},
 numpages = {6},
 url = {http://doi.acm.org/10.1145/2978192.2978238},
 doi = {10.1145/2978192.2978238},
 acmid = {2978238},
 publisher = {ACM},
 address = {New York, NY, USA},
 keywords = {k-12, physical computing, teaching strategies},
}

@inproceedings{Sohoni:2017:IPE:3017680.3017733,
 author = {Sohoni, Sohum and Craig, Scotty D. and Lu, Shaowen},
 title = {Impact of Prior Exposure to the PLP Instruction Set Architecture in a Computer Architecture Course},
 booktitle = {Proceedings of the 2017 ACM SIGCSE Technical Symposium on Computer Science Education},
 series = {SIGCSE '17},
 year = {2017},
 isbn = {978-1-4503-4698-6},
 location = {Seattle, Washington, USA},
 pages = {555--560},
 numpages = {6},
 url = {http://doi.acm.org/10.1145/3017680.3017733},
 doi = {10.1145/3017680.3017733},
 acmid = {3017733},
 publisher = {ACM},
 address = {New York, NY, USA},
 keywords = {computer architecture, computer science education, courseware, educational technology, engineering education},
}

@inproceedings{Finkelstein:2011:ITC:2047594.2047658,
 author = {Finkelstein, Joseph and Wood, Jeffrey},
 title = {Information Technology for Continuous Patient Health Education},
 booktitle = {Proceedings of the 2011 Conference on Information Technology Education},
 series = {SIGITE '11},
 year = {2011},
 isbn = {978-1-4503-1017-8},
 location = {West Point, New York, USA},
 pages = {245--250},
 numpages = {6},
 url = {http://doi.acm.org/10.1145/2047594.2047658},
 doi = {10.1145/2047594.2047658},
 acmid = {2047658},
 publisher = {ACM},
 address = {New York, NY, USA},
}

@inproceedings{Oviatt:2007:EPI:1599600.1599708,
 author = {Oviatt, Sharon and Arthur, Alexander and Brock, Yaro and Cohen, Julia},
 title = {Expressive Pen-based Interfaces for Math Education},
 booktitle = {Proceedings of the 8th Iternational Conference on Computer Supported Collaborative Learning},
 series = {CSCL'07},
 year = {2007},
 isbn = {978-0-6151-5436-7},
 location = {New Brunswick, New Jersey, USA},
 pages = {573--582},
 numpages = {10},
 url = {http://dl.acm.org/citation.cfm?id=1599600.1599708},
 acmid = {1599708},
 publisher = {International Society of the Learning Sciences},
}

@inproceedings{Cook:2018:EDR:3197091.3197133,
 author = {Cook, Michelle and Fowler, Megan and Hallstrom, Jason O. and Hollingsworth, Joseph E. and Schwab, Tim and Sun, Yu-Shan and Sitaraman, Murali},
 title = {Where Exactly Are the Difficulties in Reasoning Logically About Code? Experimentation with an Online System},
 booktitle = {Proceedings of the 23rd Annual ACM Conference on Innovation and Technology in Computer Science Education},
 series = {ITiCSE 2018},
 year = {2018},
 isbn = {978-1-4503-5707-4},
 location = {Larnaca, Cyprus},
 pages = {39--44},
 numpages = {6},
 url = {http://doi.acm.org/10.1145/3197091.3197133},
 doi = {10.1145/3197091.3197133},
 acmid = {3197133},
 publisher = {ACM},
 address = {New York, NY, USA},
 keywords = {Activities, correctness, logic, online system, reasoning, tool},
}

@inproceedings{Velazquez-Iturbide:2016:MET:2899415.2899451,
 author = {Vel\'{a}zquez-Iturbide, J. \'{A}ngel and Hern\'{a}n-Losada, Isidoro and P{\'e}rez-Carrasco, Antonio},
 title = {A "Multiple Executions" Technique of Visualization},
 booktitle = {Proceedings of the 2016 ACM Conference on Innovation and Technology in Computer Science Education},
 series = {ITiCSE '16},
 year = {2016},
 isbn = {978-1-4503-4231-5},
 location = {Arequipa, Peru},
 pages = {59--64},
 numpages = {6},
 url = {http://doi.acm.org/10.1145/2899415.2899451},
 doi = {10.1145/2899415.2899451},
 acmid = {2899451},
 publisher = {ACM},
 address = {New York, NY, USA},
 keywords = {multiple executions, program visualization, srec system},
}

@inproceedings{Mason:2012:TIP:2483716.2483721,
 author = {Mason, Raina and Cooper, Graham and de Raadt, Michael},
 title = {Trends in Introductory Programming Courses in Australian Universities: Languages, Environments and Pedagogy},
 booktitle = {Proceedings of the Fourteenth Australasian Computing Education Conference - Volume 123},
 series = {ACE '12},
 year = {2012},
 isbn = {978-1-921770-04-3},
 location = {Melbourne, Australia},
 pages = {33--42},
 numpages = {10},
 url = {http://dl.acm.org/citation.cfm?id=2483716.2483721},
 acmid = {2483721},
 publisher = {Australian Computer Society, Inc.},
 address = {Darlinghurst, Australia, Australia},
 keywords = {Australian university courses, census, introductory programming, mental effort measures, programming environments, programming languages, trends},
}

@inproceedings{Seehra:2014:CMM:2593968.2610454,
 author = {Seehra, Jasjeet Singh and Verma, Ansh and Ramani, Karthik},
 title = {ChiroBot: Modularrobotic Manipulation via Spatial Hand Gestures},
 booktitle = {Proceedings of the 2014 Conference on Interaction Design and Children},
 series = {IDC '14},
 year = {2014},
 isbn = {978-1-4503-2272-0},
 location = {Aarhus, Denmark},
 pages = {209--212},
 numpages = {4},
 url = {http://doi.acm.org/10.1145/2593968.2610454},
 doi = {10.1145/2593968.2610454},
 acmid = {2610454},
 publisher = {ACM},
 address = {New York, NY, USA},
 keywords = {constructionism, gestural interface, modular robot, mplayvalue},
}

@inproceedings{Mason:2014:IPC:2667490.2667507,
 author = {Mason, Raina and Cooper, Graham},
 title = {Introductory Programming Courses in Australia and New Zealand in 2013 - Trends and Reasons},
 booktitle = {Proceedings of the Sixteenth Australasian Computing Education Conference - Volume 148},
 series = {ACE '14},
 year = {2014},
 isbn = {978-1-921770-31-9},
 location = {Auckland, New Zealand},
 pages = {139--147},
 numpages = {9},
 url = {http://dl.acm.org/citation.cfm?id=2667490.2667507},
 acmid = {2667507},
 publisher = {Australian Computer Society, Inc.},
 address = {Darlinghurst, Australia, Australia},
 keywords = {Australian university courses, New Zealand university courses, introductory programming, pedagogy, programming environments, programming languages, trends},
}

@inproceedings{Caspersen:2007:IDP:1288580.1288595,
 author = {Caspersen, Michael E. and Bennedsen, Jens},
 title = {Instructional Design of a Programming Course: A Learning Theoretic Approach},
 booktitle = {Proceedings of the Third International Workshop on Computing Education Research},
 series = {ICER '07},
 year = {2007},
 isbn = {978-1-59593-841-1},
 location = {Atlanta, Georgia, USA},
 pages = {111--122},
 numpages = {12},
 url = {http://doi.acm.org/10.1145/1288580.1288595},
 doi = {10.1145/1288580.1288595},
 acmid = {1288595},
 publisher = {ACM},
 address = {New York, NY, USA},
 keywords = {cognition, cognitive apprenticeship, cognitive load theory, instructional design, learning, model-driven programming, object-oriented programming, patternbased approach to programming education, worked examples},
}

@article{Guzdial:2010:TMP:1666420.1666425,
 author = {Guzdial, Mark and Robertson, Judy},
 title = {Too Much Programming Too Soon?},
 journal = {Commun. ACM},
 issue_date = {March 2010},
 volume = {53},
 number = {3},
 month = mar,
 year = {2010},
 issn = {0001-0782},
 pages = {10--11},
 numpages = {2},
 url = {http://doi.acm.org/10.1145/1666420.1666425},
 doi = {10.1145/1666420.1666425},
 acmid = {1666425},
 publisher = {ACM},
 address = {New York, NY, USA},
}

@article{Hu:2013:NSD:2465085.2465103,
 author = {Hu, Chenglie},
 title = {The Nature of Software Design and Its Teaching: An Exposition},
 journal = {ACM Inroads},
 issue_date = {June 2013},
 volume = {4},
 number = {2},
 month = jun,
 year = {2013},
 issn = {2153-2184},
 pages = {62--72},
 numpages = {11},
 url = {http://doi.acm.org/10.1145/2465085.2465103},
 doi = {10.1145/2465085.2465103},
 acmid = {2465103},
 publisher = {ACM},
 address = {New York, NY, USA},
 keywords = {design knowledge, design process, design thinking, software design education},
}

@article{Hundhausen:2017:ILA:3135996.3105759,
 author = {Hundhausen, C. D. and Olivares, D. M. and Carter, A. S.},
 title = {IDE-Based Learning Analytics for Computing Education: A Process Model, Critical Review, and Research Agenda},
 journal = {Trans. Comput. Educ.},
 issue_date = {August 2017},
 volume = {17},
 number = {3},
 month = aug,
 year = {2017},
 issn = {1946-6226},
 pages = {11:1--11:26},
 articleno = {11},
 numpages = {26},
 url = {http://doi.acm.org/10.1145/3105759},
 doi = {10.1145/3105759},
 acmid = {3105759},
 publisher = {ACM},
 address = {New York, NY, USA},
 keywords = {Learning analytics, learning interventions, learning process data},
}

@article{Hundhausen:2017:ILA:3135995.3105759,
 author = {Hundhausen, C. D. and Olivares, D. M. and Carter, A. S.},
 title = {IDE-Based Learning Analytics for Computing Education: A Process Model, Critical Review, and Research Agenda},
 journal = {ACM Trans. Comput. Educ.},
 issue_date = {August 2017},
 volume = {17},
 number = {3},
 month = aug,
 year = {2017},
 issn = {1946-6226},
 pages = {11:1--11:26},
 articleno = {11},
 numpages = {26},
 url = {http://doi.acm.org/10.1145/3105759},
 doi = {10.1145/3105759},
 acmid = {3105759},
 publisher = {ACM},
 address = {New York, NY, USA},
 keywords = {Learning analytics, learning interventions, learning process data},
}

@inproceedings{Weese:2016:MMA:2960310.2960347,
 author = {Weese, Joshua Levi},
 title = {Mixed Methods for the Assessment and Incorporation of Computational Thinking in K-12 and Higher Education},
 booktitle = {Proceedings of the 2016 ACM Conference on International Computing Education Research},
 series = {ICER '16},
 year = {2016},
 isbn = {978-1-4503-4449-4},
 location = {Melbourne, VIC, Australia},
 pages = {279--280},
 numpages = {2},
 url = {http://doi.acm.org/10.1145/2960310.2960347},
 doi = {10.1145/2960310.2960347},
 acmid = {2960347},
 publisher = {ACM},
 address = {New York, NY, USA},
 keywords = {assessment, computational thinking, outreach, self-efficacy},
}

@inproceedings{McArdle:2013:AUS:2541016.2541036,
 author = {McArdle, Eugene and Holdsworth, Jason and Lee, Ickjai},
 title = {Assessing the Usability of Students Object-oriented Language with First-year IT Students: A Case Study},
 booktitle = {Proceedings of the 25th Australian Computer-Human Interaction Conference: Augmentation, Application, Innovation, Collaboration},
 series = {OzCHI '13},
 year = {2013},
 isbn = {978-1-4503-2525-7},
 location = {Adelaide, Australia},
 pages = {181--188},
 numpages = {8},
 url = {http://doi.acm.org/10.1145/2541016.2541036},
 doi = {10.1145/2541016.2541036},
 acmid = {2541036},
 publisher = {ACM},
 address = {New York, NY, USA},
 keywords = {domain-specific, objects-first, pedagogic IDE, programming environments, programming languages},
}

@inproceedings{Hilbert:2008:CML:1599812.1599855,
 author = {Hilbert, Tatjana and N\"{u}ckles, Matthias and Matzel, Sandra},
 title = {Concept Mapping for Learning from Text: Evidence for a Worked-out-map-effect},
 booktitle = {Proceedings of the 8th International Conference on International Conference for the Learning Sciences - Volume 1},
 series = {ICLS'08},
 year = {2008},
 location = {Utrecht, The Netherlands},
 pages = {358--365},
 numpages = {8},
 url = {http://dl.acm.org/citation.cfm?id=1599812.1599855},
 acmid = {1599855},
 publisher = {International Society of the Learning Sciences},
}

@inproceedings{Wolf:2018:CSF:3265757.3265780,
 author = {Wolf, Alexander and Wilhelm-Weidner, Arno and Nestmann, Uwe},
 title = {A Case Study of Flipped Classroom for Automata Theory in Secondary Education},
 booktitle = {Proceedings of the 13th Workshop in Primary and Secondary Computing Education},
 series = {WiPSCE '18},
 year = {2018},
 isbn = {978-1-4503-6588-8},
 location = {Potsdam, Germany},
 pages = {23:1--23:6},
 articleno = {23},
 numpages = {6},
 url = {http://doi.acm.org/10.1145/3265757.3265780},
 doi = {10.1145/3265757.3265780},
 acmid = {3265780},
 publisher = {ACM},
 address = {New York, NY, USA},
 keywords = {FLAT, finite automata, flipped classroom},
}

@inproceedings{Wilhelm-Weidner:2018:STC:3279720.3279734,
 author = {Wilhelm-Weidner, Arno and Bergner, Nadine},
 title = {On Supplementing Theoretical Computer Science Courses Using E-Learning},
 booktitle = {Proceedings of the 18th Koli Calling International Conference on Computing Education Research},
 series = {Koli Calling '18},
 year = {2018},
 isbn = {978-1-4503-6535-2},
 location = {Koli, Finland},
 pages = {14:1--14:10},
 articleno = {14},
 numpages = {10},
 url = {http://doi.acm.org/10.1145/3279720.3279734},
 doi = {10.1145/3279720.3279734},
 acmid = {3279734},
 publisher = {ACM},
 address = {New York, NY, USA},
 keywords = {Blended Learning, E-Learning, Learning Management System, Theoretical Computer Science},
}

@inproceedings{Ramasamy:2018:MDA:3194779.3194790,
 author = {Ramasamy, Vijayalakshmi and Alomari, Hakam W. and Kiper, James D. and Potvin, Geoffrey},
 title = {A Minimally Disruptive Approach of Integrating Testing into Computer Programming Courses},
 booktitle = {Proceedings of the 2Nd International Workshop on Software Engineering Education for Millennials},
 series = {SEEM '18},
 year = {2018},
 isbn = {978-1-4503-5750-0},
 location = {Gothenburg, Sweden},
 pages = {1--7},
 numpages = {7},
 url = {http://doi.acm.org/10.1145/3194779.3194790},
 doi = {10.1145/3194779.3194790},
 acmid = {3194790},
 publisher = {ACM},
 address = {New York, NY, USA},
 keywords = {SEP-CyLE, empirical study, learning objects, management system, software testing concepts and techniques},
}

@article{Struve:2009:VMT:1525840.1525844,
 author = {Struve, Doreen and Wandke, Hartmut},
 title = {Video Modeling for Training Older Adults to Use New Technologies},
 journal = {ACM Trans. Access. Comput.},
 issue_date = {May 2009},
 volume = {2},
 number = {1},
 month = may,
 year = {2009},
 issn = {1936-7228},
 pages = {4:1--4:24},
 articleno = {4},
 numpages = {24},
 url = {http://doi.acm.org/10.1145/1525840.1525844},
 doi = {10.1145/1525840.1525844},
 acmid = {1525844},
 publisher = {ACM},
 address = {New York, NY, USA},
 keywords = {Instruction, guided error training, older adults, self-efficacy, technology use, video modeling},
}

@inproceedings{Okpo:2017:IIP:3079628.3079674,
 author = {Okpo, Juliet and Masthoff, Judith and Dennis, Matt and Beacham, Nigel and Ciocarlan, Ana},
 title = {Investigating the Impact of Personality and Cognitive Efficiency on the Selection of Exercises for Learners},
 booktitle = {Proceedings of the 25th Conference on User Modeling, Adaptation and Personalization},
 series = {UMAP '17},
 year = {2017},
 isbn = {978-1-4503-4635-1},
 location = {Bratislava, Slovakia},
 pages = {140--147},
 numpages = {8},
 url = {http://doi.acm.org/10.1145/3079628.3079674},
 doi = {10.1145/3079628.3079674},
 acmid = {3079674},
 publisher = {ACM},
 address = {New York, NY, USA},
 keywords = {adaptation personality, cognitive efficiency, exercise selection, mental effort, performance},
}

@inproceedings{Griffin:2015:WEE:2787622.2787741,
 author = {Griffin, Jean},
 title = {Worked Examples with Errors for Computer Science Education},
 booktitle = {Proceedings of the Eleventh Annual International Conference on International Computing Education Research},
 series = {ICER '15},
 year = {2015},
 isbn = {978-1-4503-3630-7},
 location = {Omaha, Nebraska, USA},
 pages = {261--262},
 numpages = {2},
 url = {http://doi.acm.org/10.1145/2787622.2787741},
 doi = {10.1145/2787622.2787741},
 acmid = {2787741},
 publisher = {ACM},
 address = {New York, NY, USA},
 keywords = {computer science education, debugging, tracing, worked examples},
}

@article{Merkouris:2019:PEI:3345033.3336126,
 author = {Merkouris, Alexandros and Chorianopoulos, Konstantinos},
 title = {Programming Embodied Interactions with a Remotely Controlled Educational Robot},
 journal = {ACM Trans. Comput. Educ.},
 issue_date = {July 2019},
 volume = {19},
 number = {4},
 month = jul,
 year = {2019},
 issn = {1946-6226},
 pages = {40:1--40:19},
 articleno = {40},
 numpages = {19},
 url = {http://doi.acm.org/10.1145/3336126},
 doi = {10.1145/3336126},
 acmid = {3336126},
 publisher = {ACM},
 address = {New York, NY, USA},
 keywords = {Embodied learning, assessment, children, computational thinking, educational robotics, embodiment, human\&\#x2013;robot interaction},
}

@inproceedings{Harpstead:2019:ESA:3303772.3303797,
 author = {Harpstead, Erik and Richey, J. Elizabeth and Nguyen, Huy and McLaren, Bruce M.},
 title = {Exploring the Subtleties of Agency and Indirect Control in Digital Learning Games},
 booktitle = {Proceedings of the 9th International Conference on Learning Analytics \& Knowledge},
 series = {LAK19},
 year = {2019},
 isbn = {978-1-4503-6256-6},
 location = {Tempe, AZ, USA},
 pages = {121--129},
 numpages = {9},
 url = {http://doi.acm.org/10.1145/3303772.3303797},
 doi = {10.1145/3303772.3303797},
 acmid = {3303797},
 publisher = {ACM},
 address = {New York, NY, USA},
 keywords = {Digital learning games, agency, indirect control, self-regulated learning},
}

@inproceedings{Okpo:2017:CFA:3099023.3099078,
 author = {Okpo, Juliet and Masthoff, Judith and Dennis, Matt and Beacham, Nigel},
 title = {Conceptualizing a Framework for Adaptive Exercise Selection with Personality As a Major Learner Characteristic},
 booktitle = {Adjunct Publication of the 25th Conference on User Modeling, Adaptation and Personalization},
 series = {UMAP '17},
 year = {2017},
 isbn = {978-1-4503-5067-9},
 location = {Bratislava, Slovakia},
 pages = {293--298},
 numpages = {6},
 url = {http://doi.acm.org/10.1145/3099023.3099078},
 doi = {10.1145/3099023.3099078},
 acmid = {3099078},
 publisher = {ACM},
 address = {New York, NY, USA},
 keywords = {adaptation, conceptual framework, exercise selection, learner characteristics, learning, personality},
}

@inproceedings{Wloka:2010:ELL:1971519.1971553,
 author = {Wloka, Bartholom\"{a}us and Winiwarter, Werner},
 title = {Enhancing Language Learning and Translation with Ubiquitous Applications},
 booktitle = {Proceedings of the 8th International Conference on Advances in Mobile Computing and Multimedia},
 series = {MoMM '10},
 year = {2010},
 isbn = {978-1-4503-0440-5},
 location = {Paris, France},
 pages = {195--202},
 numpages = {8},
 url = {http://doi.acm.org/10.1145/1971519.1971553},
 doi = {10.1145/1971519.1971553},
 acmid = {1971553},
 publisher = {ACM},
 address = {New York, NY, USA},
 keywords = {mobile applications, mobile devices, ubiquitous language learning, ubiquitous machine translation},
}

@inproceedings{Zuhud:2013:PAS:2503859.2503873,
 author = {Zuhud, Daeng Ahmad Zuhri},
 title = {Some Prospective Approaches for the Shift of Programming Paradigms},
 booktitle = {Proceedings of the 2013 International Conference on Information Systems and Design of Communication},
 series = {ISDOC '13},
 year = {2013},
 isbn = {978-1-4503-2299-7},
 location = {Lisboa, Portugal},
 pages = {87--93},
 numpages = {7},
 url = {http://doi.acm.org/10.1145/2503859.2503873},
 doi = {10.1145/2503859.2503873},
 acmid = {2503873},
 publisher = {ACM},
 address = {New York, NY, USA},
 keywords = {information system, programming languages, programming paradigms, shift of programming paradigms},
}

@inproceedings{Scott:2017:EIL:3059009.3059037,
 author = {Scott, Michael James and Ghinea, Gheorghita},
 title = {On the Educational Impact of Lecture Recording Reduction: Evidence from a Randomised Trial},
 booktitle = {Proceedings of the 2017 ACM Conference on Innovation and Technology in Computer Science Education},
 series = {ITiCSE '17},
 year = {2017},
 isbn = {978-1-4503-4704-4},
 location = {Bologna, Italy},
 pages = {287--292},
 numpages = {6},
 url = {http://doi.acm.org/10.1145/3059009.3059037},
 doi = {10.1145/3059009.3059037},
 acmid = {3059037},
 publisher = {ACM},
 address = {New York, NY, USA},
 keywords = {experiment, human factors, learning, lecture, randomised trial, recording, reduction, revision, summaries, video},
}

@article{Baker:2009:LTR:1578012.1578013,
 author = {Baker, Ken A.},
 title = {Learning Theory and the Re-education of Older Software Engineers},
 journal = {SIGITERes. IT},
 issue_date = {July 2009},
 volume = {6},
 number = {2},
 month = jul,
 year = {2009},
 issn = {1944-0278},
 pages = {2--10},
 numpages = {9},
 url = {http://doi.acm.org/10.1145/1578012.1578013},
 doi = {10.1145/1578012.1578013},
 acmid = {1578013},
 publisher = {ACM},
 address = {New York, NY, USA},
 keywords = {behaviorist, cognitive, cognitive load theory, learning theory, memory and motivation, paradigm shift, social learning},
}

@inproceedings{Celepkolu:2018:TAS:3159450.3159516,
 author = {Celepkolu, Mehmet and Boyer, Kristy Elizabeth},
 title = {Thematic Analysis of Students' Reflections on Pair Programming in CS1},
 booktitle = {Proceedings of the 49th ACM Technical Symposium on Computer Science Education},
 series = {SIGCSE '18},
 year = {2018},
 isbn = {978-1-4503-5103-4},
 location = {Baltimore, Maryland, USA},
 pages = {771--776},
 numpages = {6},
 url = {http://doi.acm.org/10.1145/3159450.3159516},
 doi = {10.1145/3159450.3159516},
 acmid = {3159516},
 publisher = {ACM},
 address = {New York, NY, USA},
 keywords = {CS1, computer science education, pair programming},
}

@article{Gestwicki:2016:IPA:2894200.2732157,
 author = {Gestwicki, Paul and McNely, Brian},
 title = {Interdisciplinary Projects in the Academic Studio},
 journal = {ACM Trans. Comput. Educ.},
 issue_date = {March 2016},
 volume = {16},
 number = {2},
 month = mar,
 year = {2016},
 issn = {1946-6226},
 pages = {8:1--8:24},
 articleno = {8},
 numpages = {24},
 url = {http://doi.acm.org/10.1145/2732157},
 doi = {10.1145/2732157},
 acmid = {2732157},
 publisher = {ACM},
 address = {New York, NY, USA},
 keywords = {Higher education, Scrum, computer science education, design-based research, interdisciplinary education, project-based learning, sociocultural cognition theory},
}

@inproceedings{Ayres:2008:IIT:1599812.1599820,
 author = {Ayres, Paul and Youssef, Amina},
 title = {Investigating the Influence of Transitory Information and Motivation During Instructional Animations},
 booktitle = {Proceedings of the 8th International Conference on International Conference for the Learning Sciences - Volume 1},
 series = {ICLS'08},
 year = {2008},
 location = {Utrecht, The Netherlands},
 pages = {68--75},
 numpages = {8},
 url = {http://dl.acm.org/citation.cfm?id=1599812.1599820},
 acmid = {1599820},
 publisher = {International Society of the Learning Sciences},
}

@inproceedings{Kelleher:2019:PCL:3290605.3300487,
 author = {Kelleher, Caitlin and Hnin, Wint},
 title = {Predicting Cognitive Load in Future Code Puzzles},
 booktitle = {Proceedings of the 2019 CHI Conference on Human Factors in Computing Systems},
 series = {CHI '19},
 year = {2019},
 isbn = {978-1-4503-5970-2},
 location = {Glasgow, Scotland Uk},
 pages = {257:1--257:12},
 articleno = {257},
 numpages = {12},
 url = {http://doi.acm.org/10.1145/3290605.3300487},
 doi = {10.1145/3290605.3300487},
 acmid = {3300487},
 publisher = {ACM},
 address = {New York, NY, USA},
 keywords = {adaptive learning system, code puzzles, cognitive load},
}

@inproceedings{Jarodzka:2008:EET:1599812.1599859,
 author = {Jarodzka, Halszka and Scheiter, Katharina and Gerjets, Peter and Gemballa, Sven},
 title = {In the Eyes of Experts: Teaching Dynamic Features in Biology by Modeling Experts' Eye Movement Strategies to Novices},
 booktitle = {Proceedings of the 8th International Conference on International Conference for the Learning Sciences - Volume 1},
 series = {ICLS'08},
 year = {2008},
 location = {Utrecht, The Netherlands},
 pages = {390--397},
 numpages = {8},
 url = {http://dl.acm.org/citation.cfm?id=1599812.1599859},
 acmid = {1599859},
 publisher = {International Society of the Learning Sciences},
}

@inproceedings{Nip:2018:UCT:3159450.3159500,
 author = {Nip, Terence and Gunter, Elsa L. and Herman, Geoffrey L. and Morphew, Jason W. and West, Matthew},
 title = {Using a Computer-based Testing Facility to Improve Student Learning in a Programming Languages and Compilers Course},
 booktitle = {Proceedings of the 49th ACM Technical Symposium on Computer Science Education},
 series = {SIGCSE '18},
 year = {2018},
 isbn = {978-1-4503-5103-4},
 location = {Baltimore, Maryland, USA},
 pages = {568--573},
 numpages = {6},
 url = {http://doi.acm.org/10.1145/3159450.3159500},
 doi = {10.1145/3159450.3159500},
 acmid = {3159500},
 publisher = {ACM},
 address = {New York, NY, USA},
 keywords = {compilers, computer-based testing, programming languages, testing effect},
}

@inproceedings{Linn:2008:IDI:1599936.1600021,
 author = {Linn, Marcia C. and Quintana, Chris and Chang, Hsin-Yi and Shen, Ji and Chiu, Jennifer L. and Clark, Douglas and Menekse, Muhsin and D'Angelo, Cynthia and Schleigh, Sharon and Touchman, Stephanie and McElhaney, Kevin W. and Varma, Keisha and Price, Aaron and Lee, Hee-Sun},
 title = {Improving the Design and Impact of Interactive, Dynamic Visualizations for Science Learning},
 booktitle = {Proceedings of the 8th International Conference on International Conference for the Learning Sciences - Volume 3},
 series = {ICLS'08},
 year = {2008},
 location = {Utrecht, The Netherlands},
 pages = {221--228},
 numpages = {8},
 url = {http://dl.acm.org/citation.cfm?id=1599936.1600021},
 acmid = {1600021},
 publisher = {International Society of the Learning Sciences},
}

@inproceedings{Jovanovic:2019:IMC:3303772.3303782,
 author = {Jovanovi\'{c}, Jelena and Ga\v{s}evi\'{c}, Dragan and Pardo, Abelardo and Dawson, Shane and Whitelock-Wainwright, Alexander},
 title = {Introducing Meaning to Clicks: Towards Traced-measures of Self-efficacy and Cognitive Load},
 booktitle = {Proceedings of the 9th International Conference on Learning Analytics \& Knowledge},
 series = {LAK19},
 year = {2019},
 isbn = {978-1-4503-6256-6},
 location = {Tempe, AZ, USA},
 pages = {511--520},
 numpages = {10},
 url = {http://doi.acm.org/10.1145/3303772.3303782},
 doi = {10.1145/3303772.3303782},
 acmid = {3303782},
 publisher = {ACM},
 address = {New York, NY, USA},
 keywords = {cognitive load, learning analytics, perceived difficulty, self-efficacy, self-reports, trace data},
}

@article{Hundhausen:2009:DML:1592440.1592442,
 author = {Hundhausen, Christopher D. and Farley, Sean F. and Brown, Jonathan L.},
 title = {Can Direct Manipulation Lower the Barriers to Computer Programming and Promote Transfer of Training?: An Experimental Study},
 journal = {ACM Trans. Comput.-Hum. Interact.},
 issue_date = {September 2009},
 volume = {16},
 number = {3},
 month = sep,
 year = {2009},
 issn = {1073-0516},
 pages = {13:1--13:40},
 articleno = {13},
 numpages = {40},
 url = {http://doi.acm.org/10.1145/1592440.1592442},
 doi = {10.1145/1592440.1592442},
 acmid = {1592442},
 publisher = {ACM},
 address = {New York, NY, USA},
 keywords = {Direct manipulation, programming education, semantic components analysis, transfer of training, video analysis},
}

@inproceedings{Thomas:2005:IKL:1082424.1082440,
 author = {Thomas, Richard C. and Karahasanovic, Amela and Kennedy, Gregor E.},
 title = {An Investigation into Keystroke Latency Metrics As an Indicator of Programming Performance},
 booktitle = {Proceedings of the 7th Australasian Conference on Computing Education - Volume 42},
 series = {ACE '05},
 year = {2005},
 isbn = {1-920682-24-4},
 location = {Newcastle, New South Wales, Australia},
 pages = {127--134},
 numpages = {8},
 url = {http://dl.acm.org/citation.cfm?id=1082424.1082440},
 acmid = {1082440},
 publisher = {Australian Computer Society, Inc.},
 address = {Darlinghurst, Australia, Australia},
 keywords = {chunking, digraph latencies, empirical methods, keystroke model, programming performance},
}

@inproceedings{Apostolellis:2015:SGL:2771839.2771856,
 author = {Apostolellis, Panagiotis and Bowman, Doug A.},
 title = {Small Group Learning with Games in Museums: Effects of Interactivity As Mediated by Cultural Differences},
 booktitle = {Proceedings of the 14th International Conference on Interaction Design and Children},
 series = {IDC '15},
 year = {2015},
 isbn = {978-1-4503-3590-4},
 location = {Boston, Massachusetts},
 pages = {160--169},
 numpages = {10},
 url = {http://doi.acm.org/10.1145/2771839.2771856},
 doi = {10.1145/2771839.2771856},
 acmid = {2771856},
 publisher = {ACM},
 address = {New York, NY, USA},
 keywords = {co-located collaboration, culture, facilitation, game-based learning, informal learning, interactivity, prior knowledge},
}

@inproceedings{Kirschner:2008:LCC:1599812.1599866,
 author = {Kirschner, Femke and Paas, Fred and Kirschner, Paul A.},
 title = {Learning from Complex Cognitive Tasks: Comparing Groups to Individuals},
 booktitle = {Proceedings of the 8th International Conference on International Conference for the Learning Sciences - Volume 1},
 series = {ICLS'08},
 year = {2008},
 location = {Utrecht, The Netherlands},
 pages = {446--452},
 numpages = {7},
 url = {http://dl.acm.org/citation.cfm?id=1599812.1599866},
 acmid = {1599866},
 publisher = {International Society of the Learning Sciences},
}

@inproceedings{Melguizo:2008:INS:1599871.1599900,
 author = {Melguizo, Mari Carmen Puerta and Madrid, R. Ignacio and Van Oostendorp, Herre},
 title = {The Importance of Navigation Support and Reading Order on Hypertext Learning and Cognitive Load},
 booktitle = {Proceedings of the 8th International Conference on International Conference for the Learning Sciences - Volume 2},
 series = {ICLS'08},
 year = {2008},
 location = {Utrecht, The Netherlands},
 pages = {229--236},
 numpages = {8},
 url = {http://dl.acm.org/citation.cfm?id=1599871.1599900},
 acmid = {1599900},
 publisher = {International Society of the Learning Sciences},
}

@inproceedings{Orth:2008:SML:1599871.1599890,
 author = {Orth, Cordula and Bastiaens, Theo J.},
 title = {Situated Multimedia Learning for Older Adults: Exploring the Benefits of Age-specific Instructional Design},
 booktitle = {Proceedings of the 8th International Conference on International Conference for the Learning Sciences - Volume 2},
 series = {ICLS'08},
 year = {2008},
 location = {Utrecht, The Netherlands},
 pages = {148--155},
 numpages = {8},
 url = {http://dl.acm.org/citation.cfm?id=1599871.1599890},
 acmid = {1599890},
 publisher = {International Society of the Learning Sciences},
}

@inproceedings{Goldman:2009:SDP:1599503.1599548,
 author = {Goldman, Ricki and Dong, Chaoyan and Lansiquot, Reneta},
 title = {Software Design Principles for Video Research in the Learning Sciences and CSCL: Two Studies Use the Perspectivity Framework \& Orion\&\#8482;\texttrademark},
 booktitle = {Proceedings of the 9th International Conference on Computer Supported Collaborative Learning - Volume 2},
 series = {CSCL'09},
 year = {2009},
 isbn = {978-1-4092-8598-4},
 location = {Rhodes, Greece},
 pages = {132--134},
 numpages = {3},
 url = {http://dl.acm.org/citation.cfm?id=1599503.1599548},
 acmid = {1599548},
 publisher = {International Society of the Learning Sciences},
}

@inproceedings{Stark:2008:CBL:1599871.1599916,
 author = {Stark, Robin and Kopp, Veronika and Fischer, Martin},
 title = {Case Based Learning with Worked Examples in Medicine: Effects of Errors and Feedback},
 booktitle = {Proceedings of the 8th International Conference on International Conference for the Learning Sciences - Volume 2},
 series = {ICLS'08},
 year = {2008},
 location = {Utrecht, The Netherlands},
 pages = {359--365},
 numpages = {7},
 url = {http://dl.acm.org/citation.cfm?id=1599871.1599916},
 acmid = {1599916},
 publisher = {International Society of the Learning Sciences},
}

@inproceedings{Antonietti:2008:MUM:1599936.1600014,
 author = {Antonietti, Alessandro and Colombo, Barbara and Schnotz, Wolfgang and Moreno, Roxana and Marley, Scott and Helak, John and Fiore, Stephen M. and Cuevas, Haydee M. and Scielzo, Sandro},
 title = {Metacognition in Understanding Multimedia Presentations},
 booktitle = {Proceedings of the 8th International Conference on International Conference for the Learning Sciences - Volume 3},
 series = {ICLS'08},
 year = {2008},
 location = {Utrecht, The Netherlands},
 pages = {166--173},
 numpages = {8},
 url = {http://dl.acm.org/citation.cfm?id=1599936.1600014},
 acmid = {1600014},
 publisher = {International Society of the Learning Sciences},
}

@inproceedings{Wolf:2003:ITL:858403.858437,
 author = {Wolf, Christian},
 title = {iWeaver: Towards 'Learning Style'-based e-Learning in Computer Science Education},
 booktitle = {Proceedings of the Fifth Australasian Conference on Computing Education - Volume 20},
 series = {ACE '03},
 year = {2003},
 isbn = {0-909925-98-4},
 location = {Adelaide, Australia},
 pages = {273--279},
 numpages = {7},
 url = {http://dl.acm.org/citation.cfm?id=858403.858437},
 acmid = {858437},
 publisher = {Australian Computer Society, Inc.},
 address = {Darlinghurst, Australia, Australia},
 keywords = {adaptive hypermedia, adaptive learning, e-learning, individual learning styles, learner modelling, learner-centred design, multimedia learning, user modelling},
}

@inproceedings{Opfermann:2008:SUM:1599936.1600031,
 author = {Opfermann, Maria and Van Der Meij, Jan and Ainsworth, Shaaron and Seufert, Tina and Vogel, Markus and Br\"{u}nken, Roland and Plass, Jan L. and Homer, Bruce and Wang, Yan and Kim, Minchi and Milne, Catherine and Jordan, Trace and Gerjets, Peter and Scheiter, Katharina and De Jong, Ton},
 title = {Supporting the Use of Multiple Representations in Multimedia Learning Environments},
 booktitle = {Proceedings of the 8th International Conference on International Conference for the Learning Sciences - Volume 3},
 series = {ICLS'08},
 year = {2008},
 location = {Utrecht, The Netherlands},
 pages = {298--305},
 numpages = {8},
 url = {http://dl.acm.org/citation.cfm?id=1599936.1600031},
 acmid = {1600031},
 publisher = {International Society of the Learning Sciences},
}

@inproceedings{Sangin:2007:PMM:1599600.1599718,
 author = {Sangin, Mirweis and Nova, Nicolas and Molinari, Ga\"{e}lle and Dillenbourg, Pierre},
 title = {Partner Modeling is Mutual},
 booktitle = {Proceedings of the 8th Iternational Conference on Computer Supported Collaborative Learning},
 series = {CSCL'07},
 year = {2007},
 isbn = {978-0-6151-5436-7},
 location = {New Brunswick, New Jersey, USA},
 pages = {625--632},
 numpages = {8},
 url = {http://dl.acm.org/citation.cfm?id=1599600.1599718},
 acmid = {1599718},
 publisher = {International Society of the Learning Sciences},
}

