@inproceedings{Luo:2018:CCU:3207677.3277920,
 author = {Luo, Yong and Zhou, Guochang and Li, Jianping},
 title = {Comparing the Chinese University MOOC Platform to the Three Major MOOC Players},
 booktitle = {Proceedings of the 2Nd International Conference on Computer Science and Application Engineering},
 series = {CSAE '18},
 year = {2018},
 isbn = {978-1-4503-6512-3},
 location = {Hohhot, China},
 pages = {143:1--143:5},
 articleno = {143},
 numpages = {5},
 url = {http://doi.acm.org/10.1145/3207677.3277920},
 doi = {10.1145/3207677.3277920},
 acmid = {3277920},
 publisher = {ACM},
 address = {New York, NY, USA},
 keywords = {Comparison, MOOC, MOOC Platform},
}

@inproceedings{Shaikh:2012:IMF:2380552.2380592,
 author = {Shaikh, Zaffar Ahmed and Khoja, Shakeel Ahmed},
 title = {Identifying Measures to Foster Teachers' Competence for Personal Learning Environment Conceived Teaching Scenarios: A Delphi Study},
 booktitle = {Proceedings of the 13th Annual Conference on Information Technology Education},
 series = {SIGITE '12},
 year = {2012},
 isbn = {978-1-4503-1464-0},
 location = {Calgary, Alberta, Canada},
 pages = {127--132},
 numpages = {6},
 url = {http://doi.acm.org/10.1145/2380552.2380592},
 doi = {10.1145/2380552.2380592},
 acmid = {2380592},
 publisher = {ACM},
 address = {New York, NY, USA},
 keywords = {personal learning environment, personalization, personalized learning, ple, policy-delphi, teachers' ple competence},
}

@article{Mayers:2001:MHC:381234.381249,
 author = {Mayers, Andr{\'e} and Lefebvre, Bernard and Frasson, Claude},
 title = {MIACE, a Human Cognitive Architecture},
 journal = {SIGCUE Outlook},
 issue_date = {March 2001},
 volume = {27},
 number = {2},
 month = mar,
 year = {2001},
 issn = {0163-5735},
 pages = {61--77},
 numpages = {17},
 url = {http://doi.acm.org/10.1145/381234.381249},
 doi = {10.1145/381234.381249},
 acmid = {381249},
 publisher = {ACM},
 address = {New York, NY, USA},
 keywords = {cognitive architecture, cognitive psychology, computational model},
}

@article{Denning:1989:CD:63238.63239,
 author = {Comer, D. E. and Gries, David and Mulder, Michael C. and Tucker, Allen and Turner, A. Joe and Young, Paul R.},
 editor = {Denning, Peter J.},
 title = {Computing As a Discipline},
 journal = {Commun. ACM},
 issue_date = {Jan. 1989},
 volume = {32},
 number = {1},
 month = jan,
 year = {1989},
 issn = {0001-0782},
 pages = {9--23},
 numpages = {15},
 url = {http://doi.acm.org/10.1145/63238.63239},
 doi = {10.1145/63238.63239},
 acmid = {63239},
 publisher = {ACM},
 address = {New York, NY, USA},
}

@techreport{Denning:1988:RAT:2594497,
 author = {Denning, Peter J. and Comer, Douglas E. and Gries, David and Mulder, Michael C. and Tucker, Allen and Turner, A. Joe and Young, Paul R.},
 title = {Report of the ACM Task Force on The Core of Computer Science},
 year = {1988},
 isbn = {0-8791-293-4},
 note = {ACM Order No.: 201880},
 publisher = {ACM},
 address = {New York, NY, USA},
}

@inproceedings{Joksimovic:2015:CPT:2723576.2723609,
 author = {Joksimovi\'{c}, Sre\'{c}ko and Kovanovi\'{c}, Vitomir and Jovanovi\'{c}, Jelena and Zouaq, Amal and Ga\v{s}evi\'{c}, Dragan and Hatala, Marek},
 title = {What Do cMOOC Participants Talk About in Social Media?: A Topic Analysis of Discourse in a cMOOC},
 booktitle = {Proceedings of the Fifth International Conference on Learning Analytics And Knowledge},
 series = {LAK '15},
 year = {2015},
 isbn = {978-1-4503-3417-4},
 location = {Poughkeepsie, New York},
 pages = {156--165},
 numpages = {10},
 url = {http://doi.acm.org/10.1145/2723576.2723609},
 doi = {10.1145/2723576.2723609},
 acmid = {2723609},
 publisher = {ACM},
 address = {New York, NY, USA},
 keywords = {SNA, cMOOC, connectivism, content analysis},
}

@inproceedings{Ullrich:2008:WWG:1367497.1367593,
 author = {Ullrich, Carsten and Borau, Kerstin and Luo, Heng and Tan, Xiaohong and Shen, Liping and Shen, Ruimin},
 title = {Why Web 2.0 is Good for Learning and for Research: Principles and Prototypes},
 booktitle = {Proceedings of the 17th International Conference on World Wide Web},
 series = {WWW '08},
 year = {2008},
 isbn = {978-1-60558-085-2},
 location = {Beijing, China},
 pages = {705--714},
 numpages = {10},
 url = {http://doi.acm.org/10.1145/1367497.1367593},
 doi = {10.1145/1367497.1367593},
 acmid = {1367593},
 publisher = {ACM},
 address = {New York, NY, USA},
 keywords = {education, research, web 2.0},
}

@article{Hayes:1995:IA:201977.201987,
 author = {Hayes, Pat and Ford, Ken},
 title = {Intellectual Archeology},
 journal = {SIGART Bull.},
 issue_date = {April 1995},
 volume = {6},
 number = {2},
 month = apr,
 year = {1995},
 issn = {0163-5719},
 pages = {19--21},
 numpages = {3},
 url = {http://doi.acm.org/10.1145/201977.201987},
 doi = {10.1145/201977.201987},
 acmid = {201987},
 publisher = {ACM},
 address = {New York, NY, USA},
}

@article{Sondak:1989:NNA:65294.71221,
 author = {Sondak, N. E. and Sondak, V. K.},
 title = {Neural Networks and Artificial Intelligence},
 journal = {SIGCSE Bull.},
 issue_date = {Feb. 1989},
 volume = {21},
 number = {1},
 month = feb,
 year = {1989},
 issn = {0097-8418},
 pages = {241--245},
 numpages = {5},
 url = {http://doi.acm.org/10.1145/65294.71221},
 doi = {10.1145/65294.71221},
 acmid = {71221},
 publisher = {ACM},
 address = {New York, NY, USA},
}

@inproceedings{Sondak:1989:NNA:65293.71221,
 author = {Sondak, N. E. and Sondak, V. K.},
 title = {Neural Networks and Artificial Intelligence},
 booktitle = {Proceedings of the Twentieth SIGCSE Technical Symposium on Computer Science Education},
 series = {SIGCSE '89},
 year = {1989},
 isbn = {0-89791-298-5},
 location = {Louisville, Kentucky, USA},
 pages = {241--245},
 numpages = {5},
 url = {http://doi.acm.org/10.1145/65293.71221},
 doi = {10.1145/65293.71221},
 acmid = {71221},
 publisher = {ACM},
 address = {New York, NY, USA},
}

@article{Luker:1994:PAI:191033.191050,
 author = {Luker, Paul A. and Rothermel, Dennis},
 title = {The Philosophy of Artificial Intelligence: A General Studies Course with Particular Benefits to Computer Science Majors},
 journal = {SIGCSE Bull.},
 issue_date = {March 1994},
 volume = {26},
 number = {1},
 month = mar,
 year = {1994},
 issn = {0097-8418},
 pages = {41--45},
 numpages = {5},
 url = {http://doi.acm.org/10.1145/191033.191050},
 doi = {10.1145/191033.191050},
 acmid = {191050},
 publisher = {ACM},
 address = {New York, NY, USA},
}

@inproceedings{Luker:1994:PAI:191029.191050,
 author = {Luker, Paul A. and Rothermel, Dennis},
 title = {The Philosophy of Artificial Intelligence: A General Studies Course with Particular Benefits to Computer Science Majors},
 booktitle = {Proceedings of the Twenty-fifth SIGCSE Symposium on Computer Science Education},
 series = {SIGCSE '94},
 year = {1994},
 isbn = {0-89791-646-8},
 location = {Phoenix, Arizona, USA},
 pages = {41--45},
 numpages = {5},
 url = {http://doi.acm.org/10.1145/191029.191050},
 doi = {10.1145/191029.191050},
 acmid = {191050},
 publisher = {ACM},
 address = {New York, NY, USA},
}

@inproceedings{Ferraz:2017:WIN:3041164.3041177,
 author = {Ferraz, Marta and Resta, Paul E. and O'neill, Afonso},
 title = {Whole-body Interaction in Natural Environments Benefits Children's Cognitive Function Compared to Sedentary Interaction Indoors},
 booktitle = {Proceedings of the 8th Augmented Human International Conference},
 series = {AH '17},
 year = {2017},
 isbn = {978-1-4503-4835-5},
 location = {Silicon Valley, California, USA},
 pages = {8:1--8:11},
 articleno = {8},
 numpages = {11},
 url = {http://doi.acm.org/10.1145/3041164.3041177},
 doi = {10.1145/3041164.3041177},
 acmid = {3041177},
 publisher = {ACM},
 address = {New York, NY, USA},
 keywords = {child-computer interaction, cognitive function, indoors, natural environments, sedentary, whole-body},
}

@inproceedings{Imberman:2003:TNN:611892.611995,
 author = {Imberman, Susan P.},
 title = {Teaching Neural Networks Using LEGO Handy Board Robots in an Artificial Intelligence Course},
 booktitle = {Proceedings of the 34th SIGCSE Technical Symposium on Computer Science Education},
 series = {SIGCSE '03},
 year = {2003},
 isbn = {1-58113-648-X},
 location = {Reno, Navada, USA},
 pages = {312--316},
 numpages = {5},
 url = {http://doi.acm.org/10.1145/611892.611995},
 doi = {10.1145/611892.611995},
 acmid = {611995},
 publisher = {ACM},
 address = {New York, NY, USA},
 keywords = {artificial intelligence, back propagation, handy board, neural networks, robotics},
}

@article{Imberman:2003:TNN:792548.611995,
 author = {Imberman, Susan P.},
 title = {Teaching Neural Networks Using LEGO Handy Board Robots in an Artificial Intelligence Course},
 journal = {SIGCSE Bull.},
 issue_date = {January 2003},
 volume = {35},
 number = {1},
 month = jan,
 year = {2003},
 issn = {0097-8418},
 pages = {312--316},
 numpages = {5},
 url = {http://doi.acm.org/10.1145/792548.611995},
 doi = {10.1145/792548.611995},
 acmid = {611995},
 publisher = {ACM},
 address = {New York, NY, USA},
 keywords = {artificial intelligence, back propagation, handy board, neural networks, robotics},
}

@article{Beaubouef:2007:IHT:1345375.1345430,
 author = {Beaubouef, Theresa and McDowell, Patrick},
 title = {Ice Hockey and Tennis Balls: Playing at Computer Science Research with Robotics},
 journal = {SIGCSE Bull.},
 issue_date = {December 2007},
 volume = {39},
 number = {4},
 month = dec,
 year = {2007},
 issn = {0097-8418},
 pages = {121--124},
 numpages = {4},
 url = {http://doi.acm.org/10.1145/1345375.1345430},
 doi = {10.1145/1345375.1345430},
 acmid = {1345430},
 publisher = {ACM},
 address = {New York, NY, USA},
 keywords = {computer science education, research, robotics},
}

@article{Cooper:2012:TTM:2093548.2093569,
 author = {Cooper, S. Barry},
 title = {Turing's Titanic Machine?},
 journal = {Commun. ACM},
 issue_date = {March 2012},
 volume = {55},
 number = {3},
 month = mar,
 year = {2012},
 issn = {0001-0782},
 pages = {74--83},
 numpages = {10},
 url = {http://doi.acm.org/10.1145/2093548.2093569},
 doi = {10.1145/2093548.2093569},
 acmid = {2093569},
 publisher = {ACM},
 address = {New York, NY, USA},
}

@article{Imberman:2004:IAA:1083310.1083312,
 author = {Imberman, Susan P.},
 title = {An Intelligent Agent Approach for Teaching Neural Networks Using LEGO\textregistered Handy Board Robots},
 journal = {J. Educ. Resour. Comput.},
 issue_date = {September 2004},
 volume = {4},
 number = {3},
 month = sep,
 year = {2004},
 issn = {1531-4278},
 articleno = {4},
 url = {http://doi.acm.org/10.1145/1083310.1083312},
 doi = {10.1145/1083310.1083312},
 acmid = {1083312},
 publisher = {ACM},
 address = {New York, NY, USA},
 keywords = {artificial intelligence, back propagation, handy board, neural networks, robotics},
}

@inproceedings{Schank:1995:IRC:223355.223672,
 author = {Schank, Patricia and Ranney, Michael},
 title = {Improved Reasoning with Convince Me},
 booktitle = {Conference Companion on Human Factors in Computing Systems},
 series = {CHI '95},
 year = {1995},
 isbn = {0-89791-755-3},
 location = {Denver, Colorado, USA},
 pages = {276--277},
 numpages = {2},
 url = {http://doi.acm.org/10.1145/223355.223672},
 doi = {10.1145/223355.223672},
 acmid = {223672},
 publisher = {ACM},
 address = {New York, NY, USA},
}

@article{Martin:1995:AIA:201977.201995,
 author = {Martin, James H. and Winklmann, Karl},
 title = {AIgorithms: An Integrated Algorithm Analysis, Writing and Artificial Intelligence Course},
 journal = {SIGART Bull.},
 issue_date = {April 1995},
 volume = {6},
 number = {2},
 month = apr,
 year = {1995},
 issn = {0163-5719},
 pages = {39--41},
 numpages = {3},
 url = {http://doi.acm.org/10.1145/201977.201995},
 doi = {10.1145/201977.201995},
 acmid = {201995},
 publisher = {ACM},
 address = {New York, NY, USA},
}

