@article{Guzdial:2009:ETC:1506409.1506420,
 author = {Guzdial, Mark},
 title = {Education: Teaching Computing to Everyone},
 journal = {Commun. ACM},
 issue_date = {May 2009},
 volume = {52},
 number = {5},
 month = may,
 year = {2009},
 issn = {0001-0782},
 pages = {31--33},
 numpages = {3},
 url = {http://doi.acm.org/10.1145/1506409.1506420},
 doi = {10.1145/1506409.1506420},
 acmid = {1506420},
 publisher = {ACM},
 address = {New York, NY, USA},
}

@inproceedings{Wolfer:2011:MMT:1999747.1999839,
 author = {Wolfer, James},
 title = {A Medical Motif for Teaching Computer Graphics in Context},
 booktitle = {Proceedings of the 16th Annual Joint Conference on Innovation and Technology in Computer Science Education},
 series = {ITiCSE '11},
 year = {2011},
 isbn = {978-1-4503-0697-3},
 location = {Darmstadt, Germany},
 pages = {328--328},
 numpages = {1},
 url = {http://doi.acm.org/10.1145/1999747.1999839},
 doi = {10.1145/1999747.1999839},
 acmid = {1999839},
 publisher = {ACM},
 address = {New York, NY, USA},
 keywords = {computer graphics, education, medical},
}

@inproceedings{Bares:2019:AGB:3287324.3287435,
 author = {Bares, William H. and Manaris, Bill and McCauley, Ren{\'e}e and Moore, Christine},
 title = {Achieving Gender Balance Through Creative Expression},
 booktitle = {Proceedings of the 50th ACM Technical Symposium on Computer Science Education},
 series = {SIGCSE '19},
 year = {2019},
 isbn = {978-1-4503-5890-3},
 location = {Minneapolis, MN, USA},
 pages = {293--299},
 numpages = {7},
 url = {http://doi.acm.org/10.1145/3287324.3287435},
 doi = {10.1145/3287324.3287435},
 acmid = {3287435},
 publisher = {ACM},
 address = {New York, NY, USA},
 keywords = {art, broadening participation, contextualized computing, creativity, curriculum},
}

@article{Ni:2009:MCT:1539024.1509051,
 author = {Ni, Lijun},
 title = {What Makes CS Teachers Change?: Factors Influencing CS Teachers' Adoption of Curriculum Innovations},
 journal = {SIGCSE Bull.},
 issue_date = {March 2009},
 volume = {41},
 number = {1},
 month = mar,
 year = {2009},
 issn = {0097-8418},
 pages = {544--548},
 numpages = {5},
 url = {http://doi.acm.org/10.1145/1539024.1509051},
 doi = {10.1145/1539024.1509051},
 acmid = {1509051},
 publisher = {ACM},
 address = {New York, NY, USA},
 keywords = {adoption factors, computer science education, cs teacher},
}

@inproceedings{Ni:2009:MCT:1508865.1509051,
 author = {Ni, Lijun},
 title = {What Makes CS Teachers Change?: Factors Influencing CS Teachers' Adoption of Curriculum Innovations},
 booktitle = {Proceedings of the 40th ACM Technical Symposium on Computer Science Education},
 series = {SIGCSE '09},
 year = {2009},
 isbn = {978-1-60558-183-5},
 location = {Chattanooga, TN, USA},
 pages = {544--548},
 numpages = {5},
 url = {http://doi.acm.org/10.1145/1508865.1509051},
 doi = {10.1145/1508865.1509051},
 acmid = {1509051},
 publisher = {ACM},
 address = {New York, NY, USA},
 keywords = {adoption factors, computer science education, cs teacher},
}

@inproceedings{LaMarche:2013:UIC:2493394.2493423,
 author = {La Marche, Jeffrey Steven},
 title = {User Interface Computation As a Contextualized Approach for Introductory Computing Instruction},
 booktitle = {Proceedings of the Ninth Annual International ACM Conference on International Computing Education Research},
 series = {ICER '13},
 year = {2013},
 isbn = {978-1-4503-2243-0},
 location = {San Diego, San California, USA},
 pages = {179--180},
 numpages = {2},
 url = {http://doi.acm.org/10.1145/2493394.2493423},
 doi = {10.1145/2493394.2493423},
 acmid = {2493423},
 publisher = {ACM},
 address = {New York, NY, USA},
 keywords = {active learning, contextualized computing, cs1, pair programming, peer instruction, programming, user interface computation},
}

@inproceedings{Ni:2010:CFA:1734263.1734444,
 author = {Ni, Lijun and McKlin, Tom and Guzdial, Mark},
 title = {How Do Computing Faculty Adopt Curriculum Innovations?: The Story from Instructors},
 booktitle = {Proceedings of the 41st ACM Technical Symposium on Computer Science Education},
 series = {SIGCSE '10},
 year = {2010},
 isbn = {978-1-4503-0006-3},
 location = {Milwaukee, Wisconsin, USA},
 pages = {544--548},
 numpages = {5},
 url = {http://doi.acm.org/10.1145/1734263.1734444},
 doi = {10.1145/1734263.1734444},
 acmid = {1734444},
 publisher = {ACM},
 address = {New York, NY, USA},
 keywords = {adoption, change, computing instructors},
}

@inproceedings{Wood:2018:MAC:3159450.3159592,
 author = {Wood, Zo\"{e} J. and Clements, John and Peterson, Zachary and Janzen, David and Smith, Hugh and Haungs, Michael and Workman, Julie and Bellardo, John and DeBruhl, Bruce},
 title = {Mixed Approaches to CS0: Exploring Topic and Pedagogy Variance After Six Years of CS0},
 booktitle = {Proceedings of the 49th ACM Technical Symposium on Computer Science Education},
 series = {SIGCSE '18},
 year = {2018},
 isbn = {978-1-4503-5103-4},
 location = {Baltimore, Maryland, USA},
 pages = {20--25},
 numpages = {6},
 url = {http://doi.acm.org/10.1145/3159450.3159592},
 doi = {10.1145/3159450.3159592},
 acmid = {3159592},
 publisher = {ACM},
 address = {New York, NY, USA},
 keywords = {computer science education, cs0, introductory programming, retention},
}

@inproceedings{Garcia:2013:RPB:2445196.2445308,
 author = {Garcia, Daniel D. and Barr, Valerie and Guzdial, Mark and Malan, David J.},
 title = {Rediscovering the Passion, Beauty, Joy, and Awe: Making Computing Fun Again, Part 6},
 booktitle = {Proceeding of the 44th ACM Technical Symposium on Computer Science Education},
 series = {SIGCSE '13},
 year = {2013},
 isbn = {978-1-4503-1868-6},
 location = {Denver, Colorado, USA},
 pages = {379--380},
 numpages = {2},
 url = {http://doi.acm.org/10.1145/2445196.2445308},
 doi = {10.1145/2445196.2445308},
 acmid = {2445308},
 publisher = {ACM},
 address = {New York, NY, USA},
 keywords = {alternative entries into the major, computer science education},
}

@inproceedings{Gramm:2012:EYD:2481449.2481477,
 author = {Gramm, Andreas and Hornung, Malte and Witten, Helmut},
 title = {Email for You (Only?): Design and Implementation of a Context-based Learning Process on Internetworking and Cryptography},
 booktitle = {Proceedings of the 7th Workshop in Primary and Secondary Computing Education},
 series = {WiPSCE '12},
 year = {2012},
 isbn = {978-1-4503-1787-0},
 location = {Hamburg, Germany},
 pages = {116--124},
 numpages = {9},
 url = {http://doi.acm.org/10.1145/2481449.2481477},
 doi = {10.1145/2481449.2481477},
 acmid = {2481477},
 publisher = {ACM},
 address = {New York, NY, USA},
 keywords = {IniK, RSA, communication protocol, communication security, computer science in context, context-based computer science education, cryptology, email protocol},
}

@article{Guzdial:2014:GCI:2642651.2602488,
 author = {Guzdial, Mark and Ericson, Barbara and Mcklin, Tom and Engelman, Shelly},
 title = {Georgia Computes! An Intervention in a US State, with Formal and Informal Education in a Policy Context},
 journal = {Trans. Comput. Educ.},
 issue_date = {June 2014},
 volume = {14},
 number = {2},
 month = jun,
 year = {2014},
 issn = {1946-6226},
 pages = {13:1--13:29},
 articleno = {13},
 numpages = {29},
 url = {http://doi.acm.org/10.1145/2602488},
 doi = {10.1145/2602488},
 acmid = {2602488},
 publisher = {ACM},
 address = {New York, NY, USA},
 keywords = {Assessment, broadening participation, curriculum, education research, motivation, retention, underrepresented minorities, women},
}

@inproceedings{Greenberg:2012:CCV:2157136.2157214,
 author = {Greenberg, Ira and Kumar, Deepak and Xu, Dianna},
 title = {Creative Coding and Visual Portfolios for CS1},
 booktitle = {Proceedings of the 43rd ACM Technical Symposium on Computer Science Education},
 series = {SIGCSE '12},
 year = {2012},
 isbn = {978-1-4503-1098-7},
 location = {Raleigh, North Carolina, USA},
 pages = {247--252},
 numpages = {6},
 url = {http://doi.acm.org/10.1145/2157136.2157214},
 doi = {10.1145/2157136.2157214},
 acmid = {2157214},
 publisher = {ACM},
 address = {New York, NY, USA},
 keywords = {CS1, art, computer science, creative coding, creative computation, education, pedagogy, processing, visual portfolio},
}

@article{Monge:2015:EER:2735450.2714569,
 author = {Monge, Alvaro E. and Fadjo, Cameron L. and Quinn, Beth A. and Barker, Lecia J.},
 title = {EngageCSEdu: Engaging and Retaining CS1 and CS2 Students},
 journal = {ACM Inroads},
 issue_date = {March 2015},
 volume = {6},
 number = {1},
 month = feb,
 year = {2015},
 issn = {2153-2184},
 pages = {6--11},
 numpages = {6},
 url = {http://doi.acm.org/10.1145/2714569},
 doi = {10.1145/2714569},
 acmid = {2714569},
 publisher = {ACM},
 address = {New York, NY, USA},
 keywords = {curriculum, diversity, living collection, repository, student engagement, student retention, women in technology},
}

@inproceedings{Wood:2015:BWB:2676723.2677249,
 author = {Wood, Zo\"{e} and Keen, Aaron},
 title = {Building Worlds: Bridging Imperative-First and Object-Oriented Programming in CS1-CS2},
 booktitle = {Proceedings of the 46th ACM Technical Symposium on Computer Science Education},
 series = {SIGCSE '15},
 year = {2015},
 isbn = {978-1-4503-2966-8},
 location = {Kansas City, Missouri, USA},
 pages = {144--149},
 numpages = {6},
 url = {http://doi.acm.org/10.1145/2676723.2677249},
 doi = {10.1145/2676723.2677249},
 acmid = {2677249},
 publisher = {ACM},
 address = {New York, NY, USA},
 keywords = {introductory programming, object-oriented programming},
}

@inproceedings{Lee:2013:ERC:2445196.2445214,
 author = {Lee, Cynthia Bailey},
 title = {Experience Report: CS1 in MATLAB for Non-majors, with Media Computation and Peer Instruction},
 booktitle = {Proceeding of the 44th ACM Technical Symposium on Computer Science Education},
 series = {SIGCSE '13},
 year = {2013},
 isbn = {978-1-4503-1868-6},
 location = {Denver, Colorado, USA},
 pages = {35--40},
 numpages = {6},
 url = {http://doi.acm.org/10.1145/2445196.2445214},
 doi = {10.1145/2445196.2445214},
 acmid = {2445214},
 publisher = {ACM},
 address = {New York, NY, USA},
 keywords = {CS1, MATLAB, active learning, classroom response, clickers, media computation, peer instruction},
}

@inproceedings{Lakanen:2014:UDC:2591708.2591716,
 author = {Lakanen, Antti-Jussi and Isom\"{o}tt\"{o}nen, Ville and Lappalainen, Vesa},
 title = {Understanding Differences Among Coding Club Students},
 booktitle = {Proceedings of the 2014 Conference on Innovation \&\#38; Technology in Computer Science Education},
 series = {ITiCSE '14},
 year = {2014},
 isbn = {978-1-4503-2833-3},
 location = {Uppsala, Sweden},
 pages = {159--164},
 numpages = {6},
 url = {http://doi.acm.org/10.1145/2591708.2591716},
 doi = {10.1145/2591708.2591716},
 acmid = {2591716},
 publisher = {ACM},
 address = {New York, NY, USA},
 keywords = {game programming, k-12, outreach, recruitment},
}

@inproceedings{Craig:2017:FCD:3141880.3141898,
 author = {Craig, Michelle and Smith, Jacqueline and Petersen, Andrew},
 title = {Familiar Contexts and the Difficulty of Programming Problems},
 booktitle = {Proceedings of the 17th Koli Calling International Conference on Computing Education Research},
 series = {Koli Calling '17},
 year = {2017},
 isbn = {978-1-4503-5301-4},
 location = {Koli, Finland},
 pages = {123--127},
 numpages = {5},
 url = {http://doi.acm.org/10.1145/3141880.3141898},
 doi = {10.1145/3141880.3141898},
 acmid = {3141898},
 publisher = {ACM},
 address = {New York, NY, USA},
 keywords = {CS1, context, novice programmers, transfer},
}

@inproceedings{Porter:2013:RNO:2445196.2445248,
 author = {Porter, Leo and Simon, Beth},
 title = {Retaining Nearly One-third More Majors with a Trio of Instructional Best Practices in CS1},
 booktitle = {Proceeding of the 44th ACM Technical Symposium on Computer Science Education},
 series = {SIGCSE '13},
 year = {2013},
 isbn = {978-1-4503-1868-6},
 location = {Denver, Colorado, USA},
 pages = {165--170},
 numpages = {6},
 url = {http://doi.acm.org/10.1145/2445196.2445248},
 doi = {10.1145/2445196.2445248},
 acmid = {2445248},
 publisher = {ACM},
 address = {New York, NY, USA},
 keywords = {active learning, contextualized computing, pair programming, peer instruction, student-centric learning},
}

@inproceedings{Alvarado:2018:PEP:3159450.3159508,
 author = {Alvarado, Christine and Umbelino, Gustavo and Minnes, Mia},
 title = {The Persistent Effect of Pre-College Computing Experience on College CS Course Grades},
 booktitle = {Proceedings of the 49th ACM Technical Symposium on Computer Science Education},
 series = {SIGCSE '18},
 year = {2018},
 isbn = {978-1-4503-5103-4},
 location = {Baltimore, Maryland, USA},
 pages = {876--881},
 numpages = {6},
 url = {http://doi.acm.org/10.1145/3159450.3159508},
 doi = {10.1145/3159450.3159508},
 acmid = {3159508},
 publisher = {ACM},
 address = {New York, NY, USA},
 keywords = {AP computer science, computing experience, higher education, performance},
}

@article{Bruckman:2009:GCI:1539024.1508899,
 author = {Bruckman, Amy and Biggers, Maureen and Ericson, Barbara and McKlin, Tom and Dimond, Jill and DiSalvo, Betsy and Hewner, Mike and Ni, Lijun and Yardi, Sarita},
 title = {"Georgia Computes!": Improving the Computing Education Pipeline},
 journal = {SIGCSE Bull.},
 issue_date = {March 2009},
 volume = {41},
 number = {1},
 month = mar,
 year = {2009},
 issn = {0097-8418},
 pages = {86--90},
 numpages = {5},
 url = {http://doi.acm.org/10.1145/1539024.1508899},
 doi = {10.1145/1539024.1508899},
 acmid = {1508899},
 publisher = {ACM},
 address = {New York, NY, USA},
 keywords = {computing education pipeline, introductory courses, summer camps},
}

@inproceedings{Bruckman:2009:GCI:1508865.1508899,
 author = {Bruckman, Amy and Biggers, Maureen and Ericson, Barbara and McKlin, Tom and Dimond, Jill and DiSalvo, Betsy and Hewner, Mike and Ni, Lijun and Yardi, Sarita},
 title = {"Georgia Computes!": Improving the Computing Education Pipeline},
 booktitle = {Proceedings of the 40th ACM Technical Symposium on Computer Science Education},
 series = {SIGCSE '09},
 year = {2009},
 isbn = {978-1-60558-183-5},
 location = {Chattanooga, TN, USA},
 pages = {86--90},
 numpages = {5},
 url = {http://doi.acm.org/10.1145/1508865.1508899},
 doi = {10.1145/1508865.1508899},
 acmid = {1508899},
 publisher = {ACM},
 address = {New York, NY, USA},
 keywords = {computing education pipeline, introductory courses, summer camps},
}

@inproceedings{Bouvier:2016:NPP:3024906.3024912,
 author = {Bouvier, Dennis and Lovellette, Ellie and Matta, John and Alshaigy, Bedour and Becker, Brett A. and Craig, Michelle and Jackova, Jana and McCartney, Robert and Sanders, Kate and Zarb, Mark},
 title = {Novice Programmers and the Problem Description Effect},
 booktitle = {Proceedings of the 2016 ITiCSE Working Group Reports},
 series = {ITiCSE '16},
 year = {2016},
 isbn = {978-1-4503-4882-9},
 location = {Arequipa, Peru},
 pages = {103--118},
 numpages = {16},
 url = {http://doi.acm.org/10.1145/3024906.3024912},
 doi = {10.1145/3024906.3024912},
 acmid = {3024912},
 publisher = {ACM},
 address = {New York, NY, USA},
 keywords = {CS1, context, novice programmers},
}

@article{Guzdial:2010:CCE:1869746.1869747,
 author = {Guzdial, Mark},
 title = {Does Contextualized Computing Education Help?},
 journal = {ACM Inroads},
 issue_date = {December 2010},
 volume = {1},
 number = {4},
 month = dec,
 year = {2010},
 issn = {2153-2184},
 pages = {4--6},
 numpages = {3},
 url = {http://doi.acm.org/10.1145/1869746.1869747},
 doi = {10.1145/1869746.1869747},
 acmid = {1869747},
 publisher = {ACM},
 address = {New York, NY, USA},
 keywords = {assessment, context, psychology},
}

@article{Bryant:2011:UCA:2037151.2037177,
 author = {Bryant, Robert and Weiss, Richard and Orr, Genevieve and Yerion, Kathie},
 title = {Using the Context of Algorithmic Art to Change Attitudes in Introductory Programming},
 journal = {J. Comput. Sci. Coll.},
 issue_date = {October 2011},
 volume = {27},
 number = {1},
 month = oct,
 year = {2011},
 issn = {1937-4771},
 pages = {112--119},
 numpages = {8},
 url = {http://dl.acm.org/citation.cfm?id=2037151.2037177},
 acmid = {2037177},
 publisher = {Consortium for Computing Sciences in Colleges},
 address = {USA},
}

@article{Isbell:2010:DCC:1709424.1709462,
 author = {Isbell, Charles L. and Stein, Lynn Andrea and Cutler, Robb and Forbes, Jeffrey and Fraser, Linda and Impagliazzo, John and Proulx, Viera and Russ, Steve and Thomas, Richard and Xu, Yan},
 title = {(Re)Defining Computing Curricula by (Re)Defining Computing},
 journal = {SIGCSE Bull.},
 issue_date = {December 2009},
 volume = {41},
 number = {4},
 month = jan,
 year = {2010},
 issn = {0097-8418},
 pages = {195--207},
 numpages = {13},
 url = {http://doi.acm.org/10.1145/1709424.1709462},
 doi = {10.1145/1709424.1709462},
 acmid = {1709462},
 publisher = {ACM},
 address = {New York, NY, USA},
 keywords = {computational thinking, computationalist mindset, computing},
}

@inproceedings{Wang:2008:STT:1414558.1414609,
 author = {Wang, Andy Ju An},
 title = {A Security Thread in a Thread-based Curriculum},
 booktitle = {Proceedings of the 9th ACM SIGITE Conference on Information Technology Education},
 series = {SIGITE '08},
 year = {2008},
 isbn = {978-1-60558-329-7},
 location = {Cincinnati, OH, USA},
 pages = {193--200},
 numpages = {8},
 url = {http://doi.acm.org/10.1145/1414558.1414609},
 doi = {10.1145/1414558.1414609},
 acmid = {1414609},
 publisher = {ACM},
 address = {New York, NY, USA},
 keywords = {information assurance education, information security, it curriculum, threads model},
}

@inproceedings{Simon:2007:KCC:2449323.2449336,
 author = {Simon},
 title = {Koli Calling Comes of Age: An Analysis},
 booktitle = {Proceedings of the Seventh Baltic Sea Conference on Computing Education Research - Volume 88},
 series = {Koli Calling '07},
 year = {2007},
 isbn = {978-1-920682-69-9},
 location = {Koli National Park, Finland},
 pages = {119--126},
 numpages = {8},
 url = {http://dl.acm.org/citation.cfm?id=2449323.2449336},
 acmid = {2449336},
 publisher = {Australian Computer Society, Inc.},
 address = {Darlinghurst, Australia, Australia},
 keywords = {classification, computing education research, literature review},
}

@inproceedings{Xu:2016:CCH:2839509.2844611,
 author = {Xu, Dianna and Cadle, Aaron and Thompson, Darby and Wolz, Ursula and Greenberg, Ira and Kumar, Deepak},
 title = {Creative Computation in High School},
 booktitle = {Proceedings of the 47th ACM Technical Symposium on Computing Science Education},
 series = {SIGCSE '16},
 year = {2016},
 isbn = {978-1-4503-3685-7},
 location = {Memphis, Tennessee, USA},
 pages = {273--278},
 numpages = {6},
 url = {http://doi.acm.org/10.1145/2839509.2844611},
 doi = {10.1145/2839509.2844611},
 acmid = {2844611},
 publisher = {ACM},
 address = {New York, NY, USA},
 keywords = {creative computation, cs0, cs1, education, k-12, pedagogy, processing.},
}

@inproceedings{Maxwell:2017:COA:3017680.3017757,
 author = {Maxwell, Bruce A. and Taylor, Stephanie R.},
 title = {Comparing Outcomes Across Different Contexts in CS1},
 booktitle = {Proceedings of the 2017 ACM SIGCSE Technical Symposium on Computer Science Education},
 series = {SIGCSE '17},
 year = {2017},
 isbn = {978-1-4503-4698-6},
 location = {Seattle, Washington, USA},
 pages = {399--403},
 numpages = {5},
 url = {http://doi.acm.org/10.1145/3017680.3017757},
 doi = {10.1145/3017680.3017757},
 acmid = {3017757},
 publisher = {ACM},
 address = {New York, NY, USA},
 keywords = {CS 1, computational thinking, context-based learning},
}

@article{Sung:2016:BCG:3007225.3007253,
 author = {Sung, Kelvin and Nash, Rob and Pace, Jason},
 title = {Building Casual Game SDKS for Teaching CS1/2: A Case Study},
 journal = {J. Comput. Sci. Coll.},
 issue_date = {October 2016},
 volume = {32},
 number = {1},
 month = oct,
 year = {2016},
 issn = {1937-4771},
 pages = {129--143},
 numpages = {15},
 url = {http://dl.acm.org/citation.cfm?id=3007225.3007253},
 acmid = {3007253},
 publisher = {Consortium for Computing Sciences in Colleges},
 address = {USA},
 keywords = {API, API design, CS1/2, casual games, computer science education, programming},
}

@inproceedings{Xu:2018:UIC:3159450.3159539,
 author = {Xu, Dianna and Wolz, Ursula and Kumar, Deepak and Greenburg, Ira},
 title = {Updating Introductory Computer Science with Creative Computation},
 booktitle = {Proceedings of the 49th ACM Technical Symposium on Computer Science Education},
 series = {SIGCSE '18},
 year = {2018},
 isbn = {978-1-4503-5103-4},
 location = {Baltimore, Maryland, USA},
 pages = {167--172},
 numpages = {6},
 url = {http://doi.acm.org/10.1145/3159450.3159539},
 doi = {10.1145/3159450.3159539},
 acmid = {3159539},
 publisher = {ACM},
 address = {New York, NY, USA},
 keywords = {CS AP, CS0, CS1, creative computation, k-12 computing, processing},
}

@article{Cooper:2010:DA:1868358.1868362,
 author = {Cooper, Stephen},
 title = {The Design of Alice},
 journal = {Trans. Comput. Educ.},
 issue_date = {November 2010},
 volume = {10},
 number = {4},
 month = nov,
 year = {2010},
 issn = {1946-6226},
 pages = {15:1--15:16},
 articleno = {15},
 numpages = {16},
 url = {http://doi.acm.org/10.1145/1868358.1868362},
 doi = {10.1145/1868358.1868362},
 acmid = {1868362},
 publisher = {ACM},
 address = {New York, NY, USA},
 keywords = {Alice, Object-oriented, design, program visualization, programming},
}

@article{Alvarado:2012:IWP:2381083.2381100,
 author = {Alvarado, Christine and Dodds, Zachary and Libeskind-Hadas, Ran},
 title = {Increasing Women's Participation in Computing at Harvey Mudd College},
 journal = {ACM Inroads},
 issue_date = {December 2012},
 volume = {3},
 number = {4},
 month = dec,
 year = {2012},
 issn = {2153-2184},
 pages = {55--64},
 numpages = {10},
 url = {http://doi.acm.org/10.1145/2381083.2381100},
 doi = {10.1145/2381083.2381100},
 acmid = {2381100},
 publisher = {ACM},
 address = {New York, NY, USA},
 keywords = {CS1, broadening participation, women in computing},
}

@inproceedings{Nijenhuis-Voogt:2018:CTL:3265757.3265772,
 author = {Nijenhuis-Voogt, Jacqueline and Meijer, Paulien C. and Barendsen, Erik},
 title = {Context-based Teaching and Learning of Fundamental Computer Science Concepts: Exploring Teachers' Ideas},
 booktitle = {Proceedings of the 13th Workshop in Primary and Secondary Computing Education},
 series = {WiPSCE '18},
 year = {2018},
 isbn = {978-1-4503-6588-8},
 location = {Potsdam, Germany},
 pages = {15:1--15:4},
 articleno = {15},
 numpages = {4},
 url = {http://doi.acm.org/10.1145/3265757.3265772},
 doi = {10.1145/3265757.3265772},
 acmid = {3265772},
 publisher = {ACM},
 address = {New York, NY, USA},
 keywords = {context-based learning, fundamental concepts, teachers},
}

@article{McGill:2012:LPP:2133797.2133801,
 author = {McGill, Monica M.},
 title = {Learning to Program with Personal Robots: Influences on Student Motivation},
 journal = {Trans. Comput. Educ.},
 issue_date = {March 2012},
 volume = {12},
 number = {1},
 month = mar,
 year = {2012},
 issn = {1946-6226},
 pages = {4:1--4:32},
 articleno = {4},
 numpages = {32},
 url = {http://doi.acm.org/10.1145/2133797.2133801},
 doi = {10.1145/2133797.2133801},
 acmid = {2133801},
 publisher = {ACM},
 address = {New York, NY, USA},
 keywords = {CS0, CS1, Motivation, Myro, curriculum, education, personal robots, programming},
}

@inproceedings{Ramnath:2016:EEB:2839509.2844554,
 author = {Ramnath, Sarnath and Hoover, John H.},
 title = {Enhancing Engagement by Blending Rigor and Relevance},
 booktitle = {Proceedings of the 47th ACM Technical Symposium on Computing Science Education},
 series = {SIGCSE '16},
 year = {2016},
 isbn = {978-1-4503-3685-7},
 location = {Memphis, Tennessee, USA},
 pages = {108--113},
 numpages = {6},
 url = {http://doi.acm.org/10.1145/2839509.2844554},
 doi = {10.1145/2839509.2844554},
 acmid = {2844554},
 publisher = {ACM},
 address = {New York, NY, USA},
 keywords = {integrated course design, relevance, rigor, student perception, whole-part-whole},
}

@inproceedings{Guzdial:2013:EHM:2493394.2493397,
 author = {Guzdial, Mark},
 title = {Exploring Hypotheses About Media Computation},
 booktitle = {Proceedings of the Ninth Annual International ACM Conference on International Computing Education Research},
 series = {ICER '13},
 year = {2013},
 isbn = {978-1-4503-2243-0},
 location = {San Diego, San California, USA},
 pages = {19--26},
 numpages = {8},
 url = {http://doi.acm.org/10.1145/2493394.2493397},
 doi = {10.1145/2493394.2493397},
 acmid = {2493397},
 publisher = {ACM},
 address = {New York, NY, USA},
 keywords = {assessment, broadening participation, curriculum, education research, motivation, retention, under-represented minorities, women in computing},
}

@article{Hanebutte:2013:ACT:2400161.2400178,
 author = {Hanebutte, Nadine},
 title = {Applications of Computing Technology-combining Tangible Skills and Theory in CS0},
 journal = {J. Comput. Sci. Coll.},
 issue_date = {January 2013},
 volume = {28},
 number = {3},
 month = jan,
 year = {2013},
 issn = {1937-4771},
 pages = {86--93},
 numpages = {8},
 url = {http://dl.acm.org/citation.cfm?id=2400161.2400178},
 acmid = {2400178},
 publisher = {Consortium for Computing Sciences in Colleges},
 address = {USA},
}

@inproceedings{Kafai:2014:EET:2538862.2538903,
 author = {Kafai, Yasmin and Searle, Kristin and Martinez, Cr\^{\i}stobal and Brayboy, Bryan},
 title = {Ethnocomputing with Electronic Textiles: Culturally Responsive Open Design to Broaden Participation in Computing in American Indian Youth and Communities},
 booktitle = {Proceedings of the 45th ACM Technical Symposium on Computer Science Education},
 series = {SIGCSE '14},
 year = {2014},
 isbn = {978-1-4503-2605-6},
 location = {Atlanta, Georgia, USA},
 pages = {241--246},
 numpages = {6},
 url = {http://doi.acm.org/10.1145/2538862.2538903},
 doi = {10.1145/2538862.2538903},
 acmid = {2538903},
 publisher = {ACM},
 address = {New York, NY, USA},
 keywords = {K-12, electronic textiles, indigenous communities},
}

@inproceedings{Zingaro:2014:PIC:2538862.2538878,
 author = {Zingaro, Daniel},
 title = {Peer Instruction Contributes to Self-efficacy in CS1},
 booktitle = {Proceedings of the 45th ACM Technical Symposium on Computer Science Education},
 series = {SIGCSE '14},
 year = {2014},
 isbn = {978-1-4503-2605-6},
 location = {Atlanta, Georgia, USA},
 pages = {373--378},
 numpages = {6},
 url = {http://doi.acm.org/10.1145/2538862.2538878},
 doi = {10.1145/2538862.2538878},
 acmid = {2538878},
 publisher = {ACM},
 address = {New York, NY, USA},
 keywords = {CS1, classroom response, clickers, outcomes, peer instruction},
}

@inproceedings{Rick:2012:BCC:2481449.2481476,
 author = {Rick, Detlef and Morisse, Marcel and Schirmer, Ingrid},
 title = {Bringing Contexts into the Classroom: A Design-based Approach},
 booktitle = {Proceedings of the 7th Workshop in Primary and Secondary Computing Education},
 series = {WiPSCE '12},
 year = {2012},
 isbn = {978-1-4503-1787-0},
 location = {Hamburg, Germany},
 pages = {105--115},
 numpages = {11},
 url = {http://doi.acm.org/10.1145/2481449.2481476},
 doi = {10.1145/2481449.2481476},
 acmid = {2481476},
 publisher = {ACM},
 address = {New York, NY, USA},
 keywords = {design-based research, greenfoot, informatics in context, learning environment, process model},
}

@inproceedings{Yardi:2007:CBG:1288580.1288586,
 author = {Yardi, Sarita and Bruckman, Amy},
 title = {What is Computing?: Bridging the Gap Between Teenagers' Perceptions and Graduate Students' Experiences},
 booktitle = {Proceedings of the Third International Workshop on Computing Education Research},
 series = {ICER '07},
 year = {2007},
 isbn = {978-1-59593-841-1},
 location = {Atlanta, Georgia, USA},
 pages = {39--50},
 numpages = {12},
 url = {http://doi.acm.org/10.1145/1288580.1288586},
 doi = {10.1145/1288580.1288586},
 acmid = {1288586},
 publisher = {ACM},
 address = {New York, NY, USA},
 keywords = {HCI, broadening participation, computer science education, culture, curriculum, teenagers},
}

@article{Tew:2008:CSL:1404935.1404937,
 author = {Tew, Allison Elliott and Dorn, Brian and Leahy,Jr., William D. and Guzdial, Mark},
 title = {Context As Support for Learning Computer Organization},
 journal = {J. Educ. Resour. Comput.},
 issue_date = {October 2008},
 volume = {8},
 number = {3},
 month = oct,
 year = {2008},
 issn = {1531-4278},
 pages = {8:1--8:18},
 articleno = {8},
 numpages = {18},
 url = {http://doi.acm.org/10.1145/1404935.1404937},
 doi = {10.1145/1404935.1404937},
 acmid = {1404937},
 publisher = {ACM},
 address = {New York, NY, USA},
 keywords = {computer organization, context, course design},
}

@inproceedings{Buffum:2018:ICS:3159450.3159545,
 author = {Buffum, Philip Sheridan and Ying, Kimberly Michelle and Zheng, Xiaoxi and Boyer, Kristy Elizabeth and Wiebe, Eric N. and Mott, Bradford W. and Blackburn, David C. and Lester, James C.},
 title = {Introducing the Computer Science Concept of Variables in Middle School Science Classrooms},
 booktitle = {Proceedings of the 49th ACM Technical Symposium on Computer Science Education},
 series = {SIGCSE '18},
 year = {2018},
 isbn = {978-1-4503-5103-4},
 location = {Baltimore, Maryland, USA},
 pages = {906--911},
 numpages = {6},
 url = {http://doi.acm.org/10.1145/3159450.3159545},
 doi = {10.1145/3159450.3159545},
 acmid = {3159545},
 publisher = {ACM},
 address = {New York, NY, USA},
 keywords = {computational thinking, middle school, science classrooms},
}

@inproceedings{McCauley:2017:CAC:3017680.3017807,
 author = {McCauley, Ren{\'e}e and Manaris, Bill and Heise, David and Sheller, Cate and Jolley, Jennifer and Zaring, Alan},
 title = {Computing in the Arts: Curricular Innovations and Results},
 booktitle = {Proceedings of the 2017 ACM SIGCSE Technical Symposium on Computer Science Education},
 series = {SIGCSE '17},
 year = {2017},
 isbn = {978-1-4503-4698-6},
 location = {Seattle, Washington, USA},
 pages = {693--694},
 numpages = {2},
 url = {http://doi.acm.org/10.1145/3017680.3017807},
 doi = {10.1145/3017680.3017807},
 acmid = {3017807},
 publisher = {ACM},
 address = {New York, NY, USA},
 keywords = {computational thinking, computing in the arts, education, interdisciplinary education, media computation},
}

@inproceedings{Weintrop:2018:SSO:3230977.3230988,
 author = {Weintrop, David and Hansen, Alexandria K. and Harlow, Danielle B. and Franklin, Diana},
 title = {Starting from Scratch: Outcomes of Early Computer Science Learning Experiences and Implications for What Comes Next},
 booktitle = {Proceedings of the 2018 ACM Conference on International Computing Education Research},
 series = {ICER '18},
 year = {2018},
 isbn = {978-1-4503-5628-2},
 location = {Espoo, Finland},
 pages = {142--150},
 numpages = {9},
 url = {http://doi.acm.org/10.1145/3230977.3230988},
 doi = {10.1145/3230977.3230988},
 acmid = {3230988},
 publisher = {ACM},
 address = {New York, NY, USA},
 keywords = {block-based programming, elementary computer science education, introductory computing curricula, learning},
}

@inproceedings{Manaris:2014:CAM:2538862.2538942,
 author = {Manaris, Bill and McCauley, Ren{\'e}e and Mazzone, Marian and Bares, William},
 title = {Computing in the Arts: A Model Curriculum},
 booktitle = {Proceedings of the 45th ACM Technical Symposium on Computer Science Education},
 series = {SIGCSE '14},
 year = {2014},
 isbn = {978-1-4503-2605-6},
 location = {Atlanta, Georgia, USA},
 pages = {451--456},
 numpages = {6},
 url = {http://doi.acm.org/10.1145/2538862.2538942},
 doi = {10.1145/2538862.2538942},
 acmid = {2538942},
 publisher = {ACM},
 address = {New York, NY, USA},
 keywords = {art, computing, creativity, curriculum, degree, design, education, game programming, major, music, theatre},
}

@inproceedings{Buzatto:2009:PCC:1621995.1622026,
 author = {Buzatto, David and Anacleto, Junia Coutinho and Dias, Ana Luiza},
 title = {Providing Culturally Contextualized Metadata to Promote Sharing and Reuse of Learning Objects},
 booktitle = {Proceedings of the 27th ACM International Conference on Design of Communication},
 series = {SIGDOC '09},
 year = {2009},
 isbn = {978-1-60558-559-8},
 location = {Bloomington, Indiana, USA},
 pages = {163--170},
 numpages = {8},
 url = {http://doi.acm.org/10.1145/1621995.1622026},
 doi = {10.1145/1621995.1622026},
 acmid = {1622026},
 publisher = {ACM},
 address = {New York, NY, USA},
 keywords = {SCORM, common sense, framework, learning object, metadata, reuse},
}

@inproceedings{Saad:2009:ATC:1631728.1631786,
 author = {Saad, Ashraf and Wang, Andy},
 title = {Adopting Threads for Computing Education: Lessons Learned to Date from an Nsf Cpath Project},
 booktitle = {Proceedings of the 10th ACM Conference on SIG-information Technology Education},
 series = {SIGITE '09},
 year = {2009},
 isbn = {978-1-60558-765-3},
 location = {Fairfax, Virginia, USA},
 pages = {203--204},
 numpages = {2},
 url = {http://doi.acm.org/10.1145/1631728.1631786},
 doi = {10.1145/1631728.1631786},
 acmid = {1631786},
 publisher = {ACM},
 address = {New York, NY, USA},
 keywords = {computing education, nsf cpath project},
}

@inproceedings{Hawthorne:2011:FNS:2047594.2047680,
 author = {Hawthorne, Elizabeth K. and Campbell, Robert D. and Verno, Anita},
 title = {Findings from the NSF-ACM Strategic Summit on Computing Education in Community Colleges},
 booktitle = {Proceedings of the 2011 Conference on Information Technology Education},
 series = {SIGITE '11},
 year = {2011},
 isbn = {978-1-4503-1017-8},
 location = {West Point, New York, USA},
 pages = {315--316},
 numpages = {2},
 url = {http://doi.acm.org/10.1145/2047594.2047680},
 doi = {10.1145/2047594.2047680},
 acmid = {2047680},
 publisher = {ACM},
 address = {New York, NY, USA},
 keywords = {challenges, college, community, education, opportunities, summit, two-year},
}

@inproceedings{Wood:2016:CAI:2839509.2844614,
 author = {Wood, Zoe J. and Muhl, Paul and Hicks, Katelyn},
 title = {Computational Art: Introducing High School Students to Computing via Art},
 booktitle = {Proceedings of the 47th ACM Technical Symposium on Computing Science Education},
 series = {SIGCSE '16},
 year = {2016},
 isbn = {978-1-4503-3685-7},
 location = {Memphis, Tennessee, USA},
 pages = {261--266},
 numpages = {6},
 url = {http://doi.acm.org/10.1145/2839509.2844614},
 doi = {10.1145/2839509.2844614},
 acmid = {2844614},
 publisher = {ACM},
 address = {New York, NY, USA},
 keywords = {applied computing - fine arts, computer science education, introductory programming, k-12 education},
}

@inproceedings{Uludag:2011:IIS:2047594.2047645,
 author = {Uludag, Suleyman and Karakus, Murat and Turner, Stephen W.},
 title = {Implementing IT0/CS0 with Scratch, App Inventor Forandroid, and Lego Mindstorms},
 booktitle = {Proceedings of the 2011 Conference on Information Technology Education},
 series = {SIGITE '11},
 year = {2011},
 isbn = {978-1-4503-1017-8},
 location = {West Point, New York, USA},
 pages = {183--190},
 numpages = {8},
 url = {http://doi.acm.org/10.1145/2047594.2047645},
 doi = {10.1145/2047594.2047645},
 acmid = {2047645},
 publisher = {ACM},
 address = {New York, NY, USA},
 keywords = {CS education, CS0, IT education, IT0, computer science for non-majors, information literacy, introductory programming, novice programming environments},
}

@inproceedings{Tartaro:2015:CSB:2676723.2677246,
 author = {Tartaro, Andrea and Chosed, Renee J.},
 title = {Computer Scientists at the Biology Lab Bench},
 booktitle = {Proceedings of the 46th ACM Technical Symposium on Computer Science Education},
 series = {SIGCSE '15},
 year = {2015},
 isbn = {978-1-4503-2966-8},
 location = {Kansas City, Missouri, USA},
 pages = {120--125},
 numpages = {6},
 url = {http://doi.acm.org/10.1145/2676723.2677246},
 doi = {10.1145/2676723.2677246},
 acmid = {2677246},
 publisher = {ACM},
 address = {New York, NY, USA},
 keywords = {bioinformatics, genetics},
}

@inproceedings{Yarosh:2007:NDS:1288580.1288592,
 author = {Yarosh, Svetlana and Guzdial, Mark},
 title = {Narrating Data Structures: The Role of Context in CS2},
 booktitle = {Proceedings of the Third International Workshop on Computing Education Research},
 series = {ICER '07},
 year = {2007},
 isbn = {978-1-59593-841-1},
 location = {Atlanta, Georgia, USA},
 pages = {87--98},
 numpages = {12},
 url = {http://doi.acm.org/10.1145/1288580.1288592},
 doi = {10.1145/1288580.1288592},
 acmid = {1288592},
 publisher = {ACM},
 address = {New York, NY, USA},
 keywords = {CS1/2, course design, media computation},
}

@article{Exter:2012:EEP:2275597.2275601,
 author = {Exter, Marisa and Turnage, Nichole},
 title = {Exploring Experienced Professionals\&Rsquo; Reflections on Computing Education},
 journal = {Trans. Comput. Educ.},
 issue_date = {July 2012},
 volume = {12},
 number = {3},
 month = jul,
 year = {2012},
 issn = {1946-6226},
 pages = {12:1--12:23},
 articleno = {12},
 numpages = {23},
 url = {http://doi.acm.org/10.1145/2275597.2275601},
 doi = {10.1145/2275597.2275601},
 acmid = {2275601},
 publisher = {ACM},
 address = {New York, NY, USA},
 keywords = {Computer Science education, Computing education, adult education, continuing professional development, higher education, non-formal learning, self-learning, undergraduate, university},
}

@inproceedings{Lukkarinen:2016:CTC:2999541.2999551,
 author = {Lukkarinen, Aleksi and Sorva, Juha},
 title = {Classifying the Tools of Contextualized Programming Education and Forms of Media Computation},
 booktitle = {Proceedings of the 16th Koli Calling International Conference on Computing Education Research},
 series = {Koli Calling '16},
 year = {2016},
 isbn = {978-1-4503-4770-9},
 location = {Koli, Finland},
 pages = {51--60},
 numpages = {10},
 url = {http://doi.acm.org/10.1145/2999541.2999551},
 doi = {10.1145/2999541.2999551},
 acmid = {2999551},
 publisher = {ACM},
 address = {New York, NY, USA},
 keywords = {classification, contextualized education, media computation, programming education, review, tools},
}

@article{Yarosh:2008:NDS:1316450.1316456,
 author = {Yarosh, Svetlana and Guzdial, Mark},
 title = {Narrating Data Structures: The Role of Context in CS2},
 journal = {J. Educ. Resour. Comput.},
 issue_date = {January 2008},
 volume = {7},
 number = {4},
 month = jan,
 year = {2008},
 issn = {1531-4278},
 pages = {6:1--6:20},
 articleno = {6},
 numpages = {20},
 url = {http://doi.acm.org/10.1145/1316450.1316456},
 doi = {10.1145/1316450.1316456},
 acmid = {1316456},
 publisher = {ACM},
 address = {New York, NY, USA},
 keywords = {CS1/2, Course design, media computation},
}

@inproceedings{Pasternak:2016:CTL:2839509.2844592,
 author = {Pasternak, Arno},
 title = {Contextualized Teaching in the Lower Secondary EducationLong-term Evaluation of a CS Course from Grade 6 to 10},
 booktitle = {Proceedings of the 47th ACM Technical Symposium on Computing Science Education},
 series = {SIGCSE '16},
 year = {2016},
 isbn = {978-1-4503-3685-7},
 location = {Memphis, Tennessee, USA},
 pages = {657--662},
 numpages = {6},
 url = {http://doi.acm.org/10.1145/2839509.2844592},
 doi = {10.1145/2839509.2844592},
 acmid = {2844592},
 publisher = {ACM},
 address = {New York, NY, USA},
 keywords = {braided teaching, contextualised teaching, lower secondary computer science education},
}

@inproceedings{Kolikant:2008:NEF:1599812.1599824,
 author = {Kolikant, Yifat Ben-David},
 title = {From Newcomer Enculturation to Fertile Zones of Cultural Encounter: A Bidimensional Metaphor for Schooling},
 booktitle = {Proceedings of the 8th International Conference on International Conference for the Learning Sciences - Volume 1},
 series = {ICLS'08},
 year = {2008},
 location = {Utrecht, The Netherlands},
 pages = {101--108},
 numpages = {8},
 url = {http://dl.acm.org/citation.cfm?id=1599812.1599824},
 acmid = {1599824},
 publisher = {International Society of the Learning Sciences},
}

@inproceedings{deRaadt:2010:IPW:1862219.1862232,
 author = {de Raadt, Michael},
 title = {Introductory Programming in a Web Context},
 booktitle = {Proceedings of the Twelfth Australasian Conference on Computing Education - Volume 103},
 series = {ACE '10},
 year = {2010},
 isbn = {978-1-920682-84-2},
 location = {Brisbane, Australia},
 pages = {79--86},
 numpages = {8},
 url = {http://dl.acm.org/citation.cfm?id=1862219.1862232},
 acmid = {1862232},
 publisher = {Australian Computer Society, Inc.},
 address = {Darlinghurst, Australia, Australia},
 keywords = {context, introductory programming, web},
}

@inproceedings{Todd:2005:WCL:1099435.1099521,
 author = {Todd, Kim and Mardis, Lori and Wyatt, Patricia},
 title = {We'Ve Come a Long Way, Baby!: But Where Women and Technology Are Concerned, Have We Really?},
 booktitle = {Proceedings of the 33rd Annual ACM SIGUCCS Conference on User Services},
 series = {SIGUCCS '05},
 year = {2005},
 isbn = {1-59593-200-3},
 location = {Monterey, CA, USA},
 pages = {380--387},
 numpages = {8},
 url = {http://doi.acm.org/10.1145/1099435.1099521},
 doi = {10.1145/1099435.1099521},
 acmid = {1099521},
 publisher = {ACM},
 address = {New York, NY, USA},
 keywords = {computing history, education reform, gender bias, gender stereotypes, gender studies, technology careers, women},
}

@inproceedings{DesPortes:2016:MDC:2839509.2844586,
 author = {DesPortes, Kayla and Spells, Monet and DiSalvo, Betsy},
 title = {The MoveLab: Developing Congruence Between Students' Self-Concepts and Computing},
 booktitle = {Proceedings of the 47th ACM Technical Symposium on Computing Science Education},
 series = {SIGCSE '16},
 year = {2016},
 isbn = {978-1-4503-3685-7},
 location = {Memphis, Tennessee, USA},
 pages = {267--272},
 numpages = {6},
 url = {http://doi.acm.org/10.1145/2839509.2844586},
 doi = {10.1145/2839509.2844586},
 acmid = {2844586},
 publisher = {ACM},
 address = {New York, NY, USA},
 keywords = {dance, physical computing, self-concept, steam education, underrepresented minorities, women},
}

@inproceedings{Wang:2007:CIG:1233341.1233397,
 author = {Wang, Andy Ju An},
 title = {Camera-projector-based Interactive Game Development},
 booktitle = {Proceedings of the 45th Annual Southeast Regional Conference},
 series = {ACM-SE 45},
 year = {2007},
 isbn = {978-1-59593-629-5},
 location = {Winston-Salem, North Carolina},
 pages = {310--315},
 numpages = {6},
 url = {http://doi.acm.org/10.1145/1233341.1233397},
 doi = {10.1145/1233341.1233397},
 acmid = {1233397},
 publisher = {ACM},
 address = {New York, NY, USA},
 keywords = {computer games, computing and programming, computing education, entertainment computing},
}

