@inproceedings{Helps:2008:ECN:1414558.1414565,
 author = {Helps, C. Richard G. and Ekstrom, J J.},
 title = {Evaluation of a Computer Networking Class in Information Technology},
 booktitle = {Proceedings of the 9th ACM SIGITE Conference on Information Technology Education},
 series = {SIGITE '08},
 year = {2008},
 isbn = {978-1-60558-329-7},
 location = {Cincinnati, OH, USA},
 pages = {259--268},
 numpages = {10},
 url = {http://doi.acm.org/10.1145/1414558.1414565},
 doi = {10.1145/1414558.1414565},
 acmid = {1414565},
 publisher = {ACM},
 address = {New York, NY, USA},
 keywords = {course design, course evaluation, networking},
}

@inproceedings{Sharples:2016:EPS:2876034.2896321,
 author = {Sharples, Mike},
 title = {Effective Pedagogy at Scale: Social Learning and Citizen Inquiry},
 booktitle = {Proceedings of the Third (2016) ACM Conference on Learning @ Scale},
 series = {L@S '16},
 year = {2016},
 isbn = {978-1-4503-3726-7},
 location = {Edinburgh, Scotland, UK},
 pages = {339--340},
 numpages = {2},
 url = {http://doi.acm.org/10.1145/2876034.2896321},
 doi = {10.1145/2876034.2896321},
 acmid = {2896321},
 publisher = {ACM},
 address = {New York, NY, USA},
}

@inproceedings{Hernandez:2011:FEL:2024288.2024332,
 author = {Hern\'{a}ndez, Rocael and Guetl, Christian and Amado-Salvatierra, Hector R.},
 title = {Facebook for e-Moderation: A Latin-American Experience},
 booktitle = {Proceedings of the 11th International Conference on Knowledge Management and Knowledge Technologies},
 series = {i-KNOW '11},
 year = {2011},
 isbn = {978-1-4503-0732-1},
 location = {Graz, Austria},
 pages = {37:1--37:4},
 articleno = {37},
 numpages = {4},
 url = {http://doi.acm.org/10.1145/2024288.2024332},
 doi = {10.1145/2024288.2024332},
 acmid = {2024332},
 publisher = {ACM},
 address = {New York, NY, USA},
 keywords = {CSCL, Facebook on education, constructivism, e-learning, e-moderation, scaffolding, social network sites, technology-enhanced learning},
}

@inproceedings{Kawas:2009:HHI:1599301.1599316,
 author = {Kawas, Saba Hashem},
 title = {H-link 3D: Hyper-learning Interface and Navigational Toolkit in 3D Virtual Worlds Experimental Interface Design for Cobalt, a Croquet Metaverse},
 booktitle = {SIGGRAPH '09: Posters},
 series = {SIGGRAPH '09},
 year = {2009},
 location = {New Orleans, Louisiana},
 pages = {15:1--15:1},
 articleno = {15},
 numpages = {1},
 url = {http://doi.acm.org/10.1145/1599301.1599316},
 doi = {10.1145/1599301.1599316},
 acmid = {1599316},
 publisher = {ACM},
 address = {New York, NY, USA},
}

@inproceedings{Wells:2004:CKS:979968.980013,
 author = {Wells, Marilyn A. and Brook, Phillip W.},
 title = {Conversational KM: Student Driven Learning},
 booktitle = {Proceedings of the Sixth Australasian Conference on Computing Education - Volume 30},
 series = {ACE '04},
 year = {2004},
 location = {Dunedin, New Zealand},
 pages = {335--341},
 numpages = {7},
 url = {http://dl.acm.org/citation.cfm?id=979968.980013},
 acmid = {980013},
 publisher = {Australian Computer Society, Inc.},
 address = {Darlinghurst, Australia, Australia},
 keywords = {Web-based learning, collaboration, cooperation, knowledge acquisition, knowledge management, knowledge sharing},
}

@inproceedings{Karampiperis:2005:DLS:1062745.1062893,
 author = {Karampiperis, Pythagoras and Sampson, Demetrios},
 title = {Designing Learning Services: From Content-based to Activity-based Learning Systems},
 booktitle = {Special Interest Tracks and Posters of the 14th International Conference on World Wide Web},
 series = {WWW '05},
 year = {2005},
 isbn = {1-59593-051-5},
 location = {Chiba, Japan},
 pages = {1110--1111},
 numpages = {2},
 url = {http://doi.acm.org/10.1145/1062745.1062893},
 doi = {10.1145/1062745.1062893},
 acmid = {1062893},
 publisher = {ACM},
 address = {New York, NY, USA},
 keywords = {architectures, authoring tools, learning activities, learning design, reusability},
}

@inproceedings{Raffle:2007:JES:1297277.1297306,
 author = {Raffle, Hayes and Vaucelle, Cati and Wang, Ruibing and Ishii, Hiroshi},
 title = {Jabberstamp: Embedding Sound and Voice in Traditional Drawings},
 booktitle = {Proceedings of the 6th International Conference on Interaction Design and Children},
 series = {IDC '07},
 year = {2007},
 isbn = {978-1-59593-747-6},
 location = {Aalborg, Denmark},
 pages = {137--144},
 numpages = {8},
 url = {http://doi.acm.org/10.1145/1297277.1297306},
 doi = {10.1145/1297277.1297306},
 acmid = {1297306},
 publisher = {ACM},
 address = {New York, NY, USA},
 keywords = {children, drawing, learning, literacy, storytelling, tangible interface, toy},
}

@article{Sharples:2002:DIM:594351.594358,
 author = {Sharples, Mike and Corlett, Dan and Westmancott, Oliver},
 title = {The Design and Implementation of a Mobile Learning Resource},
 journal = {Personal Ubiquitous Comput.},
 issue_date = {May 2002},
 volume = {6},
 number = {3},
 month = jan,
 year = {2002},
 issn = {1617-4909},
 pages = {220--234},
 numpages = {15},
 url = {https://doi.org/10.1007/s007790200021},
 doi = {10.1007/s007790200021},
 acmid = {594358},
 publisher = {Springer-Verlag},
 address = {London, UK, UK},
}

@inproceedings{Tucker:2009:MLJ:1566445.1566469,
 author = {Tucker, Tia G. and Winchester,III, Woodrow W.},
 title = {Mobile Learning for Just-in-time Applications},
 booktitle = {Proceedings of the 47th Annual Southeast Regional Conference},
 series = {ACM-SE 47},
 year = {2009},
 isbn = {978-1-60558-421-8},
 location = {Clemson, South Carolina},
 pages = {17:1--17:5},
 articleno = {17},
 numpages = {5},
 url = {http://doi.acm.org/10.1145/1566445.1566469},
 doi = {10.1145/1566445.1566469},
 acmid = {1566469},
 publisher = {ACM},
 address = {New York, NY, USA},
 keywords = {education, just-in-time training, mobile-learning (m-learning), socio-technical system},
}

@inproceedings{Ahmad:2007:TAC:1255175.1255268,
 author = {Ahmad, Faisal and de la Chica, Sebastian and Butcher, Kirsten and Sumner, Tamara and Martin, James H.},
 title = {Towards Automatic Conceptual Personalization Tools},
 booktitle = {Proceedings of the 7th ACM/IEEE-CS Joint Conference on Digital Libraries},
 series = {JCDL '07},
 year = {2007},
 isbn = {978-1-59593-644-8},
 location = {Vancouver, BC, Canada},
 pages = {452--461},
 numpages = {10},
 url = {http://doi.acm.org/10.1145/1255175.1255268},
 doi = {10.1145/1255175.1255268},
 acmid = {1255268},
 publisher = {ACM},
 address = {New York, NY, USA},
 keywords = {competency models, digital libraries, instructional plans, knowledge maps, personalization, student misconceptions},
}

@inproceedings{Cubric:2008:ALT:1822258.1822296,
 author = {Cubric, Marija},
 title = {Agile Learning \& Teaching with Wikis: Building a Pattern},
 booktitle = {Proceedings of the 4th International Symposium on Wikis},
 series = {WikiSym '08},
 year = {2008},
 isbn = {978-1-60558-128-6},
 location = {Porto, Portugal},
 pages = {28:1--28:2},
 articleno = {28},
 numpages = {2},
 url = {http://doi.acm.org/10.1145/1822258.1822296},
 doi = {10.1145/1822258.1822296},
 acmid = {1822296},
 publisher = {ACM},
 address = {New York, NY, USA},
 keywords = {agile development, blended learning, wikis},
}

@inproceedings{Syed:2018:EDR:3176349.3176397,
 author = {Syed, Rohail and Collins-Thompson, Kevyn},
 title = {Exploring Document Retrieval Features Associated with Improved Short- and Long-term Vocabulary Learning Outcomes},
 booktitle = {Proceedings of the 2018 Conference on Human Information Interaction \& Retrieval},
 series = {CHIIR '18},
 year = {2018},
 isbn = {978-1-4503-4925-3},
 location = {New Brunswick, NJ, USA},
 pages = {191--200},
 numpages = {10},
 url = {http://doi.acm.org/10.1145/3176349.3176397},
 doi = {10.1145/3176349.3176397},
 acmid = {3176397},
 publisher = {ACM},
 address = {New York, NY, USA},
 keywords = {information retrieval, long-term learning, personalization, regression models, search as learning, vocabulary learning},
}

@inproceedings{Wee:2008:RMP:1599871.1599928,
 author = {Wee, Juan Dee and Looi, Chee-Kit},
 title = {Re-inventing Maths Problem Design: Using Guided Collaborative Critique (GCC) in Chat Environments},
 booktitle = {Proceedings of the 8th International Conference on International Conference for the Learning Sciences - Volume 2},
 series = {ICLS'08},
 year = {2008},
 location = {Utrecht, The Netherlands},
 pages = {459--466},
 numpages = {8},
 url = {http://dl.acm.org/citation.cfm?id=1599871.1599928},
 acmid = {1599928},
 publisher = {International Society of the Learning Sciences},
 keywords = {collaborative environment, computer-mediated communication, mathematical discourse, uptakes},
}

