@inproceedings{Nanney:1976:CSE:800144.804768,
 author = {Nanney, T. Ray},
 title = {Computer Science: An Essential Course for the Liberal Arts},
 booktitle = {Proceedings of the Sixth SIGCSE Technical Symposium on Computer Science Education},
 series = {SIGCSE '76},
 year = {1976},
 pages = {102--105},
 numpages = {4},
 url = {http://doi.acm.org/10.1145/800144.804768},
 doi = {10.1145/800144.804768},
 acmid = {804768},
 publisher = {ACM},
 address = {New York, NY, USA},
}

@article{Nanney:1976:CSE:952991.804768,
 author = {Nanney, T. Ray},
 title = {Computer Science: An Essential Course for the Liberal Arts},
 journal = {SIGCSE Bull.},
 issue_date = {July 1976},
 volume = {8},
 number = {3},
 month = jul,
 year = {1976},
 issn = {0097-8418},
 pages = {102--105},
 numpages = {4},
 url = {http://doi.acm.org/10.1145/952991.804768},
 doi = {10.1145/952991.804768},
 acmid = {804768},
 publisher = {ACM},
 address = {New York, NY, USA},
}

@techreport{Ashenhurst:1983:ACR:2594501,
 author = {Ashenhurst, R. L.},
 title = {ACM Curricula Recommendations for Information Systems},
 year = {1983},
 isbn = {0-89791 118-0},
 publisher = {ACM},
 address = {New York, NY, USA},
}

@techreport{Atchison:1981:ARC:2594496,
 author = {Atchison, William F. and Conte, Samuel D. and Hamblen, John W. and Hull, Thomas E. and Keenan, Thomas A. and Kehl, William B. and McCluskey, Edward J. and Navarro, Silvio O. and Rheinboldt, Werner C. and Schweppe, Earl J. and Viavant, William and Young,Jr., David M.},
 title = {ACM Recommended Curricula for Computer Science and Information Processing Programs in Colleges and Universities, 1968-1981},
 year = {1981},
 isbn = {0-89791-058-3},
 note = {ACM Order No.: 201813},
 publisher = {ACM},
 address = {New York, NY, USA},
}

@inproceedings{Mirolo:2019:ENP:3304221.3319746,
 author = {Mirolo, Claudio and Izu, Cruz},
 title = {An Exploration of Novice Programmers' Comprehension of Conditionals in Imperative and Functional Programming},
 booktitle = {Proceedings of the 2019 ACM Conference on Innovation and Technology in Computer Science Education},
 series = {ITiCSE '19},
 year = {2019},
 isbn = {978-1-4503-6301-3},
 location = {Aberdeen, Scotland Uk},
 pages = {436--442},
 numpages = {7},
 url = {http://doi.acm.org/10.1145/3304221.3319746},
 doi = {10.1145/3304221.3319746},
 acmid = {3319746},
 publisher = {ACM},
 address = {New York, NY, USA},
 keywords = {cs1, imperative vs. functional programming, program comprehension, reversibility, solo taxonomy},
}

