@inproceedings{Pandey:2017:GIC:3025453.3025769,
 author = {Pandey, Vineet and Amir, Amnon and Debelius, Justine and Hyde, Embriette R. and Kosciolek, Tomasz and Knight, Rob and Klemmer, Scott},
 title = {Gut Instinct: Creating Scientific Theories with Online Learners},
 booktitle = {Proceedings of the 2017 CHI Conference on Human Factors in Computing Systems},
 series = {CHI '17},
 year = {2017},
 isbn = {978-1-4503-4655-9},
 location = {Denver, Colorado, USA},
 pages = {6825--6836},
 numpages = {12},
 url = {http://doi.acm.org/10.1145/3025453.3025769},
 doi = {10.1145/3025453.3025769},
 acmid = {3025769},
 publisher = {ACM},
 address = {New York, NY, USA},
 keywords = {citizen science, crowdsourcing, online learning, social computing systems},
}

@inproceedings{Okada:2014:FAM:2567574.2567579,
 author = {Okada, Masaya and Tada, Masahiro},
 title = {Formative Assessment Method of Real-world Learning by Integrating Heterogeneous Elements of Behavior, Knowledge, and the Environment},
 booktitle = {Proceedings of the Fourth International Conference on Learning Analytics And Knowledge},
 series = {LAK '14},
 year = {2014},
 isbn = {978-1-4503-2664-3},
 location = {Indianapolis, Indiana, USA},
 pages = {1--10},
 numpages = {10},
 url = {http://doi.acm.org/10.1145/2567574.2567579},
 doi = {10.1145/2567574.2567579},
 acmid = {2567579},
 publisher = {ACM},
 address = {New York, NY, USA},
 keywords = {context estimation, formative assessment, multimodal sensing, real-world learning, spatial information distribution},
}

@inproceedings{Hatton:2008:LMT:1401843.1401857,
 author = {Hatton, Sarah and Birchfield, David and Megowan-Romanowicz, M. Colleen},
 title = {Learning Metaphor Through Mixed-reality Game Design and Game Play},
 booktitle = {Proceedings of the 2008 ACM SIGGRAPH Symposium on Video Games},
 series = {Sandbox '08},
 year = {2008},
 isbn = {978-1-60558-173-6},
 location = {Los Angeles, California},
 pages = {67--74},
 numpages = {8},
 url = {http://doi.acm.org/10.1145/1401843.1401857},
 doi = {10.1145/1401843.1401857},
 acmid = {1401857},
 publisher = {ACM},
 address = {New York, NY, USA},
 keywords = {K-12, digital games, education, game design, game-based learning, learning, play},
}

@inproceedings{Yuliati:2018:ITM:3206129.3239423,
 author = {Yuliati, Lia and Munfaridah, Nuril},
 title = {The Influence of Thinking Maps on Discovery Learning Toward Physics Problem Solving Skills},
 booktitle = {Proceedings of the 2Nd International Conference on Education and Multimedia Technology},
 series = {ICEMT 2018},
 year = {2018},
 isbn = {978-1-4503-6525-3},
 location = {Okinawa, Japan},
 pages = {59--63},
 numpages = {5},
 url = {http://doi.acm.org/10.1145/3206129.3239423},
 doi = {10.1145/3206129.3239423},
 acmid = {3239423},
 publisher = {ACM},
 address = {New York, NY, USA},
 keywords = {Discovery learning, physics, problem-solving skills, thinking maps},
}

@inproceedings{Webb:2013:USE:2445196.2445227,
 author = {Webb, Heidi and Rosson, Mary Beth},
 title = {Using Scaffolded Examples to Teach Computational Thinking Concepts},
 booktitle = {Proceeding of the 44th ACM Technical Symposium on Computer Science Education},
 series = {SIGCSE '13},
 year = {2013},
 isbn = {978-1-4503-1868-6},
 location = {Denver, Colorado, USA},
 pages = {95--100},
 numpages = {6},
 url = {http://doi.acm.org/10.1145/2445196.2445227},
 doi = {10.1145/2445196.2445227},
 acmid = {2445227},
 publisher = {ACM},
 address = {New York, NY, USA},
 keywords = {middle school girls, scaffolded example, scratch},
}

@article{Guzdial:2017:BTC:3098997.3077227,
 author = {Guzdial, Mark},
 title = {Balancing Teaching CS Efficiently with Motivating Students},
 journal = {Commun. ACM},
 issue_date = {June 2017},
 volume = {60},
 number = {6},
 month = may,
 year = {2017},
 issn = {0001-0782},
 pages = {10--11},
 numpages = {2},
 url = {http://doi.acm.org/10.1145/3077227},
 doi = {10.1145/3077227},
 acmid = {3077227},
 publisher = {ACM},
 address = {New York, NY, USA},
}

@inproceedings{Philpott:2009:USP:1508865.1509012,
 author = {Philpott, Anne and Clear, Tony and Whalley, Jacqueline},
 title = {Understanding Student Performance on an Algorithm Simulation Task: Implications for Guided Learning},
 booktitle = {Proceedings of the 40th ACM Technical Symposium on Computer Science Education},
 series = {SIGCSE '09},
 year = {2009},
 isbn = {978-1-60558-183-5},
 location = {Chattanooga, TN, USA},
 pages = {408--412},
 numpages = {5},
 url = {http://doi.acm.org/10.1145/1508865.1509012},
 doi = {10.1145/1508865.1509012},
 acmid = {1509012},
 publisher = {ACM},
 address = {New York, NY, USA},
 keywords = {abstraction, algorithms, comprehension, cs3, discovery learning, novice programmers, problem based learning, solo},
}

@article{Philpott:2009:USP:1539024.1509012,
 author = {Philpott, Anne and Clear, Tony and Whalley, Jacqueline},
 title = {Understanding Student Performance on an Algorithm Simulation Task: Implications for Guided Learning},
 journal = {SIGCSE Bull.},
 issue_date = {March 2009},
 volume = {41},
 number = {1},
 month = mar,
 year = {2009},
 issn = {0097-8418},
 pages = {408--412},
 numpages = {5},
 url = {http://doi.acm.org/10.1145/1539024.1509012},
 doi = {10.1145/1539024.1509012},
 acmid = {1509012},
 publisher = {ACM},
 address = {New York, NY, USA},
 keywords = {abstraction, algorithms, comprehension, cs3, discovery learning, novice programmers, problem based learning, solo},
}

@inproceedings{Sabitzer:2013:BPN:2462476.2488328,
 author = {Sabitzer, Barbara and Strutzmann, Sandra},
 title = {Brain-based Programming: A New Concept for Computer Science Education},
 booktitle = {Proceedings of the 18th ACM Conference on Innovation and Technology in Computer Science Education},
 series = {ITiCSE '13},
 year = {2013},
 isbn = {978-1-4503-2078-8},
 location = {Canterbury, England, UK},
 pages = {345--345},
 numpages = {1},
 url = {http://doi.acm.org/10.1145/2462476.2488328},
 doi = {10.1145/2462476.2488328},
 acmid = {2488328},
 publisher = {ACM},
 address = {New York, NY, USA},
 keywords = {brain-based learning, computer science education, programming},
}

@inproceedings{Sabitzer:2014:BTP:2591708.2602674,
 author = {Sabitzer, Barbara and Pasterk, Stefan},
 title = {Brain-based Teaching in Programming Courses},
 booktitle = {Proceedings of the 2014 Conference on Innovation \&\#38; Technology in Computer Science Education},
 series = {ITiCSE '14},
 year = {2014},
 isbn = {978-1-4503-2833-3},
 location = {Uppsala, Sweden},
 pages = {355--355},
 numpages = {1},
 url = {http://doi.acm.org/10.1145/2591708.2602674},
 doi = {10.1145/2591708.2602674},
 acmid = {2602674},
 publisher = {ACM},
 address = {New York, NY, USA},
 keywords = {brain-based learning, computer science education, neurodidactics},
}

@inproceedings{Petri:2015:PGJ:2786567.2801610,
 author = {Petri, Anja and Schindler, Christian and Slany, Wolfgang and Spieler, Bernadette and Smith, Jonathan},
 title = {Pocket Game Jams: A Constructionist Approach at Schools},
 booktitle = {Proceedings of the 17th International Conference on Human-Computer Interaction with Mobile Devices and Services Adjunct},
 series = {MobileHCI '15},
 year = {2015},
 isbn = {978-1-4503-3653-6},
 location = {Copenhagen, Denmark},
 pages = {1207--1211},
 numpages = {5},
 url = {http://doi.acm.org/10.1145/2786567.2801610},
 doi = {10.1145/2786567.2801610},
 acmid = {2801610},
 publisher = {ACM},
 address = {New York, NY, USA},
 keywords = {Game Jam, Pocket Code, Pocket Game Jam, constructionism, constructivism, educational application, learning by doing},
}

@inproceedings{Koski:2008:WUR:1595356.1595363,
 author = {Koski, Marja-Ilona and Kurhila, Jaakko and Pasanen, Tomi A.},
 title = {Why Using Robots to Teach Computer Science Can Be Successful Theoretical Reflection to Andragogy and Minimalism},
 booktitle = {Proceedings of the 8th International Conference on Computing Education Research},
 series = {Koli '08},
 year = {2008},
 isbn = {978-1-60558-385-3},
 location = {Koli, Finland},
 pages = {32--40},
 numpages = {9},
 url = {http://doi.acm.org/10.1145/1595356.1595363},
 doi = {10.1145/1595356.1595363},
 acmid = {1595363},
 publisher = {ACM},
 address = {New York, NY, USA},
 keywords = {adult education, adult learning theories, evaluation, robots, teaching experiment},
}

@inproceedings{Bauer:2017:DAO:3102071.3102106,
 author = {Bauer, Aaron and Butler, Eric and Popovi\'{c}, Zoran},
 title = {Dragon Architect: Open Design Problems for Guided Learning in a Creative Computational Thinking Sandbox Game},
 booktitle = {Proceedings of the 12th International Conference on the Foundations of Digital Games},
 series = {FDG '17},
 year = {2017},
 isbn = {978-1-4503-5319-9},
 location = {Hyannis, Massachusetts},
 pages = {26:1--26:6},
 articleno = {26},
 numpages = {6},
 url = {http://doi.acm.org/10.1145/3102071.3102106},
 doi = {10.1145/3102071.3102106},
 acmid = {3102106},
 publisher = {ACM},
 address = {New York, NY, USA},
 keywords = {computational thinking, game-based learning, programming education},
}

@inproceedings{Kussmaul:2012:POG:2157136.2157246,
 author = {Kussmaul, Clifton},
 title = {Process Oriented Guided Inquiry Learning (POGIL) for Computer Science},
 booktitle = {Proceedings of the 43rd ACM Technical Symposium on Computer Science Education},
 series = {SIGCSE '12},
 year = {2012},
 isbn = {978-1-4503-1098-7},
 location = {Raleigh, North Carolina, USA},
 pages = {373--378},
 numpages = {6},
 url = {http://doi.acm.org/10.1145/2157136.2157246},
 doi = {10.1145/2157136.2157246},
 acmid = {2157246},
 publisher = {ACM},
 address = {New York, NY, USA},
 keywords = {POGIL, active learning, algorithms, communication, data structures, experience report, inquiry learning, software engineering, teams},
}

@inproceedings{Sabitzer:2013:ICC:2532748.2532766,
 author = {Sabitzer, Barbara and Pasterk, Stefan and Elsenbaumer, Sabrina},
 title = {Informatics is COOL: Cooperative and Computer-assisted Open Learning},
 booktitle = {Proceedings of the 8th Workshop in Primary and Secondary Computing Education},
 series = {WiPSE '13},
 year = {2013},
 isbn = {978-1-4503-2455-7},
 location = {Aarhus, Denmark},
 pages = {91--94},
 numpages = {4},
 url = {http://doi.acm.org/10.1145/2532748.2532766},
 doi = {10.1145/2532748.2532766},
 acmid = {2532766},
 publisher = {ACM},
 address = {New York, NY, USA},
 keywords = {computer-supported learning, cooperative open learning},
}

@inproceedings{Gomes:2016:VBI:3014033.3014044,
 author = {Gomes, Teresa Dias Pedro and Goei, Sui Lin and van Joolingen, Wouter and Cai, Yiyu},
 title = {VR Biology, an Interdisciplinary and International Student Project Towards an Inquiry-based Pedagogy},
 booktitle = {Proceedings of the 3rd Asia-Europe Symposium on Simulation \& Serious Gaming},
 series = {VRCAI '16},
 year = {2016},
 isbn = {978-1-4503-4693-1},
 location = {Zhuhai, China},
 pages = {169--171},
 numpages = {3},
 url = {http://doi.acm.org/10.1145/3014033.3014044},
 doi = {10.1145/3014033.3014044},
 acmid = {3014044},
 publisher = {ACM},
 address = {New York, NY, USA},
 keywords = {and mathematics, education in science, engineering, inquiry-based pedagogy for biology, lesson study, model based simulation, models in biology, technology, virtual reality},
}

@inproceedings{Bennett:2011:CER:1999747.1999800,
 author = {Bennett, Vicki E. and Koh, Kyu Han and Repenning, Alexander},
 title = {CS Education Re-kindles Creativity in Public Schools},
 booktitle = {Proceedings of the 16th Annual Joint Conference on Innovation and Technology in Computer Science Education},
 series = {ITiCSE '11},
 year = {2011},
 isbn = {978-1-4503-0697-3},
 location = {Darmstadt, Germany},
 pages = {183--187},
 numpages = {5},
 url = {http://doi.acm.org/10.1145/1999747.1999800},
 doi = {10.1145/1999747.1999800},
 acmid = {1999800},
 publisher = {ACM},
 address = {New York, NY, USA},
 keywords = {creativity, cs education, game design, middle school programming, scalable game design},
}

@inproceedings{Jackson:2012:ESR:2184512.2184594,
 author = {Jackson, Jacqueline and Moore, Loretta},
 title = {Engaging Students in Research: Benefits, Lessons Learned and Recommendations},
 booktitle = {Proceedings of the 50th Annual Southeast Regional Conference},
 series = {ACM-SE '12},
 year = {2012},
 isbn = {978-1-4503-1203-5},
 location = {Tuscaloosa, Alabama},
 pages = {339--340},
 numpages = {2},
 url = {http://doi.acm.org/10.1145/2184512.2184594},
 doi = {10.1145/2184512.2184594},
 acmid = {2184594},
 publisher = {ACM},
 address = {New York, NY, USA},
 keywords = {BANGA, RFID, VACCINE, research experiences for students},
}

@article{Velazquez-Iturbide:2013:EMA:2543488.2534972,
 author = {Vel\'{a}zquez-Iturbide, J. \'{A}ngel},
 title = {An Experimental Method for the Active Learning of Greedy Algorithms},
 journal = {Trans. Comput. Educ.},
 issue_date = {November 2013},
 volume = {13},
 number = {4},
 month = nov,
 year = {2013},
 issn = {1946-6226},
 pages = {18:1--18:23},
 articleno = {18},
 numpages = {23},
 url = {http://doi.acm.org/10.1145/2534972},
 doi = {10.1145/2534972},
 acmid = {2534972},
 publisher = {ACM},
 address = {New York, NY, USA},
 keywords = {Computer science education, active learning, greedy algorithms, misconceptions, usability, visualization},
}

@inproceedings{Donahue:2013:ICP:2460625.2460647,
 author = {Donahue, Thomas J. and Poor, G. Michael and Mott, Martez E. and Leventhal, Laura Marie and Zimmerman, Guy and Klopfer, Dale},
 title = {On Interface Closeness and Problem Solving},
 booktitle = {Proceedings of the 7th International Conference on Tangible, Embedded and Embodied Interaction},
 series = {TEI '13},
 year = {2013},
 isbn = {978-1-4503-1898-3},
 location = {Barcelona, Spain},
 pages = {139--146},
 numpages = {8},
 url = {http://doi.acm.org/10.1145/2460625.2460647},
 doi = {10.1145/2460625.2460647},
 acmid = {2460647},
 publisher = {ACM},
 address = {New York, NY, USA},
 keywords = {interface closeness, problem solving, tangible interface},
}

@inproceedings{Foerster:2016:IPM:2978192.2978222,
 author = {Foerster, Klaus-Tycho},
 title = {Integrating Programming into the Mathematics Curriculum: Combining Scratch and Geometry in Grades 6 and 7},
 booktitle = {Proceedings of the 17th Annual Conference on Information Technology Education},
 series = {SIGITE '16},
 year = {2016},
 isbn = {978-1-4503-4452-4},
 location = {Boston, Massachusetts, USA},
 pages = {91--96},
 numpages = {6},
 url = {http://doi.acm.org/10.1145/2978192.2978222},
 doi = {10.1145/2978192.2978222},
 acmid = {2978222},
 publisher = {ACM},
 address = {New York, NY, USA},
 keywords = {education, geometry, programming, scratch},
}

@inproceedings{Tirronen:2011:MTP:2094131.2094143,
 author = {Tirronen, Ville and Isom\"{o}tt\"{o}nen, Ville},
 title = {Making Teaching of Programming Learning-oriented and Learner-directed},
 booktitle = {Proceedings of the 11th Koli Calling International Conference on Computing Education Research},
 series = {Koli Calling '11},
 year = {2011},
 isbn = {978-1-4503-1052-9},
 location = {Koli, Finland},
 pages = {60--65},
 numpages = {6},
 url = {http://doi.acm.org/10.1145/2094131.2094143},
 doi = {10.1145/2094131.2094143},
 acmid = {2094143},
 publisher = {ACM},
 address = {New York, NY, USA},
 keywords = {functional programming, learner-centered teaching, programming education},
}

@article{Hill:2003:PGA:792548.611964,
 author = {Hill, John M. D. and Ray, Clark K. and Blair, Jean R. S. and Carver,Jr., Curtis A.},
 title = {Puzzles and Games: Addressing Different Learning Styles in Teaching Operating Systems Concepts},
 journal = {SIGCSE Bull.},
 issue_date = {January 2003},
 volume = {35},
 number = {1},
 month = jan,
 year = {2003},
 issn = {0097-8418},
 pages = {182--186},
 numpages = {5},
 url = {http://doi.acm.org/10.1145/792548.611964},
 doi = {10.1145/792548.611964},
 acmid = {611964},
 publisher = {ACM},
 address = {New York, NY, USA},
 keywords = {classroom games, learning styles, operating systems},
}

@inproceedings{Hill:2003:PGA:611892.611964,
 author = {Hill, John M. D. and Ray, Clark K. and Blair, Jean R. S. and Carver,Jr., Curtis A.},
 title = {Puzzles and Games: Addressing Different Learning Styles in Teaching Operating Systems Concepts},
 booktitle = {Proceedings of the 34th SIGCSE Technical Symposium on Computer Science Education},
 series = {SIGCSE '03},
 year = {2003},
 isbn = {1-58113-648-X},
 location = {Reno, Navada, USA},
 pages = {182--186},
 numpages = {5},
 url = {http://doi.acm.org/10.1145/611892.611964},
 doi = {10.1145/611892.611964},
 acmid = {611964},
 publisher = {ACM},
 address = {New York, NY, USA},
 keywords = {classroom games, learning styles, operating systems},
}

@inproceedings{Kibuku:2018:FET:3283458.3283492,
 author = {Kibuku, Rachael Njeri and Ochieng, Daniel Orwa},
 title = {Formulating an e-Learning Theory: A Grounded Theory Approach},
 booktitle = {Proceedings of the Second African Conference for Human Computer Interaction: Thriving Communities},
 series = {AfriCHI '18},
 year = {2018},
 isbn = {978-1-4503-6558-1},
 location = {Windhoek, Namibia},
 pages = {37:1--37:5},
 articleno = {37},
 numpages = {5},
 url = {http://doi.acm.org/10.1145/3283458.3283492},
 doi = {10.1145/3283458.3283492},
 acmid = {3283492},
 publisher = {ACM},
 address = {New York, NY, USA},
 keywords = {connectivism, e-learning, learning, pedagogy, theory},
}

@inproceedings{Taamallah:2014:DES:2669711.2669926,
 author = {Taamallah, Aroua and Khemaja, Maha},
 title = {Designing and eXperiencing Smart Objects Based Learning Scenarios: An Approach Combining IMS LD, XAPI and IoT},
 booktitle = {Proceedings of the Second International Conference on Technological Ecosystems for Enhancing Multiculturality},
 series = {TEEM '14},
 year = {2014},
 isbn = {978-1-4503-2896-8},
 location = {Salamanca, Spain},
 pages = {373--379},
 numpages = {7},
 url = {http://doi.acm.org/10.1145/2669711.2669926},
 doi = {10.1145/2669711.2669926},
 acmid = {2669926},
 publisher = {ACM},
 address = {New York, NY, USA},
 keywords = {IMS LD, IoT, experience (tin can) API, learning objects, learning scenarios, pervasive learning, smart learning environments},
}

@inproceedings{Moher:2009:PIW:1551788.1551808,
 author = {Moher, Tom},
 title = {Putting Interference to Work in the Design of a Whole-class Learning Activity},
 booktitle = {Proceedings of the 8th International Conference on Interaction Design and Children},
 series = {IDC '09},
 year = {2009},
 isbn = {978-1-60558-395-2},
 location = {Como, Italy},
 pages = {115--122},
 numpages = {8},
 url = {http://doi.acm.org/10.1145/1551788.1551808},
 doi = {10.1145/1551788.1551808},
 acmid = {1551808},
 publisher = {ACM},
 address = {New York, NY, USA},
 keywords = {control of variables, elementary school learners, interference, science inquiry, single-display groupware},
}

@inproceedings{Knobelsdorf:2016:ASP:2960310.2960331,
 author = {Knobelsdorf, Maria and Frede, Christiane},
 title = {Analyzing Student Practices in Theory of Computation in Light of Distributed Cognition Theory},
 booktitle = {Proceedings of the 2016 ACM Conference on International Computing Education Research},
 series = {ICER '16},
 year = {2016},
 isbn = {978-1-4503-4449-4},
 location = {Melbourne, VIC, Australia},
 pages = {73--81},
 numpages = {9},
 url = {http://doi.acm.org/10.1145/2960310.2960331},
 doi = {10.1145/2960310.2960331},
 acmid = {2960331},
 publisher = {ACM},
 address = {New York, NY, USA},
 keywords = {cs ed, distributed cognition theory, ethnographical approach, np-completeness proofs, observational study, qualitative research, students, theory of computation},
}

@article{Armoni:2015:SLP:2698235.2677087,
 author = {Armoni, Michal and Meerbaum-Salant, Orni and Ben-Ari, Mordechai},
 title = {From Scratch to \&Ldquo;Real\&Rdquo; Programming},
 journal = {Trans. Comput. Educ.},
 issue_date = {February 2015},
 volume = {14},
 number = {4},
 month = feb,
 year = {2015},
 issn = {1946-6226},
 pages = {25:1--25:15},
 articleno = {25},
 numpages = {15},
 url = {http://doi.acm.org/10.1145/2677087},
 doi = {10.1145/2677087},
 acmid = {2677087},
 publisher = {ACM},
 address = {New York, NY, USA},
 keywords = {Scratch, computer programming, middle schools, spiral curriculum},
}

@inproceedings{Pollock:2019:ICT:3287324.3287469,
 author = {Pollock, Lori and Mouza, Chrystalla and Guidry, Kevin R. and Pusecker, Kathleen},
 title = {Infusing Computational Thinking Across Disciplines: Reflections \&\#38; Lessons Learned},
 booktitle = {Proceedings of the 50th ACM Technical Symposium on Computer Science Education},
 series = {SIGCSE '19},
 year = {2019},
 isbn = {978-1-4503-5890-3},
 location = {Minneapolis, MN, USA},
 pages = {435--441},
 numpages = {7},
 url = {http://doi.acm.org/10.1145/3287324.3287469},
 doi = {10.1145/3287324.3287469},
 acmid = {3287469},
 publisher = {ACM},
 address = {New York, NY, USA},
 keywords = {computational thinking, computer science, computer science principles., undergraduate students},
}

@inproceedings{Reynolds:2007:ADP:1324302.1324306,
 author = {Reynolds, Charles W. and Goda, Bryan S.},
 title = {The Affective Dimension of Pervasive Themes in the Information Technology Curriculum},
 booktitle = {Proceedings of the 8th ACM SIGITE Conference on Information Technology Education},
 series = {SIGITE '07},
 year = {2007},
 isbn = {978-1-59593-920-3},
 location = {Destin, Florida, USA},
 pages = {13--20},
 numpages = {8},
 url = {http://doi.acm.org/10.1145/1324302.1324306},
 doi = {10.1145/1324302.1324306},
 acmid = {1324306},
 publisher = {ACM},
 address = {New York, NY, USA},
 keywords = {ACM computing curricula, affective objectives, curricular design, curricular evaluation, information technology curriculum, model curricula, pervasive themes},
}

@inproceedings{Ni:2011:BCS:1953163.1953319,
 author = {Ni, Lijun and Guzdial, Mark and Tew, Allison Elliott and Morrison, Briana and Galanos, Ria},
 title = {Building a Community to Support HS CS Teachers: The Disciplinary Commons for Computing Educators},
 booktitle = {Proceedings of the 42Nd ACM Technical Symposium on Computer Science Education},
 series = {SIGCSE '11},
 year = {2011},
 isbn = {978-1-4503-0500-6},
 location = {Dallas, TX, USA},
 pages = {553--558},
 numpages = {6},
 url = {http://doi.acm.org/10.1145/1953163.1953319},
 doi = {10.1145/1953163.1953319},
 acmid = {1953319},
 publisher = {ACM},
 address = {New York, NY, USA},
 keywords = {CS teacher, community, reflection},
}

@inproceedings{Gomes:2010:SSP:1822090.1822123,
 author = {Gomes, Anabela Jesus and Mendes, Ant\'{o}nio Jos{\'e}},
 title = {A Study on Student Performance in First Year CS Courses},
 booktitle = {Proceedings of the Fifteenth Annual Conference on Innovation and Technology in Computer Science Education},
 series = {ITiCSE '10},
 year = {2010},
 isbn = {978-1-60558-820-9},
 location = {Bilkent, Ankara, Turkey},
 pages = {113--117},
 numpages = {5},
 url = {http://doi.acm.org/10.1145/1822090.1822123},
 doi = {10.1145/1822090.1822123},
 acmid = {1822123},
 publisher = {ACM},
 address = {New York, NY, USA},
 keywords = {learning difficulties, learning styles, programming learning},
}

@article{Cooper:2010:TCS:1721933.1721934,
 author = {Cooper, Steve and Cunningham, Steve},
 title = {Teaching Computer Science in Context},
 journal = {ACM Inroads},
 issue_date = {March 2010},
 volume = {1},
 number = {1},
 month = mar,
 year = {2010},
 issn = {2153-2184},
 pages = {5--8},
 numpages = {4},
 url = {http://doi.acm.org/10.1145/1721933.1721934},
 doi = {10.1145/1721933.1721934},
 acmid = {1721934},
 publisher = {ACM},
 address = {New York, NY, USA},
 keywords = {computational thinking, computer science education, context, engagement, motivation},
}

@inproceedings{Sirkia:2015:SUP:2787622.2787719,
 author = {Sirki\"{a}, Teemu and Sorva, Juha},
 title = {How Do Students Use Program Visualizations Within an Interactive Ebook?},
 booktitle = {Proceedings of the Eleventh Annual International Conference on International Computing Education Research},
 series = {ICER '15},
 year = {2015},
 isbn = {978-1-4503-3630-7},
 location = {Omaha, Nebraska, USA},
 pages = {179--188},
 numpages = {10},
 url = {http://doi.acm.org/10.1145/2787622.2787719},
 doi = {10.1145/2787622.2787719},
 acmid = {2787719},
 publisher = {ACM},
 address = {New York, NY, USA},
 keywords = {beginner programmers, cs1, ebooks, program visualization},
}

@article{Navarro:2009:MES:1539024.1508981,
 author = {Navarro, Emily and van der Hoek, Andr{\'e}},
 title = {Multi-site Evaluation of SimSE},
 journal = {SIGCSE Bull.},
 issue_date = {March 2009},
 volume = {41},
 number = {1},
 month = mar,
 year = {2009},
 issn = {0097-8418},
 pages = {326--330},
 numpages = {5},
 url = {http://doi.acm.org/10.1145/1539024.1508981},
 doi = {10.1145/1539024.1508981},
 acmid = {1508981},
 publisher = {ACM},
 address = {New York, NY, USA},
 keywords = {educational evaluation, educational games, educational technology, instructional evaluation, instructional technology, simulation, software engineering education},
}

@inproceedings{Navarro:2009:MES:1508865.1508981,
 author = {Navarro, Emily and van der Hoek, Andr{\'e}},
 title = {Multi-site Evaluation of SimSE},
 booktitle = {Proceedings of the 40th ACM Technical Symposium on Computer Science Education},
 series = {SIGCSE '09},
 year = {2009},
 isbn = {978-1-60558-183-5},
 location = {Chattanooga, TN, USA},
 pages = {326--330},
 numpages = {5},
 url = {http://doi.acm.org/10.1145/1508865.1508981},
 doi = {10.1145/1508865.1508981},
 acmid = {1508981},
 publisher = {ACM},
 address = {New York, NY, USA},
 keywords = {educational evaluation, educational games, educational technology, instructional evaluation, instructional technology, simulation, software engineering education},
}

@inproceedings{Marshall:2007:TIE:1226969.1227004,
 author = {Marshall, Paul},
 title = {Do Tangible Interfaces Enhance Learning?},
 booktitle = {Proceedings of the 1st International Conference on Tangible and Embedded Interaction},
 series = {TEI '07},
 year = {2007},
 isbn = {978-1-59593-619-6},
 location = {Baton Rouge, Louisiana},
 pages = {163--170},
 numpages = {8},
 url = {http://doi.acm.org/10.1145/1226969.1227004},
 doi = {10.1145/1226969.1227004},
 acmid = {1227004},
 publisher = {ACM},
 address = {New York, NY, USA},
 keywords = {TUI, frameworks, learning, tangible interface},
}

@article{Isomottonen:2013:TPE:2483710.2483711,
 author = {Isom\"{o}tt\"{o}nen, Ville and Tirronen, Ville},
 title = {Teaching Programming by Emphasizing Self-direction: How Did Students React to the Active Role Required of Them?},
 journal = {Trans. Comput. Educ.},
 issue_date = {June 2013},
 volume = {13},
 number = {2},
 month = jul,
 year = {2013},
 issn = {1946-6226},
 pages = {6:1--6:21},
 articleno = {6},
 numpages = {21},
 url = {http://doi.acm.org/10.1145/2483710.2483711},
 doi = {10.1145/2483710.2483711},
 acmid = {2483711},
 publisher = {ACM},
 address = {New York, NY, USA},
 keywords = {Self-direction, programming education},
}

@article{Turner:2018:PRC:3266362.3152715,
 author = {Turner, Scott Alexander and P{\'e}rez-Qui\~{n}ones, Manuel A. and Edwards, Stephen H.},
 title = {Peer Review in CS2: Conceptual Learning and High-Level Thinking},
 journal = {ACM Trans. Comput. Educ.},
 issue_date = {September 2018},
 volume = {18},
 number = {3},
 month = sep,
 year = {2018},
 issn = {1946-6226},
 pages = {13:1--13:37},
 articleno = {13},
 numpages = {37},
 url = {http://doi.acm.org/10.1145/3152715},
 doi = {10.1145/3152715},
 acmid = {3152715},
 publisher = {ACM},
 address = {New York, NY, USA},
 keywords = {CS education, learning, Peer Review, object-oriented concepts, peer assessment},
}

@article{Boyer:2009:III:1539024.1508873,
 author = {Boyer, Kristy Elizabeth and Phillips, Robert and Wallis, Michael D. and Vouk, Mladen A. and Lester, James C.},
 title = {The Impact of Instructor Initiative on Student Learning: A Tutoring Study},
 journal = {SIGCSE Bull.},
 issue_date = {March 2009},
 volume = {41},
 number = {1},
 month = mar,
 year = {2009},
 issn = {0097-8418},
 pages = {14--18},
 numpages = {5},
 url = {http://doi.acm.org/10.1145/1539024.1508873},
 doi = {10.1145/1539024.1508873},
 acmid = {1508873},
 publisher = {ACM},
 address = {New York, NY, USA},
 keywords = {active learning, computing education research, problem solving, research study, teaching strategies, tutoring},
}

@inproceedings{Boyer:2009:III:1508865.1508873,
 author = {Boyer, Kristy Elizabeth and Phillips, Robert and Wallis, Michael D. and Vouk, Mladen A. and Lester, James C.},
 title = {The Impact of Instructor Initiative on Student Learning: A Tutoring Study},
 booktitle = {Proceedings of the 40th ACM Technical Symposium on Computer Science Education},
 series = {SIGCSE '09},
 year = {2009},
 isbn = {978-1-60558-183-5},
 location = {Chattanooga, TN, USA},
 pages = {14--18},
 numpages = {5},
 url = {http://doi.acm.org/10.1145/1508865.1508873},
 doi = {10.1145/1508865.1508873},
 acmid = {1508873},
 publisher = {ACM},
 address = {New York, NY, USA},
 keywords = {active learning, computing education research, problem solving, research study, teaching strategies, tutoring},
}

@inproceedings{Seol:2012:UMA:2380552.2380591,
 author = {Seol, Sunmi and Sharp, Aaron and Kim, Paul},
 title = {Use of a Mobile Application to Promote Scientific Discovery Learning: Students' Perceptions Towards and Practical Adoption of a Mobile Application},
 booktitle = {Proceedings of the 13th Annual Conference on Information Technology Education},
 series = {SIGITE '12},
 year = {2012},
 isbn = {978-1-4503-1464-0},
 location = {Calgary, Alberta, Canada},
 pages = {121--126},
 numpages = {6},
 url = {http://doi.acm.org/10.1145/2380552.2380591},
 doi = {10.1145/2380552.2380591},
 acmid = {2380591},
 publisher = {ACM},
 address = {New York, NY, USA},
 keywords = {constructivism, mobile application, mobile document, scientific discovery learning},
}

@inproceedings{Sabitzer:2013:BTC:2526968.2526994,
 author = {Sabitzer, Barbara and Pasterk, Stefan and Elsenbaumer, Sabrina},
 title = {Brain-based Teaching in Computer Science: Neurodidactical Proposals for Effective Teaching},
 booktitle = {Proceedings of the 13th Koli Calling International Conference on Computing Education Research},
 series = {Koli Calling '13},
 year = {2013},
 isbn = {978-1-4503-2482-3},
 location = {Koli, Finland},
 pages = {197--198},
 numpages = {2},
 url = {http://doi.acm.org/10.1145/2526968.2526994},
 doi = {10.1145/2526968.2526994},
 acmid = {2526994},
 publisher = {ACM},
 address = {New York, NY, USA},
 keywords = {brain-based learning, computer science education, neurodidactics},
}

@inproceedings{Baldwin:1996:DLC:236452.236544,
 author = {Baldwin, Doug},
 title = {Discovery Learning in Computer Science},
 booktitle = {Proceedings of the Twenty-seventh SIGCSE Technical Symposium on Computer Science Education},
 series = {SIGCSE '96},
 year = {1996},
 isbn = {0-89791-757-X},
 location = {Philadelphia, Pennsylvania, USA},
 pages = {222--226},
 numpages = {5},
 url = {http://doi.acm.org/10.1145/236452.236544},
 doi = {10.1145/236452.236544},
 acmid = {236544},
 publisher = {ACM},
 address = {New York, NY, USA},
}

@article{Baldwin:1996:DLC:236462.236544,
 author = {Baldwin, Doug},
 title = {Discovery Learning in Computer Science},
 journal = {SIGCSE Bull.},
 issue_date = {March 1996},
 volume = {28},
 number = {1},
 month = mar,
 year = {1996},
 issn = {0097-8418},
 pages = {222--226},
 numpages = {5},
 url = {http://doi.acm.org/10.1145/236462.236544},
 doi = {10.1145/236462.236544},
 acmid = {236544},
 publisher = {ACM},
 address = {New York, NY, USA},
}

@inproceedings{Gordon:2019:FAI:3294016.3294025,
 author = {Gordon, Neil and Brayshaw, Mike and Grey, Simon},
 title = {A Flexible Approach to Introductory Programming: Engaging and Motivating Students},
 booktitle = {Proceedings of the 3rd Conference on Computing Education Practice},
 series = {CEP '19},
 year = {2019},
 isbn = {978-1-4503-6631-1},
 location = {Durham, United Kingdom},
 pages = {15:1--15:4},
 articleno = {15},
 numpages = {4},
 url = {http://doi.acm.org/10.1145/3294016.3294025},
 doi = {10.1145/3294016.3294025},
 acmid = {3294025},
 publisher = {ACM},
 address = {New York, NY, USA},
 keywords = {Flexible Pedagogy, Gamification, Introductory Programming, Student Engagement},
}

@inproceedings{deGraaff:2008:ERD:1595356.1595358,
 author = {de Graaff, Erik},
 title = {Educational Research and Design of the Virtual Learning Environment},
 booktitle = {Proceedings of the 8th International Conference on Computing Education Research},
 series = {Koli '08},
 year = {2008},
 isbn = {978-1-60558-385-3},
 location = {Koli, Finland},
 pages = {1--3},
 numpages = {3},
 url = {http://doi.acm.org/10.1145/1595356.1595358},
 doi = {10.1145/1595356.1595358},
 acmid = {1595358},
 publisher = {ACM},
 address = {New York, NY, USA},
 keywords = {engineering education research, environment, learning, student},
}

@article{Chesnevar:2004:DSP:1026487.1008002,
 author = {Ches\~{n}evar, Carlos I. and Gonz\'{a}lez, Maria P. and Maguitman, Ana G.},
 title = {Didactic Strategies for Promoting Significant Learning in Formal Languages and Automata Theory},
 journal = {SIGCSE Bull.},
 issue_date = {September 2004},
 volume = {36},
 number = {3},
 month = jun,
 year = {2004},
 issn = {0097-8418},
 pages = {7--11},
 numpages = {5},
 url = {http://doi.acm.org/10.1145/1026487.1008002},
 doi = {10.1145/1026487.1008002},
 acmid = {1008002},
 publisher = {ACM},
 address = {New York, NY, USA},
 keywords = {automata theory, constructivism, formal languages},
}

@inproceedings{Chesnevar:2004:DSP:1007996.1008002,
 author = {Ches\~{n}evar, Carlos I. and Gonz\'{a}lez, Maria P. and Maguitman, Ana G.},
 title = {Didactic Strategies for Promoting Significant Learning in Formal Languages and Automata Theory},
 booktitle = {Proceedings of the 9th Annual SIGCSE Conference on Innovation and Technology in Computer Science Education},
 series = {ITiCSE '04},
 year = {2004},
 isbn = {1-58113-836-9},
 location = {Leeds, United Kingdom},
 pages = {7--11},
 numpages = {5},
 url = {http://doi.acm.org/10.1145/1007996.1008002},
 doi = {10.1145/1007996.1008002},
 acmid = {1008002},
 publisher = {ACM},
 address = {New York, NY, USA},
 keywords = {automata theory, constructivism, formal languages},
}

@inproceedings{Antonitsch:2013:BPG:2526968.2526993,
 author = {Antonitsch, Peter and Sabitzer, Barbara},
 title = {Brain-based Programming: A Good Concept for Schools?},
 booktitle = {Proceedings of the 13th Koli Calling International Conference on Computing Education Research},
 series = {Koli Calling '13},
 year = {2013},
 isbn = {978-1-4503-2482-3},
 location = {Koli, Finland},
 pages = {195--196},
 numpages = {2},
 url = {http://doi.acm.org/10.1145/2526968.2526993},
 doi = {10.1145/2526968.2526993},
 acmid = {2526993},
 publisher = {ACM},
 address = {New York, NY, USA},
 keywords = {brain-based learning, computer science education, programming},
}

@inproceedings{Wulf:2005:CAT:1095714.1095771,
 author = {Wulf, Tom},
 title = {Constructivist Approaches for Teaching Computer Programming},
 booktitle = {Proceedings of the 6th Conference on Information Technology Education},
 series = {SIGITE '05},
 year = {2005},
 isbn = {1-59593-252-6},
 location = {Newark, NJ, USA},
 pages = {245--248},
 numpages = {4},
 url = {http://doi.acm.org/10.1145/1095714.1095771},
 doi = {10.1145/1095714.1095771},
 acmid = {1095771},
 publisher = {ACM},
 address = {New York, NY, USA},
 keywords = {active learning, cognitive apprenticeships, constructivist pedagogy, programming instruction},
}

@inproceedings{Hellmig:2015:UAC:2818314.2818337,
 author = {Hellmig, Lutz and Hempel, Tino},
 title = {Using -- Analysing -- Creating -- Embedding: A Framework for Scaffolded Problem-Based Discovery Learning in Informatics' Education},
 booktitle = {Proceedings of the Workshop in Primary and Secondary Computing Education},
 series = {WiPSCE '15},
 year = {2015},
 isbn = {978-1-4503-3753-3},
 location = {London, United Kingdom},
 pages = {17--20},
 numpages = {4},
 url = {http://doi.acm.org/10.1145/2818314.2818337},
 doi = {10.1145/2818314.2818337},
 acmid = {2818337},
 publisher = {ACM},
 address = {New York, NY, USA},
 keywords = {discovery learning, inductive learning, learner centered, scaffolding},
}

@inproceedings{Miller:2015:UEL:2808006.2808027,
 author = {Miller, Craig S.},
 title = {Usability Evaluation: Learning When Method Findings Converge--And When They Don'T},
 booktitle = {Proceedings of the 16th Annual Conference on Information Technology Education},
 series = {SIGITE '15},
 year = {2015},
 isbn = {978-1-4503-3835-6},
 location = {Chicago, Illinois, USA},
 pages = {167--172},
 numpages = {6},
 url = {http://doi.acm.org/10.1145/2808006.2808027},
 doi = {10.1145/2808006.2808027},
 acmid = {2808027},
 publisher = {ACM},
 address = {New York, NY, USA},
 keywords = {hci education, hci methods, usability evaluation},
}

@article{Taylor:1988:VEI:382236.382853,
 author = {Taylor, Robert P.},
 title = {Visions of Education and the Implementation of Technology},
 journal = {SIGCUE Outlook},
 issue_date = {Sept. 1988},
 volume = {20},
 number = {1},
 month = sep,
 year = {1988},
 issn = {0163-5735},
 pages = {6--12},
 numpages = {7},
 url = {http://doi.acm.org/10.1145/382236.382853},
 doi = {10.1145/382236.382853},
 acmid = {382853},
 publisher = {ACM},
 address = {New York, NY, USA},
}

@inproceedings{Richard:2015:MPD:2771839.2771926,
 author = {Richard, Gabriela T. and Kafai, Yasmin B.},
 title = {Making Physical and Digital Games with e-Textiles: A Workshop for Youth Making Responsive Wearable Games and Controllers},
 booktitle = {Proceedings of the 14th International Conference on Interaction Design and Children},
 series = {IDC '15},
 year = {2015},
 isbn = {978-1-4503-3590-4},
 location = {Boston, Massachusetts},
 pages = {399--402},
 numpages = {4},
 url = {http://doi.acm.org/10.1145/2771839.2771926},
 doi = {10.1145/2771839.2771926},
 acmid = {2771926},
 publisher = {ACM},
 address = {New York, NY, USA},
 keywords = {bidirectional design, electronic textiles, game design, hybrid crafting, physical computing, tangible design},
}

@inproceedings{Antle:2011:TUD:1999030.1999032,
 author = {Antle, Alissa N. and Wise, Alyssa F. and Nielsen, Kristine},
 title = {Towards Utopia: Designing Tangibles for Learning},
 booktitle = {Proceedings of the 10th International Conference on Interaction Design and Children},
 series = {IDC '11},
 year = {2011},
 isbn = {978-1-4503-0751-2},
 location = {Ann Arbor, Michigan},
 pages = {11--20},
 numpages = {10},
 url = {http://doi.acm.org/10.1145/1999030.1999032},
 doi = {10.1145/1999030.1999032},
 acmid = {1999032},
 publisher = {ACM},
 address = {New York, NY, USA},
 keywords = {children, design, learning, sustainability, sustainability education, tangible computing, tangible user interfaces},
}

@inproceedings{Sabin:2008:CEL:1414558.1414600,
 author = {Sabin, Mihaela},
 title = {A Collaborative and Experiential Learning Model Powered by Real-world Projects},
 booktitle = {Proceedings of the 9th ACM SIGITE Conference on Information Technology Education},
 series = {SIGITE '08},
 year = {2008},
 isbn = {978-1-60558-329-7},
 location = {Cincinnati, OH, USA},
 pages = {157--164},
 numpages = {8},
 url = {http://doi.acm.org/10.1145/1414558.1414600},
 doi = {10.1145/1414558.1414600},
 acmid = {1414600},
 publisher = {ACM},
 address = {New York, NY, USA},
 keywords = {guided instruction, interactive teaching, real-world team projects, self assessment and assessment of teamwork},
}

@inproceedings{Blasquez:2017:SEE:3059009.3059039,
 author = {Blasquez, Isabelle and Leblanc, Herv{\'e}},
 title = {Specification by Example for Educational Purposes},
 booktitle = {Proceedings of the 2017 ACM Conference on Innovation and Technology in Computer Science Education},
 series = {ITiCSE '17},
 year = {2017},
 isbn = {978-1-4503-4704-4},
 location = {Bologna, Italy},
 pages = {212--217},
 numpages = {6},
 url = {http://doi.acm.org/10.1145/3059009.3059039},
 doi = {10.1145/3059009.3059039},
 acmid = {3059039},
 publisher = {ACM},
 address = {New York, NY, USA},
 keywords = {agile software development, agile teaching, specification by example},
}

@article{Qian:2017:SMO:3155324.3077618,
 author = {Qian, Yizhou and Lehman, James},
 title = {Students\&\#x2019; Misconceptions and Other Difficulties in Introductory Programming: A Literature Review},
 journal = {ACM Trans. Comput. Educ.},
 issue_date = {December 2017},
 volume = {18},
 number = {1},
 month = oct,
 year = {2017},
 issn = {1946-6226},
 pages = {1:1--1:24},
 articleno = {1},
 numpages = {24},
 url = {http://doi.acm.org/10.1145/3077618},
 doi = {10.1145/3077618},
 acmid = {3077618},
 publisher = {ACM},
 address = {New York, NY, USA},
 keywords = {Misconceptions, conceptual change, constructivism, difficulties, introductory programming},
}

@inproceedings{Isomottonen:2011:KGP:1953163.1953296,
 author = {Isom\"{o}tt\"{o}nen, Ville and Lakanen, Antti-Jussi and Lappalainen, Vesa},
 title = {K-12 Game Programming Course Concept Using Textual Programming},
 booktitle = {Proceedings of the 42Nd ACM Technical Symposium on Computer Science Education},
 series = {SIGCSE '11},
 year = {2011},
 isbn = {978-1-4503-0500-6},
 location = {Dallas, TX, USA},
 pages = {459--464},
 numpages = {6},
 url = {http://doi.acm.org/10.1145/1953163.1953296},
 doi = {10.1145/1953163.1953296},
 acmid = {1953296},
 publisher = {ACM},
 address = {New York, NY, USA},
 keywords = {K-12 teaching, game programming},
}

@inproceedings{Weibert:2017:CEA:3078072.3079732,
 author = {Weibert, Anne and Mouratidis, Marios and Khateb, Renad and R\"{u}ller, Sarah and Hosak, Miriam and Potka, Shpresa and Aal, Konstantin and Wulf, Volker},
 title = {Creating Environmental Awareness with Upcycling Making Activities: A Study of Children in Germany and Palestine},
 booktitle = {Proceedings of the 2017 Conference on Interaction Design and Children},
 series = {IDC '17},
 year = {2017},
 isbn = {978-1-4503-4921-5},
 location = {Stanford, California, USA},
 pages = {286--291},
 numpages = {6},
 url = {http://doi.acm.org/10.1145/3078072.3079732},
 doi = {10.1145/3078072.3079732},
 acmid = {3079732},
 publisher = {ACM},
 address = {New York, NY, USA},
 keywords = {children, computer club, environment, intercultural, learning, making, upcycling},
}

@inproceedings{Grover:2014:ACL:2591708.2591713,
 author = {Grover, Shuchi and Cooper, Stephen and Pea, Roy},
 title = {Assessing Computational Learning in K-12},
 booktitle = {Proceedings of the 2014 Conference on Innovation \&\#38; Technology in Computer Science Education},
 series = {ITiCSE '14},
 year = {2014},
 isbn = {978-1-4503-2833-3},
 location = {Uppsala, Sweden},
 pages = {57--62},
 numpages = {6},
 url = {http://doi.acm.org/10.1145/2591708.2591713},
 doi = {10.1145/2591708.2591713},
 acmid = {2591713},
 publisher = {ACM},
 address = {New York, NY, USA},
 keywords = {assessment, computational thinking, computer science education, computing education, k-12 curriculum development.},
}

@article{Medley:2007:ILC:1292428.1292464,
 author = {Medley, M. Dee},
 title = {Inquiry-based Learning in CS1},
 journal = {J. Comput. Sci. Coll.},
 issue_date = {December 2007},
 volume = {23},
 number = {2},
 month = dec,
 year = {2007},
 issn = {1937-4771},
 pages = {209--215},
 numpages = {7},
 url = {http://dl.acm.org/citation.cfm?id=1292428.1292464},
 acmid = {1292464},
 publisher = {Consortium for Computing Sciences in Colleges},
 address = {USA},
}

@inproceedings{Greening:1997:RPT:299359.299388,
 author = {Greening, Tony and Kay, Judy and Kingston, Jeffrey H. and Crawford, Kathryn},
 title = {Results of a PBL Trial in First-year Computer Science},
 booktitle = {Proceedings of the 2Nd Australasian Conference on Computer Science Education},
 series = {ACSE '97},
 year = {1996},
 isbn = {0-89791-958-0},
 location = {The Univ. of Melbourne, Australia},
 pages = {201--206},
 numpages = {6},
 url = {http://doi.acm.org/10.1145/299359.299388},
 doi = {10.1145/299359.299388},
 acmid = {299388},
 publisher = {ACM},
 address = {New York, NY, USA},
}

@article{Halasz:1998:FFA:327600.327696,
 author = {Halasz, Steven J.},
 title = {First Flight: Automated Tutorials for Fledgling APLers},
 journal = {SIGAPL APL Quote Quad},
 issue_date = {March 1999},
 volume = {29},
 number = {3},
 month = jul,
 year = {1998},
 issn = {0163-6006},
 pages = {189--199},
 numpages = {11},
 url = {http://doi.acm.org/10.1145/327600.327696},
 doi = {10.1145/327600.327696},
 acmid = {327696},
 publisher = {ACM},
 address = {New York, NY, USA},
}

@inproceedings{Halasz:1998:FFA:327559.327696,
 author = {Halasz, Steven J.},
 title = {First Flight: Automated Tutorials for Fledgling APLers},
 booktitle = {Proceedings of the APL98 Conference on Array Processing Languages},
 series = {APL '98},
 year = {1998},
 isbn = {1-58113-181-X},
 location = {Rome, Italy},
 pages = {189--199},
 numpages = {11},
 url = {http://doi.acm.org/10.1145/327559.327696},
 doi = {10.1145/327559.327696},
 acmid = {327696},
 publisher = {ACM},
 address = {New York, NY, USA},
}

@inproceedings{Weibert:2014:SIE:2598510.2600886,
 author = {Weibert, Anne and Marshall, Andrea and Aal, Konstantin and Schubert, Kai and Rode, Jennifer},
 title = {Sewing Interest in E-textiles: Analyzing Making from a Gendered Perspective},
 booktitle = {Proceedings of the 2014 Conference on Designing Interactive Systems},
 series = {DIS '14},
 year = {2014},
 isbn = {978-1-4503-2902-6},
 location = {Vancouver, BC, Canada},
 pages = {15--24},
 numpages = {10},
 url = {http://doi.acm.org/10.1145/2598510.2600886},
 doi = {10.1145/2598510.2600886},
 acmid = {2600886},
 publisher = {ACM},
 address = {New York, NY, USA},
 keywords = {children, computer clubs, gender, maker culture},
}

@article{Knobelsdorf:2008:CPC:1597849.1384347,
 author = {Knobelsdorf, Maria and Romeike, Ralf},
 title = {Creativity As a Pathway to Computer Science},
 journal = {SIGCSE Bull.},
 issue_date = {September 2008},
 volume = {40},
 number = {3},
 month = jun,
 year = {2008},
 issn = {0097-8418},
 pages = {286--290},
 numpages = {5},
 url = {http://doi.acm.org/10.1145/1597849.1384347},
 doi = {10.1145/1597849.1384347},
 acmid = {1384347},
 publisher = {ACM},
 address = {New York, NY, USA},
 keywords = {CS, CS education research, computer biographies, computers and society, creativity, pathway, pedagogy, wider access},
}

@inproceedings{Knobelsdorf:2008:CPC:1384271.1384347,
 author = {Knobelsdorf, Maria and Romeike, Ralf},
 title = {Creativity As a Pathway to Computer Science},
 booktitle = {Proceedings of the 13th Annual Conference on Innovation and Technology in Computer Science Education},
 series = {ITiCSE '08},
 year = {2008},
 isbn = {978-1-60558-078-4},
 location = {Madrid, Spain},
 pages = {286--290},
 numpages = {5},
 url = {http://doi.acm.org/10.1145/1384271.1384347},
 doi = {10.1145/1384271.1384347},
 acmid = {1384347},
 publisher = {ACM},
 address = {New York, NY, USA},
 keywords = {CS, CS education research, computer biographies, computers and society, creativity, pathway, pedagogy, wider access},
}

@article{Pearce:2008:FGO:1352322.1352304,
 author = {Pearce, Janice and Nakazawa, Mario},
 title = {The Funnel That Grew Our Cis Major in the Cs Desert},
 journal = {SIGCSE Bull.},
 issue_date = {March 2008},
 volume = {40},
 number = {1},
 month = mar,
 year = {2008},
 issn = {0097-8418},
 pages = {503--507},
 numpages = {5},
 url = {http://doi.acm.org/10.1145/1352322.1352304},
 doi = {10.1145/1352322.1352304},
 acmid = {1352304},
 publisher = {ACM},
 address = {New York, NY, USA},
 keywords = {computer literacy, cs0, enrollment, pipeline, retention},
}

@inproceedings{Pearce:2008:FGO:1352135.1352304,
 author = {Pearce, Janice and Nakazawa, Mario},
 title = {The Funnel That Grew Our Cis Major in the Cs Desert},
 booktitle = {Proceedings of the 39th SIGCSE Technical Symposium on Computer Science Education},
 series = {SIGCSE '08},
 year = {2008},
 isbn = {978-1-59593-799-5},
 location = {Portland, OR, USA},
 pages = {503--507},
 numpages = {5},
 url = {http://doi.acm.org/10.1145/1352135.1352304},
 doi = {10.1145/1352135.1352304},
 acmid = {1352304},
 publisher = {ACM},
 address = {New York, NY, USA},
 keywords = {computer literacy, cs0, enrollment, pipeline, retention},
}

@inproceedings{Dagdilelis:2012:PTT:2481449.2481468,
 author = {Dagdilelis, Vassilios and Xinogalos, Stelios},
 title = {Preparing Teachers for Teaching Informatics: Theoretical Considerations and Practical Implications},
 booktitle = {Proceedings of the 7th Workshop in Primary and Secondary Computing Education},
 series = {WiPSCE '12},
 year = {2012},
 isbn = {978-1-4503-1787-0},
 location = {Hamburg, Germany},
 pages = {78--81},
 numpages = {4},
 url = {http://doi.acm.org/10.1145/2481449.2481468},
 doi = {10.1145/2481449.2481468},
 acmid = {2481468},
 publisher = {ACM},
 address = {New York, NY, USA},
 keywords = {secondary computing education, teacher's training},
}

@inproceedings{Mouza:2016:IOT:2839509.2844585,
 author = {Mouza, Chrystalla and Pollock, Lori and Pusecker, Kathleen and Guidry, Kevin and Yeh, Ching-Yi and Atlas, James and Harvey, Terry},
 title = {Implementation and Outcomes of a Three-Pronged Approach to Professional Development for CS Principles},
 booktitle = {Proceedings of the 47th ACM Technical Symposium on Computing Science Education},
 series = {SIGCSE '16},
 year = {2016},
 isbn = {978-1-4503-3685-7},
 location = {Memphis, Tennessee, USA},
 pages = {66--71},
 numpages = {6},
 url = {http://doi.acm.org/10.1145/2839509.2844585},
 doi = {10.1145/2839509.2844585},
 acmid = {2844585},
 publisher = {ACM},
 address = {New York, NY, USA},
 keywords = {computational thinking, cs education, cs principles, k12},
}

@inproceedings{Roberts:2012:AAI:2483716.2483719,
 author = {Roberts, Madeleine R. H. and McGill, Tanya J. and Hyland, Peter N.},
 title = {Attrition from Australian ICT Degrees: Why Women Leave},
 booktitle = {Proceedings of the Fourteenth Australasian Computing Education Conference - Volume 123},
 series = {ACE '12},
 year = {2012},
 isbn = {978-1-921770-04-3},
 location = {Melbourne, Australia},
 pages = {15--24},
 numpages = {10},
 url = {http://dl.acm.org/citation.cfm?id=2483716.2483719},
 acmid = {2483719},
 publisher = {Australian Computer Society, Inc.},
 address = {Darlinghurst, Australia, Australia},
 keywords = {ICT education, female, gender, student attrition, student retention},
}

@article{Wiedenbeck:1997:HPL:254945.254967,
 author = {Wiedenbeck, Susan and Zila, Patti L.},
 title = {Hands-on Practice in Learning to Use Software: A Comparison of Exercise, Exploration, and Combined Formats},
 journal = {ACM Trans. Comput.-Hum. Interact.},
 issue_date = {June 1997},
 volume = {4},
 number = {2},
 month = jun,
 year = {1997},
 issn = {1073-0516},
 pages = {169--196},
 numpages = {28},
 url = {http://doi.acm.org/10.1145/254945.254967},
 doi = {10.1145/254945.254967},
 acmid = {254967},
 publisher = {ACM},
 address = {New York, NY, USA},
 keywords = {computer training, exercises, exploration, minimalist training, practice methods},
}

@inproceedings{McGill:2018:MST:3174781.3174783,
 author = {McGill, Monica M. and Johnson, Chris and Atlas, James and Bouchard, Durell and Messom, Chris and Pollock, Ian and Scott, Michael James},
 title = {If Memory Serves: Towards Designing and Evaluating a Game for Teaching Pointers to Undergraduate Students},
 booktitle = {Proceedings of the 2017 ITiCSE Conference on Working Group Reports},
 series = {ITiCSE-WGR '17},
 year = {2017},
 isbn = {978-1-4503-5627-5},
 location = {Bologna, Italy},
 pages = {25--46},
 numpages = {22},
 url = {http://doi.acm.org/10.1145/3174781.3174783},
 doi = {10.1145/3174781.3174783},
 acmid = {3174783},
 publisher = {ACM},
 address = {New York, NY, USA},
 keywords = {computer memory, design, development, educational, games, learning, pointers, research methods, serious, validation framework},
}

@article{Roberge:1997:BCS:268085.268206,
 author = {Roberg{\'e}, James and Carlson, C. R.},
 title = {Broadening the Computer Science Curriculum},
 journal = {SIGCSE Bull.},
 issue_date = {March 1997},
 volume = {29},
 number = {1},
 month = mar,
 year = {1997},
 issn = {0097-8418},
 pages = {320--324},
 numpages = {5},
 url = {http://doi.acm.org/10.1145/268085.268206},
 doi = {10.1145/268085.268206},
 acmid = {268206},
 publisher = {ACM},
 address = {New York, NY, USA},
}

@inproceedings{Roberge:1997:BCS:268084.268206,
 author = {Roberg{\'e}, James and Carlson, C. R.},
 title = {Broadening the Computer Science Curriculum},
 booktitle = {Proceedings of the Twenty-eighth SIGCSE Technical Symposium on Computer Science Education},
 series = {SIGCSE '97},
 year = {1997},
 isbn = {0-89791-889-4},
 location = {San Jose, California, USA},
 pages = {320--324},
 numpages = {5},
 url = {http://doi.acm.org/10.1145/268084.268206},
 doi = {10.1145/268084.268206},
 acmid = {268206},
 publisher = {ACM},
 address = {New York, NY, USA},
}

@inproceedings{Davis:2017:HBT:3078072.3079755,
 author = {Davis, Richard Lee and Orta Martinez, Melisa and Schneider, Oliver and MacLean, Karon E. and Okamura, Allison M. and Blikstein, Paulo},
 title = {The Haptic Bridge: Towards a Theory for Haptic-Supported Learning},
 booktitle = {Proceedings of the 2017 Conference on Interaction Design and Children},
 series = {IDC '17},
 year = {2017},
 isbn = {978-1-4503-4921-5},
 location = {Stanford, California, USA},
 pages = {51--60},
 numpages = {10},
 url = {http://doi.acm.org/10.1145/3078072.3079755},
 doi = {10.1145/3078072.3079755},
 acmid = {3079755},
 publisher = {ACM},
 address = {New York, NY, USA},
 keywords = {constructivism, dynamic visualizations, guided discovery, haptic-feedback devices},
}

@inproceedings{George:2013:MIU:2445196.2445395,
 author = {George, Binto and Klems, Martha and Valeva, Anna},
 title = {A Method for Incorporating Usable Security into Computer Security Courses},
 booktitle = {Proceeding of the 44th ACM Technical Symposium on Computer Science Education},
 series = {SIGCSE '13},
 year = {2013},
 isbn = {978-1-4503-1868-6},
 location = {Denver, Colorado, USA},
 pages = {681--686},
 numpages = {6},
 url = {http://doi.acm.org/10.1145/2445196.2445395},
 doi = {10.1145/2445196.2445395},
 acmid = {2445395},
 publisher = {ACM},
 address = {New York, NY, USA},
 keywords = {3P learning method, computer security education, security, usable security},
}

@article{Talon:2012:DCI:2275597.2275598,
 author = {Talon, B{\'e}n{\'e}dicte and Sagar, Mouldi and Kolski, Christophe},
 title = {Developing Competence in Interactive Systems: The GRASP Tool for the Design or Redesign of Pedagogical ICT Devices},
 journal = {Trans. Comput. Educ.},
 issue_date = {July 2012},
 volume = {12},
 number = {3},
 month = jul,
 year = {2012},
 issn = {1946-6226},
 pages = {9:1--9:43},
 articleno = {9},
 numpages = {43},
 url = {http://doi.acm.org/10.1145/2275597.2275598},
 doi = {10.1145/2275597.2275598},
 acmid = {2275598},
 publisher = {ACM},
 address = {New York, NY, USA},
 keywords = {GRASP, Pedagogical devices design, active pedagogy, competence training, design tool, interactive systems education and training},
}

@book{Not a Valid ID2534860,
 author = {Joint Task Force on Computing Curricula, Association for Computing Machinery (ACM) and IEEE Computer Society},
 title = {Computer Science Curricula 2013: Curriculum Guidelines for Undergraduate Degree Programs in Computer Science},
 year = {2013},
 isbn = {978-1-4503-2309-3},
 note = {999133},
 publisher = {ACM},
 address = {New York, NY, USA},
}

@article{Margolis:2017:SMT:3090098.2967616,
 author = {Margolis, Jane and Ryoo, Jean and Goode, Joanna},
 title = {Seeing Myself Through Someone Else's Eyes: The Value of In-Classroom Coaching for Computer Science Teaching and Learning},
 journal = {ACM Trans. Comput. Educ.},
 issue_date = {June 2017},
 volume = {17},
 number = {2},
 month = may,
 year = {2017},
 issn = {1946-6226},
 pages = {6:1--6:18},
 articleno = {6},
 numpages = {18},
 url = {http://doi.acm.org/10.1145/2967616},
 doi = {10.1145/2967616},
 acmid = {2967616},
 publisher = {ACM},
 address = {New York, NY, USA},
 keywords = {Teaching and learning, coaching, equity, professional development},
}

@inproceedings{Connolly:2009:ISE:1631728.1631745,
 author = {Connolly, Christopher and Meiselwitz, Gabriele},
 title = {Integrating Software Engineering in Computer Programming Education},
 booktitle = {Proceedings of the 10th ACM Conference on SIG-information Technology Education},
 series = {SIGITE '09},
 year = {2009},
 isbn = {978-1-60558-765-3},
 location = {Fairfax, Virginia, USA},
 pages = {50--54},
 numpages = {5},
 url = {http://doi.acm.org/10.1145/1631728.1631745},
 doi = {10.1145/1631728.1631745},
 acmid = {1631745},
 publisher = {ACM},
 address = {New York, NY, USA},
 keywords = {computer science curriculum, information science curriculum, software engineering},
}

@inproceedings{Fekete:1998:CTC:289393.289421,
 author = {Fekete, Alan and Greening, Tony and Kingston, Jeffrey},
 title = {Conveying Technical Content in a Curriculum Using Problem Based Learning},
 booktitle = {Proceedings of the 3rd Australasian Conference on Computer Science Education},
 series = {ACSE '98},
 year = {1998},
 isbn = {1-58113-018-X},
 location = {The University of Queensland, Australia},
 pages = {198--202},
 numpages = {5},
 url = {http://doi.acm.org/10.1145/289393.289421},
 doi = {10.1145/289393.289421},
 acmid = {289421},
 publisher = {ACM},
 address = {New York, NY, USA},
}

@article{Wolz:2011:CTE:1993069.1993073,
 author = {Wolz, Ursula and Stone, Meredith and Pearson, Kim and Pulimood, Sarah Monisha and Switzer, Mary},
 title = {Computational Thinking and Expository Writing in the Middle School},
 journal = {Trans. Comput. Educ.},
 issue_date = {July 2011},
 volume = {11},
 number = {2},
 month = jul,
 year = {2011},
 issn = {1946-6226},
 pages = {9:1--9:22},
 articleno = {9},
 numpages = {22},
 url = {http://doi.acm.org/10.1145/1993069.1993073},
 doi = {10.1145/1993069.1993073},
 acmid = {1993073},
 publisher = {ACM},
 address = {New York, NY, USA},
 keywords = {K-12 CS Education, Scratch, broadening participation in computing, computational thinking, writing and computing},
}

@article{Dehler:1998:CDC:286363.286365,
 author = {Dehler, Christina},
 title = {Computer-mediated Distributed Cognitions: Cultivating Collective Knowledge and Personal Competencies},
 journal = {SIGCUE Outlook},
 issue_date = {Jan. 1998},
 volume = {26},
 number = {1},
 month = jan,
 year = {1998},
 issn = {0163-5735},
 pages = {15--19},
 numpages = {5},
 url = {http://doi.acm.org/10.1145/286363.286365},
 doi = {10.1145/286363.286365},
 acmid = {286365},
 publisher = {ACM},
 address = {New York, NY, USA},
}

@inproceedings{Rizzo:2007:FMT:1297277.1297298,
 author = {Rizzo, Francesca and Garzotto, Franca},
 title = {"The Fire and The Mountain": Tangible and Social Interaction in a Museum Exhibition for Children},
 booktitle = {Proceedings of the 6th International Conference on Interaction Design and Children},
 series = {IDC '07},
 year = {2007},
 isbn = {978-1-59593-747-6},
 location = {Aalborg, Denmark},
 pages = {105--108},
 numpages = {4},
 url = {http://doi.acm.org/10.1145/1297277.1297298},
 doi = {10.1145/1297277.1297298},
 acmid = {1297298},
 publisher = {ACM},
 address = {New York, NY, USA},
 keywords = {edutainment, museum, tangible computing},
}

@inproceedings{Pitkanen:2019:SFL:3335055.3335061,
 author = {Pitk\"{a}nen, Kati and Iwata, Megumi and Laru, Jari},
 title = {Supporting Fab Lab Facilitators to Develop Pedagogical Practices to Improve Learning in Digital Fabrication Activities},
 booktitle = {Proceedings of the FabLearn Europe 2019 Conference},
 series = {FabLearn Europe '19},
 year = {2019},
 isbn = {978-1-4503-6266-5},
 location = {Oulu, Finland},
 pages = {6:1--6:9},
 articleno = {6},
 numpages = {9},
 url = {http://doi.acm.org/10.1145/3335055.3335061},
 doi = {10.1145/3335055.3335061},
 acmid = {3335061},
 publisher = {ACM},
 address = {New York, NY, USA},
 keywords = {Activity Design, Digital Fabrication, Fab Lab Facilitators, Ill-structured Problem Solving, Scaffolding, Teachers},
}

@article{McKinney:2005:MLD:1060405.1060410,
 author = {McKinney, Alfred L.},
 title = {A Modeling Lab for Discovery-learning in Computer Science},
 journal = {J. Comput. Sci. Coll.},
 issue_date = {June 2005},
 volume = {20},
 number = {6},
 month = jun,
 year = {2005},
 issn = {1937-4771},
 pages = {20--27},
 numpages = {8},
 url = {http://dl.acm.org/citation.cfm?id=1060405.1060410},
 acmid = {1060410},
 publisher = {Consortium for Computing Sciences in Colleges},
 address = {USA},
}

@inproceedings{Stager:2002:CCA:820060.820080,
 author = {Stager, Gary S.},
 title = {Computationally-rich Constructionism and At-risk Learners},
 booktitle = {Proceedings of the Seventh World Conference on Computers in Education Conference on Computers in Education: Australian Topics - Volume 8},
 series = {CRPIT '02},
 year = {2002},
 isbn = {0-909925-86-0},
 location = {Copenhagen, Denmark},
 pages = {105--111},
 numpages = {7},
 url = {http://dl.acm.org/citation.cfm?id=820060.820080},
 acmid = {820080},
 publisher = {Australian Computer Society, Inc.},
 address = {Darlinghurst, Australia, Australia},
}

@article{Hazzan:2016:AAS:3022085.2926712,
 author = {Hazzan, Orit and Kramer, Jeff},
 title = {Assessing Abstraction Skills},
 journal = {Commun. ACM},
 issue_date = {December 2016},
 volume = {59},
 number = {12},
 month = dec,
 year = {2016},
 issn = {0001-0782},
 pages = {43--45},
 numpages = {3},
 url = {http://doi.acm.org/10.1145/2926712},
 doi = {10.1145/2926712},
 acmid = {2926712},
 publisher = {ACM},
 address = {New York, NY, USA},
}

@inproceedings{Tisza:2019:RAG:3335055.3335065,
 author = {Tisza, Gabriella and Papavlasopoulou, Sofia and Christidou, Dimitra and Voulgari, Iro and Iivari, Netta and Giannakos, Michail N. and Kinnula, Marianne and Markopoulos, Panos},
 title = {The Role of Age and Gender on Implementing Informal and Non-formal Science Learning Activities for Children},
 booktitle = {Proceedings of the FabLearn Europe 2019 Conference},
 series = {FabLearn Europe '19},
 year = {2019},
 isbn = {978-1-4503-6266-5},
 location = {Oulu, Finland},
 pages = {10:1--10:9},
 articleno = {10},
 numpages = {9},
 url = {http://doi.acm.org/10.1145/3335055.3335065},
 doi = {10.1145/3335055.3335065},
 acmid = {3335065},
 publisher = {ACM},
 address = {New York, NY, USA},
 keywords = {Age, Coding, Education, Gender, Informal, Making, Non-formal, Play, STEM, Science learning},
}

@inproceedings{Kao:2017:MPS:3102071.3116221,
 author = {Kao, Dominic and Harrell, D. Fox},
 title = {MazeStar: A Platform for Studying Virtual Identity and Computer Science Education},
 booktitle = {Proceedings of the 12th International Conference on the Foundations of Digital Games},
 series = {FDG '17},
 year = {2017},
 isbn = {978-1-4503-5319-9},
 location = {Hyannis, Massachusetts},
 pages = {61:1--61:6},
 articleno = {61},
 numpages = {6},
 url = {http://doi.acm.org/10.1145/3102071.3116221},
 doi = {10.1145/3102071.3116221},
 acmid = {3116221},
 publisher = {ACM},
 address = {New York, NY, USA},
 keywords = {avatars, educational games, educational platforms, virtual identity},
}

@inproceedings{Lui:2018:DSI:3173574.3174027,
 author = {Lui, Michelle},
 title = {Designing for Student Interactions: The Role of Embodied Interactions in Mediating Collective Inquiry in an Immersive Simulation},
 booktitle = {Proceedings of the 2018 CHI Conference on Human Factors in Computing Systems},
 series = {CHI '18},
 year = {2018},
 isbn = {978-1-4503-5620-6},
 location = {Montreal QC, Canada},
 pages = {453:1--453:12},
 articleno = {453},
 numpages = {12},
 url = {http://doi.acm.org/10.1145/3173574.3174027},
 doi = {10.1145/3173574.3174027},
 acmid = {3174027},
 publisher = {ACM},
 address = {New York, NY, USA},
 keywords = {digitally augmented physical spaces, embodiment, large displays, multi-device environments, multimodality, science inquiry},
}

@inproceedings{Martinez:1999:ILI:318372.318600,
 author = {Martinez, Margaret},
 title = {Intentional Learning in an Intentional World: New Perspectives on Audience Analysis and Instructional System Design for Successful Learning and Performance},
 booktitle = {Proceedings of the 17th Annual International Conference on Computer Documentation},
 series = {SIGDOC '99},
 year = {1999},
 isbn = {1-58113-072-4},
 location = {New Orleans, Louisiana, USA},
 pages = {211--220},
 numpages = {10},
 url = {http://doi.acm.org/10.1145/318372.318600},
 doi = {10.1145/318372.318600},
 acmid = {318600},
 publisher = {ACM},
 address = {New York, NY, USA},
 keywords = {audience analysis, individual learning differences, instructional design, learning orientations},
}

@inproceedings{Gweon:2006:PSA:1124772.1124810,
 author = {Gweon, Gahgene and Rose, Carolyn and Carey, Regan and Zaiss, Zachary},
 title = {Providing Support for Adaptive Scripting in an On-line Collaborative Learning Environment},
 booktitle = {Proceedings of the SIGCHI Conference on Human Factors in Computing Systems},
 series = {CHI '06},
 year = {2006},
 isbn = {1-59593-372-7},
 location = {Montr\&\#233;al, Qu\&\#233;bec, Canada},
 pages = {251--260},
 numpages = {10},
 url = {http://doi.acm.org/10.1145/1124772.1124810},
 doi = {10.1145/1124772.1124810},
 acmid = {1124810},
 publisher = {ACM},
 address = {New York, NY, USA},
 keywords = {adaptive support, collaborative learning, computer mediated communication},
}

@inproceedings{Lui:2014:SLC:2556288.2557162,
 author = {Lui, Michelle and Kuhn, Alex C. and Acosta, Alisa and Quintana, Chris and Slotta, James D.},
 title = {Supporting Learners in Collecting and Exploring Data from Immersive Simulations in Collective Inquiry},
 booktitle = {Proceedings of the SIGCHI Conference on Human Factors in Computing Systems},
 series = {CHI '14},
 year = {2014},
 isbn = {978-1-4503-2473-1},
 location = {Toronto, Ontario, Canada},
 pages = {2103--2112},
 numpages = {10},
 url = {http://doi.acm.org/10.1145/2556288.2557162},
 doi = {10.1145/2556288.2557162},
 acmid = {2557162},
 publisher = {ACM},
 address = {New York, NY, USA},
 keywords = {digitally augmented physical spaces, large displays, mobile computing, multi-device environments, science inquiry, smart classroom, visualizations},
}

@inproceedings{Lui:2014:SLC:2611528.2557162,
 author = {Lui, Michelle and Kuhn, Alex C. and Acosta, Alisa and Quintana, Chris and Slotta, James D.},
 title = {Supporting Learners in Collecting and Exploring Data from Immersive Simulations in Collective Inquiry},
 booktitle = {Proceedings of the 32Nd Annual ACM Conference on Human Factors in Computing Systems},
 series = {CHI '14},
 year = {2014},
 isbn = {978-1-4503-2473-1},
 location = {Toronto, Ontario, Canada},
 pages = {2103--2112},
 numpages = {10},
 url = {http://doi.acm.org/10.1145/2556288.2557162},
 doi = {10.1145/2556288.2557162},
 acmid = {2557162},
 publisher = {ACM},
 address = {New York, NY, USA},
 keywords = {digitally augmented physical spaces, large displays, mobile computing, multi-device environments, science inquiry, smart classroom, visualizations},
}

@article{Maries:2007:CMI:1181849.1181858,
 author = {Maries, Adrian and Kumar, Amruth},
 title = {Concept Maps in Intelligent Tutors for Programming},
 journal = {J. Comput. Sci. Coll.},
 issue_date = {January 2007},
 volume = {22},
 number = {3},
 month = jan,
 year = {2007},
 issn = {1937-4771},
 pages = {54--54},
 numpages = {1},
 url = {http://dl.acm.org/citation.cfm?id=1181849.1181858},
 acmid = {1181858},
 publisher = {Consortium for Computing Sciences in Colleges},
 address = {USA},
}

@inproceedings{Sabitzer:2019:CCO:3304221.3325569,
 author = {Sabitzer, Barbara and Groher, Iris and Sametinger, Johannes},
 title = {COOL: Cooperative Open Learning for Beginning Programmers},
 booktitle = {Proceedings of the 2019 ACM Conference on Innovation and Technology in Computer Science Education},
 series = {ITiCSE '19},
 year = {2019},
 isbn = {978-1-4503-6301-3},
 location = {Aberdeen, Scotland Uk},
 pages = {321--321},
 numpages = {1},
 url = {http://doi.acm.org/10.1145/3304221.3325569},
 doi = {10.1145/3304221.3325569},
 acmid = {3325569},
 publisher = {ACM},
 address = {New York, NY, USA},
 keywords = {brain-based learning, cooperative learning, cs1, discovery learning},
}

@inproceedings{Joyner:2014:MGA:2557500.2557516,
 author = {Joyner, David A. and Goel, Ashok K. and Papin, Nicolas M.},
 title = {MILA--S: Generation of Agent-based Simulations from Conceptual Models of Complex Systems},
 booktitle = {Proceedings of the 19th International Conference on Intelligent User Interfaces},
 series = {IUI '14},
 year = {2014},
 isbn = {978-1-4503-2184-6},
 location = {Haifa, Israel},
 pages = {289--298},
 numpages = {10},
 url = {http://doi.acm.org/10.1145/2557500.2557516},
 doi = {10.1145/2557500.2557516},
 acmid = {2557516},
 publisher = {ACM},
 address = {New York, NY, USA},
 keywords = {agent-based simulations, complex systems, conceptual models, ecological systems, k6-12 education, scientific inquiry, stem education},
}

@inproceedings{Freischlad:2007:EMU:2449323.2449347,
 author = {Freischlad, Stefan},
 title = {Exploration Module for Understanding the Functionality of the Internet in Secondary Education},
 booktitle = {Proceedings of the Seventh Baltic Sea Conference on Computing Education Research - Volume 88},
 series = {Koli Calling '07},
 year = {2007},
 isbn = {978-1-920682-69-9},
 location = {Koli National Park, Finland},
 pages = {183--186},
 numpages = {4},
 url = {http://dl.acm.org/citation.cfm?id=2449323.2449347},
 acmid = {2449347},
 publisher = {Australian Computer Society, Inc.},
 address = {Darlinghurst, Australia, Australia},
 keywords = {educational software, exploration, internet applications},
}

@article{Surma:2005:LAR:1088791.1088806,
 author = {Surma, David R.},
 title = {Lab Activities Requiring Minimal Resources for Courses in Computer Networking},
 journal = {J. Comput. Sci. Coll.},
 issue_date = {October 2005},
 volume = {21},
 number = {1},
 month = oct,
 year = {2005},
 issn = {1937-4771},
 pages = {88--94},
 numpages = {7},
 url = {http://dl.acm.org/citation.cfm?id=1088791.1088806},
 acmid = {1088806},
 publisher = {Consortium for Computing Sciences in Colleges},
 address = {USA},
}

@article{Holzinger:2005:UEM:1039539.1039541,
 author = {Holzinger, Andreas},
 title = {Usability Engineering Methods for Software Developers},
 journal = {Commun. ACM},
 issue_date = {January 2005},
 volume = {48},
 number = {1},
 month = jan,
 year = {2005},
 issn = {0001-0782},
 pages = {71--74},
 numpages = {4},
 url = {http://doi.acm.org/10.1145/1039539.1039541},
 doi = {10.1145/1039539.1039541},
 acmid = {1039541},
 publisher = {ACM},
 address = {New York, NY, USA},
}

@article{Brette:1995:TRC:201998.202002,
 author = {Brette, Jean-Fran\c{c}ois},
 title = {Transparent Running and Contextual Help to Learn and to Teach an Imperative Language},
 journal = {SIGCSE Bull.},
 issue_date = {June 1995},
 volume = {27},
 number = {2},
 month = jun,
 year = {1995},
 issn = {0097-8418},
 pages = {7--12},
 numpages = {6},
 url = {http://doi.acm.org/10.1145/201998.202002},
 doi = {10.1145/201998.202002},
 acmid = {202002},
 publisher = {ACM},
 address = {New York, NY, USA},
}

@article{Holzinger:2005:LSM:1125280.1125284,
 author = {Holzinger, Andreas and Nischelwitzer, Alexander and Meisenberger, Matthias},
 title = {Lifelong-learning Support by M-learning: Example Scenarios},
 journal = {eLearn},
 issue_date = {November 2005},
 volume = {2005},
 number = {11},
 month = nov,
 year = {2005},
 issn = {1535-394X},
 pages = {2--},
 url = {http://doi.acm.org/10.1145/1125280.1125284},
 doi = {10.1145/1125280.1125284},
 acmid = {1125284},
 publisher = {ACM},
 address = {New York, NY, USA},
}

@article{Trono:2008:DCE:1352079.1352114,
 author = {Trono, John A.},
 title = {A Discovery-based Capstone Experience},
 journal = {J. Comput. Sci. Coll.},
 issue_date = {April 2008},
 volume = {23},
 number = {4},
 month = apr,
 year = {2008},
 issn = {1937-4771},
 pages = {195--200},
 numpages = {6},
 url = {http://dl.acm.org/citation.cfm?id=1352079.1352114},
 acmid = {1352114},
 publisher = {Consortium for Computing Sciences in Colleges},
 address = {USA},
}

@article{Berger:1988:MIL:382236.382856,
 author = {Berger, Carl F. and Carlson, Elizabeth A.},
 title = {A Model for Incorporating Learning Theories into Preservice Computer Training},
 journal = {SIGCUE Outlook},
 issue_date = {Sept. 1988},
 volume = {20},
 number = {1},
 month = sep,
 year = {1988},
 issn = {0163-5735},
 pages = {32--46},
 numpages = {15},
 url = {http://doi.acm.org/10.1145/382236.382856},
 doi = {10.1145/382236.382856},
 acmid = {382856},
 publisher = {ACM},
 address = {New York, NY, USA},
}

@inproceedings{Teng:2013:SIU:2556871.2556915,
 author = {Teng, Zhanqiang},
 title = {On Sport Informatization Under the Perspective of Education Informatization},
 booktitle = {Proceedings of the Second International Conference on Innovative Computing and Cloud Computing},
 series = {ICCC '13},
 year = {2013},
 isbn = {978-1-4503-2119-8},
 location = {Wuhan, China},
 pages = {205:205--205:207},
 articleno = {205},
 numpages = {3},
 url = {http://doi.acm.org/10.1145/2556871.2556915},
 doi = {10.1145/2556871.2556915},
 acmid = {2556915},
 publisher = {ACM},
 address = {New York, NY, USA},
 keywords = {Education informatization, Sports informatization, Sports teaching},
}

@article{Trono:2009:DMP:1516595.1516623,
 author = {Trono, John A.},
 title = {Discovering More Properties of the Fibonacci Sequence},
 journal = {J. Comput. Sci. Coll.},
 issue_date = {May 2009},
 volume = {24},
 number = {5},
 month = may,
 year = {2009},
 issn = {1937-4771},
 pages = {130--135},
 numpages = {6},
 url = {http://dl.acm.org/citation.cfm?id=1516595.1516623},
 acmid = {1516623},
 publisher = {Consortium for Computing Sciences in Colleges},
 address = {USA},
}

@article{Budin:1988:TTU:382236.382859,
 author = {Budin, Howard R.},
 title = {Teacher Training for Using Databases},
 journal = {SIGCUE Outlook},
 issue_date = {Sept. 1988},
 volume = {20},
 number = {1},
 month = sep,
 year = {1988},
 issn = {0163-5735},
 pages = {65--74},
 numpages = {10},
 url = {http://doi.acm.org/10.1145/382236.382859},
 doi = {10.1145/382236.382859},
 acmid = {382859},
 publisher = {ACM},
 address = {New York, NY, USA},
}

@inproceedings{Pamplona:2013:EMO:2526968.2526977,
 author = {Pamplona, Sonia and Medinilla, Nelson and Flores, Pamela},
 title = {Exploring Misconceptions of Operating Systems in an Online Course},
 booktitle = {Proceedings of the 13th Koli Calling International Conference on Computing Education Research},
 series = {Koli Calling '13},
 year = {2013},
 isbn = {978-1-4503-2482-3},
 location = {Koli, Finland},
 pages = {77--86},
 numpages = {10},
 url = {http://doi.acm.org/10.1145/2526968.2526977},
 doi = {10.1145/2526968.2526977},
 acmid = {2526977},
 publisher = {ACM},
 address = {New York, NY, USA},
 keywords = {e-learning, misconceptions, online learning, operating systems},
}

@article{Eglash:2011:FSA:2037276.2037281,
 author = {Eglash, Ron and Krishnamoorthy, Mukkai and Sanchez, Jason and Woodbridge, Andrew},
 title = {Fractal Simulations of African Design in Pre-College Computing Education},
 journal = {Trans. Comput. Educ.},
 issue_date = {October 2011},
 volume = {11},
 number = {3},
 month = oct,
 year = {2011},
 issn = {1946-6226},
 pages = {17:1--17:14},
 articleno = {17},
 numpages = {14},
 url = {http://doi.acm.org/10.1145/2037276.2037281},
 doi = {10.1145/2037276.2037281},
 acmid = {2037281},
 publisher = {ACM},
 address = {New York, NY, USA},
 keywords = {Ethnicity, STEM, arts, broadening participation, culture, education, ethnocomputing, high school, pedagogy},
}

@article{Huss:1995:LPP:201998.202000,
 author = {Huss, Janice E.},
 title = {Laboratory Projects for Promoting Hands-on Learning in a Computer Security Course},
 journal = {SIGCSE Bull.},
 issue_date = {June 1995},
 volume = {27},
 number = {2},
 month = jun,
 year = {1995},
 issn = {0097-8418},
 pages = {2--6},
 numpages = {5},
 url = {http://doi.acm.org/10.1145/201998.202000},
 doi = {10.1145/201998.202000},
 acmid = {202000},
 publisher = {ACM},
 address = {New York, NY, USA},
}

@inproceedings{Rode:2015:CTC:2750858.2804261,
 author = {Rode, Jennifer A. and Weibert, Anne and Marshall, Andrea and Aal, Konstantin and von Rekowski, Thomas and El Mimouni, Houda and Booker, Jennifer},
 title = {From Computational Thinking to Computational Making},
 booktitle = {Proceedings of the 2015 ACM International Joint Conference on Pervasive and Ubiquitous Computing},
 series = {UbiComp '15},
 year = {2015},
 isbn = {978-1-4503-3574-4},
 location = {Osaka, Japan},
 pages = {239--250},
 numpages = {12},
 url = {http://doi.acm.org/10.1145/2750858.2804261},
 doi = {10.1145/2750858.2804261},
 acmid = {2804261},
 publisher = {ACM},
 address = {New York, NY, USA},
 keywords = {computational making, computational thinking, maker culture},
}

@inproceedings{Joyner:2015:IIM:2678025.2701398,
 author = {Joyner, David A. and Goel, Ashok K.},
 title = {Improving Inquiry-Driven Modeling in Science Education Through Interaction with Intelligent Tutoring Agents},
 booktitle = {Proceedings of the 20th International Conference on Intelligent User Interfaces},
 series = {IUI '15},
 year = {2015},
 isbn = {978-1-4503-3306-1},
 location = {Atlanta, Georgia, USA},
 pages = {5--16},
 numpages = {12},
 url = {http://doi.acm.org/10.1145/2678025.2701398},
 doi = {10.1145/2678025.2701398},
 acmid = {2701398},
 publisher = {ACM},
 address = {New York, NY, USA},
 keywords = {constructionism, discovery-based learning, guided instruction, inquiry-based learning, metacognitive tutoring, scientific discovery, scientific inquiry},
}

@article{Bhavnani:2008:SIL:1352782.1352784,
 author = {Bhavnani, Suresh K. and Peck, Frederick A. and Reif, Frederick},
 title = {Strategy-Based Instruction: Lessons Learned in Teaching the Effective and Efficient Use of Computer Applications},
 journal = {ACM Trans. Comput.-Hum. Interact.},
 issue_date = {May 2008},
 volume = {15},
 number = {1},
 month = may,
 year = {2008},
 issn = {1073-0516},
 pages = {2:1--2:43},
 articleno = {2},
 numpages = {43},
 url = {http://doi.acm.org/10.1145/1352782.1352784},
 doi = {10.1145/1352782.1352784},
 acmid = {1352784},
 publisher = {ACM},
 address = {New York, NY, USA},
 keywords = {Strategies, strategy-based instruction, teaching, training},
}

@inproceedings{Tedre:2016:LQC:2999541.2999542,
 author = {Tedre, Matti and Denning, Peter J.},
 title = {The Long Quest for Computational Thinking},
 booktitle = {Proceedings of the 16th Koli Calling International Conference on Computing Education Research},
 series = {Koli Calling '16},
 year = {2016},
 isbn = {978-1-4503-4770-9},
 location = {Koli, Finland},
 pages = {120--129},
 numpages = {10},
 url = {http://doi.acm.org/10.1145/2999541.2999542},
 doi = {10.1145/2999541.2999542},
 acmid = {2999542},
 publisher = {ACM},
 address = {New York, NY, USA},
 keywords = {CSER, computational ideas, computational thinking, computer science education, disciplinary ways of thinking and practicing, history of computational thinking},
}

@inproceedings{Michaelis:2019:SIS:3311927.3323154,
 author = {Michaelis, Joseph E. and Mutlu, Bilge},
 title = {Supporting Interest in Science Learning with a Social Robot},
 booktitle = {Proceedings of the 18th ACM International Conference on Interaction Design and Children},
 series = {IDC '19},
 year = {2019},
 isbn = {978-1-4503-6690-8},
 location = {Boise, ID, USA},
 pages = {71--82},
 numpages = {12},
 url = {http://doi.acm.org/10.1145/3311927.3323154},
 doi = {10.1145/3311927.3323154},
 acmid = {3323154},
 publisher = {ACM},
 address = {New York, NY, USA},
 keywords = {Social robots, education, interest development, science learning},
}

@article{Magana:2013:IDC:2543488.2534971,
 author = {Magana, Alejandra J. and Falk, Michael L. and Reese,Jr., Michael J.},
 title = {Introducing Discipline-Based Computing in Undergraduate Engineering Education},
 journal = {Trans. Comput. Educ.},
 issue_date = {November 2013},
 volume = {13},
 number = {4},
 month = nov,
 year = {2013},
 issn = {1946-6226},
 pages = {16:1--16:22},
 articleno = {16},
 numpages = {22},
 url = {http://doi.acm.org/10.1145/2534971},
 doi = {10.1145/2534971},
 acmid = {2534971},
 publisher = {ACM},
 address = {New York, NY, USA},
 keywords = {Innovative pedagogies, discipline-based computing, engineering domains, how people learn framework, student-centered pedagogies},
}

@inproceedings{Crews:1995:AIL:223355.223418,
 author = {Crews,Jr., Thaddeus R.},
 title = {AdventurePlayer: An Intelligent Learning Environment},
 booktitle = {Conference Companion on Human Factors in Computing Systems},
 series = {CHI '95},
 year = {1995},
 isbn = {0-89791-755-3},
 location = {Denver, Colorado, USA},
 pages = {43--44},
 numpages = {2},
 url = {http://doi.acm.org/10.1145/223355.223418},
 doi = {10.1145/223355.223418},
 acmid = {223418},
 publisher = {ACM},
 address = {New York, NY, USA},
 keywords = {anchored instruction, heuristic techniques, intelligent learning environments, macrocontext microworlds, optimal solutions, trip planning},
}

@inproceedings{VanBorkulo:2008:LCM:1599936.1600002,
 author = {Van Borkulo, Sylvia P. and Van Joolingen, Wouter R. and Savelsbergh, Elwin R.},
 title = {What is Learned from Computer Modeling? Modeling Modeling Knowledge in an Experimental Study},
 booktitle = {Proceedings of the 8th International Conference on International Conference for the Learning Sciences - Volume 3},
 series = {ICLS'08},
 year = {2008},
 location = {Utrecht, The Netherlands},
 pages = {140--142},
 numpages = {3},
 url = {http://dl.acm.org/citation.cfm?id=1599936.1600002},
 acmid = {1600002},
 publisher = {International Society of the Learning Sciences},
}

@article{Shifroni:1997:SGT:268085.268152,
 author = {Shifroni, Eyal and Ginat, David},
 title = {Simulation Game for Teaching Communications Protocols},
 journal = {SIGCSE Bull.},
 issue_date = {March 1997},
 volume = {29},
 number = {1},
 month = mar,
 year = {1997},
 issn = {0097-8418},
 pages = {184--188},
 numpages = {5},
 url = {http://doi.acm.org/10.1145/268085.268152},
 doi = {10.1145/268085.268152},
 acmid = {268152},
 publisher = {ACM},
 address = {New York, NY, USA},
}

@inproceedings{Shifroni:1997:SGT:268084.268152,
 author = {Shifroni, Eyal and Ginat, David},
 title = {Simulation Game for Teaching Communications Protocols},
 booktitle = {Proceedings of the Twenty-eighth SIGCSE Technical Symposium on Computer Science Education},
 series = {SIGCSE '97},
 year = {1997},
 isbn = {0-89791-889-4},
 location = {San Jose, California, USA},
 pages = {184--188},
 numpages = {5},
 url = {http://doi.acm.org/10.1145/268084.268152},
 doi = {10.1145/268084.268152},
 acmid = {268152},
 publisher = {ACM},
 address = {New York, NY, USA},
}

@article{Sigman:2007:ESF:1227504.1227463,
 author = {Sigman, Scott},
 title = {Engaging Students in Formal Language Theory and Theory of Computation},
 journal = {SIGCSE Bull.},
 issue_date = {March 2007},
 volume = {39},
 number = {1},
 month = mar,
 year = {2007},
 issn = {0097-8418},
 pages = {450--453},
 numpages = {4},
 url = {http://doi.acm.org/10.1145/1227504.1227463},
 doi = {10.1145/1227504.1227463},
 acmid = {1227463},
 publisher = {ACM},
 address = {New York, NY, USA},
 keywords = {Moore method, discovery learning, formal language theory, inquiry learning, problem based learning, theory of computation},
}

@inproceedings{Sigman:2007:ESF:1227310.1227463,
 author = {Sigman, Scott},
 title = {Engaging Students in Formal Language Theory and Theory of Computation},
 booktitle = {Proceedings of the 38th SIGCSE Technical Symposium on Computer Science Education},
 series = {SIGCSE '07},
 year = {2007},
 isbn = {1-59593-361-1},
 location = {Covington, Kentucky, USA},
 pages = {450--453},
 numpages = {4},
 url = {http://doi.acm.org/10.1145/1227310.1227463},
 doi = {10.1145/1227310.1227463},
 acmid = {1227463},
 publisher = {ACM},
 address = {New York, NY, USA},
 keywords = {Moore method, discovery learning, formal language theory, inquiry learning, problem based learning, theory of computation},
}

@article{Hackman:1994:EAT:181526.181537,
 author = {Hackman,Jr., George and Ferratt, Thomas W. and Kerckaert, Fantine M.},
 title = {An Experiential Approach to Teaching Students About Usability and HCI},
 journal = {SIGCHI Bull.},
 issue_date = {Jan. 1994},
 volume = {26},
 number = {1},
 month = jan,
 year = {1994},
 issn = {0736-6906},
 pages = {56--59},
 numpages = {4},
 url = {http://doi.acm.org/10.1145/181526.181537},
 doi = {10.1145/181526.181537},
 acmid = {181537},
 publisher = {ACM},
 address = {New York, NY, USA},
}

@inproceedings{Maguire:2019:DPP:3294016.3294021,
 author = {Maguire, Joseph and English, Rosanne and Draper, Steve},
 title = {Data Protection and Privacy Regulations As an Inter-Active-Constructive Practice},
 booktitle = {Proceedings of the 3rd Conference on Computing Education Practice},
 series = {CEP '19},
 year = {2019},
 isbn = {978-1-4503-6631-1},
 location = {Durham, United Kingdom},
 pages = {9:1--9:4},
 articleno = {9},
 numpages = {4},
 url = {http://doi.acm.org/10.1145/3294016.3294021},
 doi = {10.1145/3294016.3294021},
 acmid = {3294021},
 publisher = {ACM},
 address = {New York, NY, USA},
 keywords = {active learning, cyber security, privacy},
}

@inproceedings{Berns:2018:EPV:3284179.3284309,
 author = {Berns, Anke and Mota, Jos{\'e} Miguel and Ruiz-Rube, Ivan and Dodero, Juan Manuel},
 title = {Exploring the Potential of a 360\&Deg; Video Application for Foreign Language Learning},
 booktitle = {Proceedings of the Sixth International Conference on Technological Ecosystems for Enhancing Multiculturality},
 series = {TEEM'18},
 year = {2018},
 isbn = {978-1-4503-6518-5},
 location = {Salamanca, Spain},
 pages = {776--780},
 numpages = {5},
 url = {http://doi.acm.org/10.1145/3284179.3284309},
 doi = {10.1145/3284179.3284309},
 acmid = {3284309},
 publisher = {ACM},
 address = {New York, NY, USA},
 keywords = {Higher Education, Interaction, Language Learning, Virtual 3D World Immersion, Virtual Learning Environments, Virtual Reality},
}

@inproceedings{Grover:2019:NAE:3287324.3287468,
 author = {Grover, Shuchi and Lundh, Patrik and Jackiw, Nicholas},
 title = {Non-Programming Activities for Engagement with Foundational Concepts in Introductory Programming},
 booktitle = {Proceedings of the 50th ACM Technical Symposium on Computer Science Education},
 series = {SIGCSE '19},
 year = {2019},
 isbn = {978-1-4503-5890-3},
 location = {Minneapolis, MN, USA},
 pages = {1136--1142},
 numpages = {7},
 url = {http://doi.acm.org/10.1145/3287324.3287468},
 doi = {10.1145/3287324.3287468},
 acmid = {3287468},
 publisher = {ACM},
 address = {New York, NY, USA},
 keywords = {computer science education, digital interactive activities, expressions, loops, abstraction, introductory programming, k-12 computer science, unplugged, variables},
}

@article{Mavrikis:2013:DRS:2581893.2581918,
 author = {Mavrikis, Manolis and Gutierrez-Santos, Sergio and Geraniou, Eirini and Noss, Richard},
 title = {Design Requirements, Student Perception Indicators and Validation Metrics for Intelligent Exploratory Learning Environments},
 journal = {Personal Ubiquitous Comput.},
 issue_date = {December  2013},
 volume = {17},
 number = {8},
 month = dec,
 year = {2013},
 issn = {1617-4909},
 pages = {1605--1620},
 numpages = {16},
 url = {https://doi.org/10.1007/s00779-012-0524-3},
 doi = {10.1007/s00779-012-0524-3},
 acmid = {2581918},
 publisher = {Springer-Verlag},
 address = {Berlin, Heidelberg},
 keywords = {Child interaction, Co-located feedback, Exploratory learning, Feedback interruption, Intelligent microworlds, Validation metrics},
}

@article{Fischer:1991:RCC:123078.128727,
 author = {Fischer, Gerhard and Lemke, Andreas C. and Mastaglio, Thomas and Morch, Andres I.},
 title = {The Role of Critiquing in Cooperative Problem Solving},
 journal = {ACM Trans. Inf. Syst.},
 issue_date = {April 1991},
 volume = {9},
 number = {2},
 month = apr,
 year = {1991},
 issn = {1046-8188},
 pages = {123--151},
 numpages = {29},
 url = {http://doi.acm.org/10.1145/123078.128727},
 doi = {10.1145/123078.128727},
 acmid = {128727},
 publisher = {ACM},
 address = {New York, NY, USA},
 keywords = {cooperative problem-solving systems, critics, critiquing, design environments, high-functionality computer systems, intelligent support systems},
}

@article{Hill:2019:PVD:3321370.3311717,
 author = {Hill, Robin K. and Guzdial, Mark},
 title = {Pondering Variables and Direct Instruction},
 journal = {Commun. ACM},
 issue_date = {April 2019},
 volume = {62},
 number = {4},
 month = mar,
 year = {2019},
 issn = {0001-0782},
 pages = {6--6},
 numpages = {1},
 url = {http://doi.acm.org/10.1145/3311717},
 doi = {10.1145/3311717},
 acmid = {3311717},
 publisher = {ACM},
 address = {New York, NY, USA},
}

@inproceedings{Aramo-Immonen:2014:VIL:2669711.2669962,
 author = {Aramo-Immonen, Heli and Jussila, Jari and Huhtam\"{a}ki, Jukka},
 title = {Visualizing Informal Learning Behavior from Conference Participants Twitter Data},
 booktitle = {Proceedings of the Second International Conference on Technological Ecosystems for Enhancing Multiculturality},
 series = {TEEM '14},
 year = {2014},
 isbn = {978-1-4503-2896-8},
 location = {Salamanca, Spain},
 pages = {603--610},
 numpages = {8},
 url = {http://doi.acm.org/10.1145/2669711.2669962},
 doi = {10.1145/2669711.2669962},
 acmid = {2669962},
 publisher = {ACM},
 address = {New York, NY, USA},
 keywords = {Twitter, communities of practice, informal learning, learning, memory aids, social network analysis},
}

@article{Mitrovic:1998:LSC:274790.274318,
 author = {Mitrovic, Antonija},
 title = {Learning SQL with a Computerized Tutor},
 journal = {SIGCSE Bull.},
 issue_date = {Mar. 1998},
 volume = {30},
 number = {1},
 month = mar,
 year = {1998},
 issn = {0097-8418},
 pages = {307--311},
 numpages = {5},
 url = {http://doi.acm.org/10.1145/274790.274318},
 doi = {10.1145/274790.274318},
 acmid = {274318},
 publisher = {ACM},
 address = {New York, NY, USA},
}

@inproceedings{Mitrovic:1998:LSC:273133.274318,
 author = {Mitrovic, Antonija},
 title = {Learning SQL with a Computerized Tutor},
 booktitle = {Proceedings of the Twenty-ninth SIGCSE Technical Symposium on Computer Science Education},
 series = {SIGCSE '98},
 year = {1998},
 isbn = {0-89791-994-7},
 location = {Atlanta, Georgia, USA},
 pages = {307--311},
 numpages = {5},
 url = {http://doi.acm.org/10.1145/273133.274318},
 doi = {10.1145/273133.274318},
 acmid = {274318},
 publisher = {ACM},
 address = {New York, NY, USA},
}

@article{Robertson:1994:OSS:191081.191091,
 author = {Robertson, Scott P. and Carroll, John M. and Mack, Robert L. and Rosson, Mary Beth and Alpert, Sherman R. and Koenenmann-Belliveau, J\"{u}rgen},
 title = {Ode: A Self-guided, Scenario-based Learning Environment for Object-oriented Design Principles},
 journal = {SIGPLAN Not.},
 issue_date = {Oct. 1994},
 volume = {29},
 number = {10},
 month = oct,
 year = {1994},
 issn = {0362-1340},
 pages = {51--64},
 numpages = {14},
 url = {http://doi.acm.org/10.1145/191081.191091},
 doi = {10.1145/191081.191091},
 acmid = {191091},
 publisher = {ACM},
 address = {New York, NY, USA},
}

@inproceedings{Robertson:1994:OSS:191080.191091,
 author = {Robertson, Scott P. and Carroll, John M. and Mack, Robert L. and Rosson, Mary Beth and Alpert, Sherman R. and Koenenmann-Belliveau, J\"{u}rgen},
 title = {Ode: A Self-guided, Scenario-based Learning Environment for Object-oriented Design Principles},
 booktitle = {Proceedings of the Ninth Annual Conference on Object-oriented Programming Systems, Language, and Applications},
 series = {OOPSLA '94},
 year = {1994},
 isbn = {0-89791-688-3},
 location = {Portland, Oregon, USA},
 pages = {51--64},
 numpages = {14},
 url = {http://doi.acm.org/10.1145/191080.191091},
 doi = {10.1145/191080.191091},
 acmid = {191091},
 publisher = {ACM},
 address = {New York, NY, USA},
}

@inproceedings{Ramachandran:2018:TAT:3171221.3171250,
 author = {Ramachandran, Aditi and Huang, Chien-Ming and Gartland, Edward and Scassellati, Brian},
 title = {Thinking Aloud with a Tutoring Robot to Enhance Learning},
 booktitle = {Proceedings of the 2018 ACM/IEEE International Conference on Human-Robot Interaction},
 series = {HRI '18},
 year = {2018},
 isbn = {978-1-4503-4953-6},
 location = {Chicago, IL, USA},
 pages = {59--68},
 numpages = {10},
 url = {http://doi.acm.org/10.1145/3171221.3171250},
 doi = {10.1145/3171221.3171250},
 acmid = {3171250},
 publisher = {ACM},
 address = {New York, NY, USA},
 keywords = {child-robot interaction, education, tutoring},
}

@article{Ames:2018:HCC:3290265.3274287,
 author = {Ames, Morgan G.},
 title = {Hackers, Computers, and Cooperation: A Critical History of Logo and Constructionist Learning},
 journal = {Proc. ACM Hum.-Comput. Interact.},
 issue_date = {November 2018},
 volume = {2},
 number = {CSCW},
 month = nov,
 year = {2018},
 issn = {2573-0142},
 pages = {18:1--18:19},
 articleno = {18},
 numpages = {19},
 url = {http://doi.acm.org/10.1145/3274287},
 doi = {10.1145/3274287},
 acmid = {3274287},
 publisher = {ACM},
 address = {New York, NY, USA},
 keywords = {ai, constructionism, education, fablabs, hackers, ideology, learning, logo, maker movement, media lab, mindstorms, mit, olpc, piaget, robotics, scaffolding, school, scratch, seymour papert, teachers},
}

@article{Gaspar:2008:ENP:1352627.1352657,
 author = {Gaspar, Alessio and Langevin, Sarah and Armitage, William and Rideout, Matt},
 title = {Enabling New Pedagogies in Operating Systems and Networking Courses with State of the Art Open Source Kernel and Virtualization Technologies},
 journal = {J. Comput. Sci. Coll.},
 issue_date = {May 2008},
 volume = {23},
 number = {5},
 month = may,
 year = {2008},
 issn = {1937-4771},
 pages = {189--198},
 numpages = {10},
 url = {http://dl.acm.org/citation.cfm?id=1352627.1352657},
 acmid = {1352657},
 publisher = {Consortium for Computing Sciences in Colleges},
 address = {USA},
}

@article{Kelleher:2005:LBP:1089733.1089734,
 author = {Kelleher, Caitlin and Pausch, Randy},
 title = {Lowering the Barriers to Programming: A Taxonomy of Programming Environments and Languages for Novice Programmers},
 journal = {ACM Comput. Surv.},
 issue_date = {June 2005},
 volume = {37},
 number = {2},
 month = jun,
 year = {2005},
 issn = {0360-0300},
 pages = {83--137},
 numpages = {55},
 url = {http://doi.acm.org/10.1145/1089733.1089734},
 doi = {10.1145/1089733.1089734},
 acmid = {1089734},
 publisher = {ACM},
 address = {New York, NY, USA},
 keywords = {Human-computer interaction, computer Science education, learning, literacy, problem solving},
}

@inproceedings{Apostolellis:2015:SGL:2771839.2771856,
 author = {Apostolellis, Panagiotis and Bowman, Doug A.},
 title = {Small Group Learning with Games in Museums: Effects of Interactivity As Mediated by Cultural Differences},
 booktitle = {Proceedings of the 14th International Conference on Interaction Design and Children},
 series = {IDC '15},
 year = {2015},
 isbn = {978-1-4503-3590-4},
 location = {Boston, Massachusetts},
 pages = {160--169},
 numpages = {10},
 url = {http://doi.acm.org/10.1145/2771839.2771856},
 doi = {10.1145/2771839.2771856},
 acmid = {2771856},
 publisher = {ACM},
 address = {New York, NY, USA},
 keywords = {co-located collaboration, culture, facilitation, game-based learning, informal learning, interactivity, prior knowledge},
}

@inproceedings{Najafabadi:2015:ESD:2757401.2762717,
 author = {Najafabadi, Mahdi M. and Bahaddin, Babak and Deegan, Michael A. and Behnagh, Reza Feyzi and Luna-Reyes, Luis F. and Rich, Eliot H. and Andersen, David F.},
 title = {Empowering Sustainable Decision Making: CoastalProtectSim in Action},
 booktitle = {Proceedings of the 16th Annual International Conference on Digital Government Research},
 series = {dg.o '15},
 year = {2015},
 isbn = {978-1-4503-3600-0},
 location = {Phoenix, Arizona},
 pages = {340--342},
 numpages = {3},
 url = {http://doi.acm.org/10.1145/2757401.2762717},
 doi = {10.1145/2757401.2762717},
 acmid = {2762717},
 publisher = {ACM},
 address = {New York, NY, USA},
 keywords = {SBLE, coastal protection, group model building, simulation, stakeholders, sustainability planning, system dynamics},
}

@inproceedings{Boden:2011:DTE:2071536.2071543,
 author = {Bod{\'e}n, Marie and Dekker, Andrew and Viller, Stephen},
 title = {Discovery Table Exploring the Design of Tangible and Ubiquitous Technology for Learning in Preparatory Classrooms},
 booktitle = {Proceedings of the 23rd Australian Computer-Human Interaction Conference},
 series = {OzCHI '11},
 year = {2011},
 isbn = {978-1-4503-1090-1},
 location = {Canberra, Australia},
 pages = {54--57},
 numpages = {4},
 url = {http://doi.acm.org/10.1145/2071536.2071543},
 doi = {10.1145/2071536.2071543},
 acmid = {2071543},
 publisher = {ACM},
 address = {New York, NY, USA},
 keywords = {education, in-situ evaluation, inter-disciplinary, interaction design, playful, tangible, ubiquitous technology},
}

@inproceedings{Segedy:2013:MAL:2460296.2460336,
 author = {Segedy, James R. and Loretz, Kirk M. and Biswas, Gautam},
 title = {Model-driven Assessment of Learners in Open-ended Learning Environments},
 booktitle = {Proceedings of the Third International Conference on Learning Analytics and Knowledge},
 series = {LAK '13},
 year = {2013},
 isbn = {978-1-4503-1785-6},
 location = {Leuven, Belgium},
 pages = {200--204},
 numpages = {5},
 url = {http://doi.acm.org/10.1145/2460296.2460336},
 doi = {10.1145/2460296.2460336},
 acmid = {2460336},
 publisher = {ACM},
 address = {New York, NY, USA},
 keywords = {adaptive scaffolding, model-driven assessment, open-ended learning environment, performance metrics},
}

@inproceedings{Kerven:2017:SIE:3017680.3017753,
 author = {Kerven, David and Nagel, Kristine and Smith, Stella and Abraham, Sherly and Young, Laura},
 title = {Scenario-Based Inquiry for Engagement in General Education Computing},
 booktitle = {Proceedings of the 2017 ACM SIGCSE Technical Symposium on Computer Science Education},
 series = {SIGCSE '17},
 year = {2017},
 isbn = {978-1-4503-4698-6},
 location = {Seattle, Washington, USA},
 pages = {303--308},
 numpages = {6},
 url = {http://doi.acm.org/10.1145/3017680.3017753},
 doi = {10.1145/3017680.3017753},
 acmid = {3017753},
 publisher = {ACM},
 address = {New York, NY, USA},
 keywords = {computing literacy, cybersecurity awareness, inquiry-based learning},
}

@article{Okada:2001:DVE:504546.504548,
 author = {Okada, Masaya and Tarumi, Hiroyuki and Yoshimura, Tetsuhiko and Moriya, Kazuyuki},
 title = {Distributed Virtual Environment Realizing Collaborative Environmental Education},
 journal = {SIGCUE Outlook},
 issue_date = {September 2001},
 volume = {27},
 number = {3},
 month = sep,
 year = {2001},
 issn = {0163-5735},
 pages = {16--26},
 numpages = {11},
 url = {http://doi.acm.org/10.1145/504546.504548},
 doi = {10.1145/504546.504548},
 acmid = {504548},
 publisher = {ACM},
 address = {New York, NY, USA},
 keywords = {distance leaarning, distributed virtual environment, environmental education, mobile computing, virtual tours},
}

@inproceedings{Lyons:2009:DOU:1600053.1600110,
 author = {Lyons, Leilah},
 title = {Designing Opportunistic User Interfaces to Support a Collaborative Museum Exhibit},
 booktitle = {Proceedings of the 9th International Conference on Computer Supported Collaborative Learning - Volume 1},
 series = {CSCL'09},
 year = {2009},
 isbn = {978-1-4092-8598-4},
 location = {Rhodes, Greece},
 pages = {375--384},
 numpages = {10},
 url = {http://dl.acm.org/citation.cfm?id=1600053.1600110},
 acmid = {1600110},
 publisher = {International Society of the Learning Sciences},
}

@inproceedings{Linn:2008:IDI:1599936.1600021,
 author = {Linn, Marcia C. and Quintana, Chris and Chang, Hsin-Yi and Shen, Ji and Chiu, Jennifer L. and Clark, Douglas and Menekse, Muhsin and D'Angelo, Cynthia and Schleigh, Sharon and Touchman, Stephanie and McElhaney, Kevin W. and Varma, Keisha and Price, Aaron and Lee, Hee-Sun},
 title = {Improving the Design and Impact of Interactive, Dynamic Visualizations for Science Learning},
 booktitle = {Proceedings of the 8th International Conference on International Conference for the Learning Sciences - Volume 3},
 series = {ICLS'08},
 year = {2008},
 location = {Utrecht, The Netherlands},
 pages = {221--228},
 numpages = {8},
 url = {http://dl.acm.org/citation.cfm?id=1599936.1600021},
 acmid = {1600021},
 publisher = {International Society of the Learning Sciences},
}

@inproceedings{Stegmann:2007:TCC:1599600.1599758,
 author = {Stegmann, Karsten and Kollar, Ingo and Zottmann, Jan and Gijlers, Hannie and De Jong, Ton and Dillenbourg, Pierre and Slotta, James D. and Fischer, Frank},
 title = {Towards the Convergence of CSCL and Inquiry Learning: Scripting Collaborative Inquiry Learning},
 booktitle = {Proceedings of the 8th Iternational Conference on Computer Supported Collaborative Learning},
 series = {CSCL'07},
 year = {2007},
 isbn = {978-0-6151-5436-7},
 location = {New Brunswick, New Jersey, USA},
 pages = {831--832},
 numpages = {2},
 url = {http://dl.acm.org/citation.cfm?id=1599600.1599758},
 acmid = {1599758},
 publisher = {International Society of the Learning Sciences},
}

@article{Hickey:2013:PGD:2460156.2460165,
 author = {Hickey, Timothy J.},
 title = {Physics-based 3D Game Design As a First Course in Computing},
 journal = {J. Comput. Sci. Coll.},
 issue_date = {June 2013},
 volume = {28},
 number = {6},
 month = jun,
 year = {2013},
 issn = {1937-4771},
 pages = {35--41},
 numpages = {7},
 url = {http://dl.acm.org/citation.cfm?id=2460156.2460165},
 acmid = {2460165},
 publisher = {Consortium for Computing Sciences in Colleges},
 address = {USA},
}

@inproceedings{Aleahmad:2007:NAF:1599600.1599750,
 author = {Aleahmad, Turadg and Slotta, Jim and Van Joolingen, Wouter},
 title = {New Authoring Frameworks for Integrating Collaborative Learning Technologies},
 booktitle = {Proceedings of the 8th Iternational Conference on Computer Supported Collaborative Learning},
 series = {CSCL'07},
 year = {2007},
 isbn = {978-0-6151-5436-7},
 location = {New Brunswick, New Jersey, USA},
 pages = {818--819},
 numpages = {2},
 url = {http://dl.acm.org/citation.cfm?id=1599600.1599750},
 acmid = {1599750},
 publisher = {International Society of the Learning Sciences},
}

@article{King:1988:LDM:52965.53014,
 author = {King, Ronald S.},
 title = {A \&Ldquo;Course\&Rdquo; for Data Modelling},
 journal = {SIGCSE Bull.},
 issue_date = {Feb. 1988},
 volume = {20},
 number = {1},
 month = feb,
 year = {1988},
 issn = {0097-8418},
 pages = {200--204},
 numpages = {5},
 url = {http://doi.acm.org/10.1145/52965.53014},
 doi = {10.1145/52965.53014},
 acmid = {53014},
 publisher = {ACM},
 address = {New York, NY, USA},
}

@inproceedings{King:1988:LDM:52964.53014,
 author = {King, Ronald S.},
 title = {A \&Ldquo;Course\&Rdquo; for Data Modelling},
 booktitle = {Proceedings of the Nineteenth SIGCSE Technical Symposium on Computer Science Education},
 series = {SIGCSE '88},
 year = {1988},
 isbn = {0-89791-256-X},
 location = {Atlanta, Georgia, USA},
 pages = {200--204},
 numpages = {5},
 url = {http://doi.acm.org/10.1145/52964.53014},
 doi = {10.1145/52964.53014},
 acmid = {53014},
 publisher = {ACM},
 address = {New York, NY, USA},
}

@inproceedings{Anjewierden:2009:ERD:1600053.1600072,
 author = {Anjewierden, Anjo and Gijlers, Hannie and Kolloffel, Bas and Saab, Nadira and De Hoog, Robert},
 title = {Examining the Relation Between Domain-related Communication and Collaborative Inquiry Learning},
 booktitle = {Proceedings of the 9th International Conference on Computer Supported Collaborative Learning - Volume 1},
 series = {CSCL'09},
 year = {2009},
 isbn = {978-1-4092-8598-4},
 location = {Rhodes, Greece},
 pages = {123--131},
 numpages = {9},
 url = {http://dl.acm.org/citation.cfm?id=1600053.1600072},
 acmid = {1600072},
 publisher = {International Society of the Learning Sciences},
}

@inproceedings{Diyas:2016:EPV:2906831.2906909,
 author = {Diyas, Yerassyl and Brakk, Dmitriy and Aimambetov, Yernar and Sandygulova, Anara},
 title = {Evaluating Peer Versus Teacher Robot Within Educational Scenario of Programming Learning},
 booktitle = {The Eleventh ACM/IEEE International Conference on Human Robot Interaction},
 series = {HRI '16},
 year = {2016},
 isbn = {978-1-4673-8370-7},
 location = {Christchurch, New Zealand},
 pages = {425--426},
 numpages = {2},
 url = {http://dl.acm.org/citation.cfm?id=2906831.2906909},
 acmid = {2906909},
 publisher = {IEEE Press},
 address = {Piscataway, NJ, USA},
 keywords = {child-robot interaction, educational robotics, human-robot interaction},
}

@inproceedings{Din:2006:PLE:1179295.1179309,
 author = {Din, Herminia Wei-Hsin},
 title = {Play to Learn: Exploring Online Educational Games in Museums},
 booktitle = {ACM SIGGRAPH 2006 Educators Program},
 series = {SIGGRAPH '06},
 year = {2006},
 isbn = {1-59593-364-6},
 location = {Boston, Massachusetts},
 articleno = {13},
 url = {http://doi.acm.org/10.1145/1179295.1179309},
 doi = {10.1145/1179295.1179309},
 acmid = {1179309},
 publisher = {ACM},
 address = {New York, NY, USA},
}

@inproceedings{Moraveji:2009:OMC:1599503.1599525,
 author = {Moraveji, Neema and Lindgren, Robb and Pea, Roy},
 title = {Organized Mischief: Comparing Shared and Private Displays on a Collaborative Learning Task},
 booktitle = {Proceedings of the 9th International Conference on Computer Supported Collaborative Learning - Volume 2},
 series = {CSCL'09},
 year = {2009},
 isbn = {978-1-4092-8598-4},
 location = {Rhodes, Greece},
 pages = {65--67},
 numpages = {3},
 url = {http://dl.acm.org/citation.cfm?id=1599503.1599525},
 acmid = {1599525},
 publisher = {International Society of the Learning Sciences},
}

@inproceedings{Gobert:2007:FPC:1599600.1599604,
 author = {Gobert, Janice and Slotta, James and Clarke, Jody and Dede, Chris and Gijlers, Hannie and Saab, Nadira and Van Joolingen, Wouter and De Jong, Ton and Koedinger, Ken},
 title = {Fostering Peer Collaboration with Technology},
 booktitle = {Proceedings of the 8th Iternational Conference on Computer Supported Collaborative Learning},
 series = {CSCL'07},
 year = {2007},
 isbn = {978-0-6151-5436-7},
 location = {New Brunswick, New Jersey, USA},
 pages = {23--27},
 numpages = {5},
 url = {http://dl.acm.org/citation.cfm?id=1599600.1599604},
 acmid = {1599604},
 publisher = {International Society of the Learning Sciences},
}

@inproceedings{Okada:2001:DVE:372202.372281,
 author = {Okada, Masaya and Tarumi, Hiroyuki and Yoshimura, Tetsuhiko},
 title = {Distributed Virtual Environment Realizing Collaborative Environment Education},
 booktitle = {Proceedings of the 2001 ACM Symposium on Applied Computing},
 series = {SAC '01},
 year = {2001},
 isbn = {1-58113-287-5},
 location = {Las Vegas, Nevada, USA},
 pages = {83--88},
 numpages = {6},
 url = {http://doi.acm.org/10.1145/372202.372281},
 doi = {10.1145/372202.372281},
 acmid = {372281},
 publisher = {ACM},
 address = {New York, NY, USA},
 keywords = {distance learning, distributed virtual environment, environmental education, mobile computing, virtual tour},
}

@article{Carswell:1998:LUT:290320.283017,
 author = {Carswell, Linda},
 title = {The \&Ldquo;Virtual University\&Rdquo;: Toward an Internet Paradigm?},
 journal = {SIGCSE Bull.},
 issue_date = {Sept. 1998},
 volume = {30},
 number = {3},
 month = aug,
 year = {1998},
 issn = {0097-8418},
 pages = {46--50},
 numpages = {5},
 url = {http://doi.acm.org/10.1145/290320.283017},
 doi = {10.1145/290320.283017},
 acmid = {283017},
 publisher = {ACM},
 address = {New York, NY, USA},
 keywords = {Virtual University, distance education, synchronous and asynchronous teaching, teaching via the Internet},
}

@inproceedings{Carswell:1998:LUT:282991.283017,
 author = {Carswell, Linda},
 title = {The \&Ldquo;Virtual University\&Rdquo;: Toward an Internet Paradigm?},
 booktitle = {Proceedings of the 6th Annual Conference on the Teaching of Computing and the 3rd Annual Conference on Integrating Technology into Computer Science Education: Changing the Delivery of Computer Science Education},
 series = {ITiCSE '98},
 year = {1998},
 isbn = {1-58113-000-7},
 location = {Dublin City Univ., Ireland},
 pages = {46--50},
 numpages = {5},
 url = {http://doi.acm.org/10.1145/282991.283017},
 doi = {10.1145/282991.283017},
 acmid = {283017},
 publisher = {ACM},
 address = {New York, NY, USA},
 keywords = {Virtual University, distance education, synchronous and asynchronous teaching, teaching via the Internet},
}

@inproceedings{Aditomo:2007:LVI:1599600.1599608,
 author = {Aditomo, Anindito and Reimann, Peter},
 title = {Learning from Virtual Interaction: A Review of Research on Online Synchronous Groups},
 booktitle = {Proceedings of the 8th Iternational Conference on Computer Supported Collaborative Learning},
 series = {CSCL'07},
 year = {2007},
 isbn = {978-0-6151-5436-7},
 location = {New Brunswick, New Jersey, USA},
 pages = {59--68},
 numpages = {10},
 url = {http://dl.acm.org/citation.cfm?id=1599600.1599608},
 acmid = {1599608},
 publisher = {International Society of the Learning Sciences},
}

@inproceedings{Dimitriadis:2007:STC:1599600.1599635,
 author = {Dimitriadis, Yannis and Asensio-P{\'e}rez, Juan Ignacio and Hern\'{a}ez-Leo, Davinia and Roschelle, Jeremy and Brecht, John and Tatar, Deborah and Chaudhury, S. Raj and DiGiano, Chris and Patton, Charles M.},
 title = {From Socially-mediated to Technology-mediated Coordination: A Study of Design Tensions Using Group Scribbles},
 booktitle = {Proceedings of the 8th Iternational Conference on Computer Supported Collaborative Learning},
 series = {CSCL'07},
 year = {2007},
 isbn = {978-0-6151-5436-7},
 location = {New Brunswick, New Jersey, USA},
 pages = {184--186},
 numpages = {3},
 url = {http://dl.acm.org/citation.cfm?id=1599600.1599635},
 acmid = {1599635},
 publisher = {International Society of the Learning Sciences},
}

@inproceedings{Glezou:2009:SSE:1600053.1600114,
 author = {Glezou, Katerina and Grigoriadou, Maria},
 title = {Supporting Student Engagement in Simulation Development},
 booktitle = {Proceedings of the 9th International Conference on Computer Supported Collaborative Learning - Volume 1},
 series = {CSCL'09},
 year = {2009},
 isbn = {978-1-4092-8598-4},
 location = {Rhodes, Greece},
 pages = {414--418},
 numpages = {5},
 url = {http://dl.acm.org/citation.cfm?id=1600053.1600114},
 acmid = {1600114},
 publisher = {International Society of the Learning Sciences},
}

@inproceedings{Henderson:1989:TRP:65293.71190,
 author = {Henderson, Peter B. and Romero, Francisco J.},
 title = {Teaching Recursion As a Problem-solving Tool Using Standard ML},
 booktitle = {Proceedings of the Twentieth SIGCSE Technical Symposium on Computer Science Education},
 series = {SIGCSE '89},
 year = {1989},
 isbn = {0-89791-298-5},
 location = {Louisville, Kentucky, USA},
 pages = {27--31},
 numpages = {5},
 url = {http://doi.acm.org/10.1145/65293.71190},
 doi = {10.1145/65293.71190},
 acmid = {71190},
 publisher = {ACM},
 address = {New York, NY, USA},
}

@article{Henderson:1989:TRP:65294.71190,
 author = {Henderson, Peter B. and Romero, Francisco J.},
 title = {Teaching Recursion As a Problem-solving Tool Using Standard ML},
 journal = {SIGCSE Bull.},
 issue_date = {Feb. 1989},
 volume = {21},
 number = {1},
 month = feb,
 year = {1989},
 issn = {0097-8418},
 pages = {27--31},
 numpages = {5},
 url = {http://doi.acm.org/10.1145/65294.71190},
 doi = {10.1145/65294.71190},
 acmid = {71190},
 publisher = {ACM},
 address = {New York, NY, USA},
}

@article{Bonar:1986:OAI:960112.28723,
 author = {Bonar, Jeffrey and Cunningham, Robert and Schultz, Jamie},
 title = {An Object-oriented Architecture for Intelligent Tutoring Systems},
 journal = {SIGPLAN Not.},
 issue_date = {Nov. 1986},
 volume = {21},
 number = {11},
 month = jun,
 year = {1986},
 issn = {0362-1340},
 pages = {269--276},
 numpages = {8},
 url = {http://doi.acm.org/10.1145/960112.28723},
 doi = {10.1145/960112.28723},
 acmid = {28723},
 publisher = {ACM},
 address = {New York, NY, USA},
}

@inproceedings{Bonar:1986:OAI:28697.28723,
 author = {Bonar, Jeffrey and Cunningham, Robert and Schultz, Jamie},
 title = {An Object-oriented Architecture for Intelligent Tutoring Systems},
 booktitle = {Conference Proceedings on Object-oriented Programming Systems, Languages and Applications},
 series = {OOPSLA '86},
 year = {1986},
 isbn = {0-89791-204-7},
 location = {Portland, Oregon, USA},
 pages = {269--276},
 numpages = {8},
 url = {http://doi.acm.org/10.1145/28697.28723},
 doi = {10.1145/28697.28723},
 acmid = {28723},
 publisher = {ACM},
 address = {New York, NY, USA},
}

@inproceedings{Misailidis:2018:VED:3291533.3291568,
 author = {Misailidis, Elias and Charitopoulos, Angelos and Rangoussi, Maria},
 title = {Visualization of Educational Data Mined from the Moodle e-Learning Platform},
 booktitle = {Proceedings of the 22Nd Pan-Hellenic Conference on Informatics},
 series = {PCI '18},
 year = {2018},
 isbn = {978-1-4503-6610-6},
 location = {Athens, Greece},
 pages = {82--87},
 numpages = {6},
 url = {http://doi.acm.org/10.1145/3291533.3291568},
 doi = {10.1145/3291533.3291568},
 acmid = {3291568},
 publisher = {ACM},
 address = {New York, NY, USA},
 keywords = {data visualization, e-learning platform, educational data mining, grading, moodle, plug-in, student evaluation},
}

@inproceedings{Opfermann:2008:SUM:1599936.1600031,
 author = {Opfermann, Maria and Van Der Meij, Jan and Ainsworth, Shaaron and Seufert, Tina and Vogel, Markus and Br\"{u}nken, Roland and Plass, Jan L. and Homer, Bruce and Wang, Yan and Kim, Minchi and Milne, Catherine and Jordan, Trace and Gerjets, Peter and Scheiter, Katharina and De Jong, Ton},
 title = {Supporting the Use of Multiple Representations in Multimedia Learning Environments},
 booktitle = {Proceedings of the 8th International Conference on International Conference for the Learning Sciences - Volume 3},
 series = {ICLS'08},
 year = {2008},
 location = {Utrecht, The Netherlands},
 pages = {298--305},
 numpages = {8},
 url = {http://dl.acm.org/citation.cfm?id=1599936.1600031},
 acmid = {1600031},
 publisher = {International Society of the Learning Sciences},
}

@inproceedings{Hammoud:2009:CSA:1690508.1690513,
 author = {Hammoud, Lamis and Love, Steve and Brinkman, Willem-Paul},
 title = {Does Cognitive Style Affect Student Performance on a Web-based Course?},
 booktitle = {European Conference on Cognitive Ergonomics: Designing Beyond the Product --- Understanding Activity and User Experience in Ubiquitous Environments},
 series = {ECCE '09},
 year = {2009},
 isbn = {978-951-38-6340-1},
 location = {Helsinki, Finland},
 pages = {3:1--3:5},
 articleno = {3},
 numpages = {5},
 url = {http://dl.acm.org/citation.cfm?id=1690508.1690513},
 acmid = {1690513},
 publisher = {VTT Technical Research Centre of Finland},
 address = {VTT, Finland, Finland},
 keywords = {WebCT, cognitive styles, students' performance, web-based learning},
}

@article{Greitzer:2007:CSI:1281320.1281322,
 author = {Greitzer, Frank L. and Kuchar, Olga Anna and Huston, Kristy},
 title = {Cognitive Science Implications for Enhancing Training Effectiveness in a Serious Gaming Context},
 journal = {J. Educ. Resour. Comput.},
 issue_date = {November 2007},
 volume = {7},
 number = {3},
 month = nov,
 year = {2007},
 issn = {1531-4278},
 articleno = {2},
 url = {http://doi.acm.org/10.1145/1281320.1281322},
 doi = {10.1145/1281320.1281322},
 acmid = {1281322},
 publisher = {ACM},
 address = {New York, NY, USA},
 keywords = {Serious gaming, cognitive principles, computer-based training, cyber security education, training effectiveness},
}

@inproceedings{Sangin:2007:PMM:1599600.1599718,
 author = {Sangin, Mirweis and Nova, Nicolas and Molinari, Ga\"{e}lle and Dillenbourg, Pierre},
 title = {Partner Modeling is Mutual},
 booktitle = {Proceedings of the 8th Iternational Conference on Computer Supported Collaborative Learning},
 series = {CSCL'07},
 year = {2007},
 isbn = {978-0-6151-5436-7},
 location = {New Brunswick, New Jersey, USA},
 pages = {625--632},
 numpages = {8},
 url = {http://dl.acm.org/citation.cfm?id=1599600.1599718},
 acmid = {1599718},
 publisher = {International Society of the Learning Sciences},
}

@inproceedings{Falcao:2009:YDR:1600053.1600103,
 author = {Falc\~{a}o, Taciana Pontual and Price, Sara},
 title = {What Have You Done! The Role of 'Interference' in Tangible Environments for Supporting Collaborative Learning},
 booktitle = {Proceedings of the 9th International Conference on Computer Supported Collaborative Learning - Volume 1},
 series = {CSCL'09},
 year = {2009},
 isbn = {978-1-4092-8598-4},
 location = {Rhodes, Greece},
 pages = {325--334},
 numpages = {10},
 url = {http://dl.acm.org/citation.cfm?id=1600053.1600103},
 acmid = {1600103},
 publisher = {International Society of the Learning Sciences},
}

@inproceedings{Lepe-Salazar:2015:MAD:2832932.2832951,
 author = {Lepe-Salazar, Francisco},
 title = {A Model to Analyze and Design Educational Games with Pedagogical Foundations},
 booktitle = {Proceedings of the 12th International Conference on Advances in Computer Entertainment Technology},
 series = {ACE '15},
 year = {2015},
 isbn = {978-1-4503-3852-3},
 location = {Iskandar, Malaysia},
 pages = {1:1--1:14},
 articleno = {1},
 numpages = {14},
 url = {http://doi.acm.org/10.1145/2832932.2832951},
 doi = {10.1145/2832932.2832951},
 acmid = {2832951},
 publisher = {ACM},
 address = {New York, NY, USA},
 keywords = {educational games, game design, learning sciences, learning theories, model, pedagogy, serious games},
}

@inproceedings{McElhaney:2008:ISE:1599871.1599878,
 author = {McElhaney, Kevin W. and Linn, Marcia C.},
 title = {Impacts of Students' Experimentation Using a Dynamic Visualization on Their Understanding of Motion},
 booktitle = {Proceedings of the 8th International Conference on International Conference for the Learning Sciences - Volume 2},
 series = {ICLS'08},
 year = {2008},
 location = {Utrecht, The Netherlands},
 pages = {51--58},
 numpages = {8},
 url = {http://dl.acm.org/citation.cfm?id=1599871.1599878},
 acmid = {1599878},
 publisher = {International Society of the Learning Sciences},
}

@inproceedings{Merten:2006:EMA:1111449.1111465,
 author = {Merten, Christina and Conati, Cristina},
 title = {Eye-tracking to Model and Adapt to User Meta-cognition in Intelligent Learning Environments},
 booktitle = {Proceedings of the 11th International Conference on Intelligent User Interfaces},
 series = {IUI '06},
 year = {2006},
 isbn = {1-59593-287-9},
 location = {Sydney, Australia},
 pages = {39--46},
 numpages = {8},
 url = {http://doi.acm.org/10.1145/1111449.1111465},
 doi = {10.1145/1111449.1111465},
 acmid = {1111465},
 publisher = {ACM},
 address = {New York, NY, USA},
 keywords = {adaptive interfaces, eye-tracking, intelligent assistance for complex tasks, intelligent learning environments, meta-cognitive skills, user modeling},
}

@article{Marchionini:1994:EHL:174608.174609,
 author = {Marchionini, Gary and Crane, Gregory},
 title = {Evaluating Hypermedia and Learning: Methods and Results from the Perseus Project},
 journal = {ACM Trans. Inf. Syst.},
 issue_date = {Jan. 1994},
 volume = {12},
 number = {1},
 month = jan,
 year = {1994},
 issn = {1046-8188},
 pages = {5--34},
 numpages = {30},
 url = {http://doi.acm.org/10.1145/174608.174609},
 doi = {10.1145/174608.174609},
 acmid = {174609},
 publisher = {ACM},
 address = {New York, NY, USA},
 keywords = {human-computer interaction, hypermedia, learning, teaching},
}

@inproceedings{Orth:2008:SML:1599871.1599890,
 author = {Orth, Cordula and Bastiaens, Theo J.},
 title = {Situated Multimedia Learning for Older Adults: Exploring the Benefits of Age-specific Instructional Design},
 booktitle = {Proceedings of the 8th International Conference on International Conference for the Learning Sciences - Volume 2},
 series = {ICLS'08},
 year = {2008},
 location = {Utrecht, The Netherlands},
 pages = {148--155},
 numpages = {8},
 url = {http://dl.acm.org/citation.cfm?id=1599871.1599890},
 acmid = {1599890},
 publisher = {International Society of the Learning Sciences},
}

@inproceedings{Kollar:2008:AWC:1599812.1599867,
 author = {Kollar, Ingo and Fischer, Frank and Slotta, James D.},
 title = {Argumentation in Web-based Collaborative Inquiry Learning: Scripts for Writing and Scripts for Talking Aren'T the Same},
 booktitle = {Proceedings of the 8th International Conference on International Conference for the Learning Sciences - Volume 1},
 series = {ICLS'08},
 year = {2008},
 location = {Utrecht, The Netherlands},
 pages = {453--460},
 numpages = {8},
 url = {http://dl.acm.org/citation.cfm?id=1599812.1599867},
 acmid = {1599867},
 publisher = {International Society of the Learning Sciences},
}

@inproceedings{Anjewierden:2008:ETS:1599812.1599816,
 author = {Anjewierden, Anjo and Gijlers, Hannie},
 title = {An Exploration of Tool Support for Categorical Coding},
 booktitle = {Proceedings of the 8th International Conference on International Conference for the Learning Sciences - Volume 1},
 series = {ICLS'08},
 year = {2008},
 location = {Utrecht, The Netherlands},
 pages = {35--42},
 numpages = {8},
 url = {http://dl.acm.org/citation.cfm?id=1599812.1599816},
 acmid = {1599816},
 publisher = {International Society of the Learning Sciences},
}

@inproceedings{Subramanian:2001:VVB:371920.372076,
 author = {Subramanian, Rajaram and Marsic, Ivan},
 title = {ViBE: Virtual Biology Experiments},
 booktitle = {Proceedings of the 10th International Conference on World Wide Web},
 series = {WWW '01},
 year = {2001},
 isbn = {1-58113-348-0},
 location = {Hong Kong, Hong Kong},
 pages = {316--325},
 numpages = {10},
 url = {http://doi.acm.org/10.1145/371920.372076},
 doi = {10.1145/371920.372076},
 acmid = {372076},
 publisher = {ACM},
 address = {New York, NY, USA},
 keywords = {distributed learning, software design, virtual laboratories},
}

