@inproceedings{Demetriadis:2003:PSS:961511.961562,
 author = {Demetriadis, Stavros and Triantfillou, Evangelos and Pombortsis, Andreas},
 title = {A Phenomenographic Study of Students' Attitudes Toward the Use of Multiple Media for Learning},
 booktitle = {Proceedings of the 8th Annual Conference on Innovation and Technology in Computer Science Education},
 series = {ITiCSE '03},
 year = {2003},
 isbn = {1-58113-672-2},
 location = {Thessaloniki, Greece},
 pages = {183--187},
 numpages = {5},
 url = {http://doi.acm.org/10.1145/961511.961562},
 doi = {10.1145/961511.961562},
 acmid = {961562},
 publisher = {ACM},
 address = {New York, NY, USA},
 keywords = {learning styles, multimedia learning, students' attitudes},
}

@article{Demetriadis:2003:PSS:961290.961562,
 author = {Demetriadis, Stavros and Triantfillou, Evangelos and Pombortsis, Andreas},
 title = {A Phenomenographic Study of Students' Attitudes Toward the Use of Multiple Media for Learning},
 journal = {SIGCSE Bull.},
 issue_date = {September 2003},
 volume = {35},
 number = {3},
 month = jun,
 year = {2003},
 issn = {0097-8418},
 pages = {183--187},
 numpages = {5},
 url = {http://doi.acm.org/10.1145/961290.961562},
 doi = {10.1145/961290.961562},
 acmid = {961562},
 publisher = {ACM},
 address = {New York, NY, USA},
 keywords = {learning styles, multimedia learning, students' attitudes},
}

@inproceedings{Lee:2010:ICA:1822090.1822172,
 author = {Lee, Ming-Han and R\"{o}\ssling, Guido},
 title = {Integrating Categories of Algorithm Learning Objective into Algorithm Visualization Design: A Proposal},
 booktitle = {Proceedings of the Fifteenth Annual Conference on Innovation and Technology in Computer Science Education},
 series = {ITiCSE '10},
 year = {2010},
 isbn = {978-1-60558-820-9},
 location = {Bilkent, Ankara, Turkey},
 pages = {289--293},
 numpages = {5},
 url = {http://doi.acm.org/10.1145/1822090.1822172},
 doi = {10.1145/1822090.1822172},
 acmid = {1822172},
 publisher = {ACM},
 address = {New York, NY, USA},
 keywords = {AV design, CALO, algorithm visualization, computer science education, learning objective},
}

@inproceedings{Widjaja:2017:MGW:3168390.3168444,
 author = {Widjaja, Ken and Sutopo, Hadi},
 title = {Multimedia-Based Global Warming Interactive Application for Elementary School Students},
 booktitle = {Proceedings of the 2017 International Conference on Computer Science and Artificial Intelligence},
 series = {CSAI 2017},
 year = {2017},
 isbn = {978-1-4503-5392-2},
 location = {Jakarta, Indonesia},
 pages = {158--163},
 numpages = {6},
 url = {http://doi.acm.org/10.1145/3168390.3168444},
 doi = {10.1145/3168390.3168444},
 acmid = {3168444},
 publisher = {ACM},
 address = {New York, NY, USA},
 keywords = {MDLC, application, global warming, interactive, multimedia},
}

@inproceedings{Kumar:2015:EVL:2676723.2677301,
 author = {Kumar, Amruth N.},
 title = {The Effectiveness of Visualization for Learning Expression Evaluation},
 booktitle = {Proceedings of the 46th ACM Technical Symposium on Computer Science Education},
 series = {SIGCSE '15},
 year = {2015},
 isbn = {978-1-4503-2966-8},
 location = {Kansas City, Missouri, USA},
 pages = {362--367},
 numpages = {6},
 url = {http://doi.acm.org/10.1145/2676723.2677301},
 doi = {10.1145/2676723.2677301},
 acmid = {2677301},
 publisher = {ACM},
 address = {New York, NY, USA},
 keywords = {evaluation, visualization},
}

@inproceedings{Liu:2017:NBL:3134847.3134849,
 author = {Liu, Tingting and Chen, Zengzhao and Lesgold, Alan M. and Feng, Xiaochao and Wang, Cong},
 title = {Novelty Blended Learning Pattern and Its Application in English Language Teaching},
 booktitle = {Proceedings of the International Conference on Digital Technology in Education},
 series = {ICDTE '17},
 year = {2017},
 isbn = {978-1-4503-5283-3},
 location = {Taipei, Taiwan},
 pages = {7--12},
 numpages = {6},
 url = {http://doi.acm.org/10.1145/3134847.3134849},
 doi = {10.1145/3134847.3134849},
 acmid = {3134849},
 publisher = {ACM},
 address = {New York, NY, USA},
 keywords = {Blended learning pattern, Computer-assisted teaching system, English language teaching},
}

@inproceedings{Wang:2011:TWD:2047594.2047620,
 author = {Wang, Ye Diana},
 title = {Teaching Web Development at a Distance},
 booktitle = {Proceedings of the 2011 Conference on Information Technology Education},
 series = {SIGITE '11},
 year = {2011},
 isbn = {978-1-4503-1017-8},
 location = {West Point, New York, USA},
 pages = {91--96},
 numpages = {6},
 url = {http://doi.acm.org/10.1145/2047594.2047620},
 doi = {10.1145/2047594.2047620},
 acmid = {2047620},
 publisher = {ACM},
 address = {New York, NY, USA},
 keywords = {distance education, eLearning, pedagogy, problem-based learning, web development},
}

@inproceedings{Whitney:2019:COC:3287324.3287347,
 author = {Whitney, Michael and Dallas, Bryan},
 title = {Captioning Online Course Videos: An Investigation into Knowledge Retention and Student Perception},
 booktitle = {Proceedings of the 50th ACM Technical Symposium on Computer Science Education},
 series = {SIGCSE '19},
 year = {2019},
 isbn = {978-1-4503-5890-3},
 location = {Minneapolis, MN, USA},
 pages = {511--517},
 numpages = {7},
 url = {http://doi.acm.org/10.1145/3287324.3287347},
 doi = {10.1145/3287324.3287347},
 acmid = {3287347},
 publisher = {ACM},
 address = {New York, NY, USA},
 keywords = {captions, computing education, online instruction, subtitles},
}

@inproceedings{Kumar:2016:EVL:2899415.2899427,
 author = {Kumar, Amruth N.},
 title = {The Effectiveness of Visualization for Learning Expression Evaluation: A Reproducibility Study},
 booktitle = {Proceedings of the 2016 ACM Conference on Innovation and Technology in Computer Science Education},
 series = {ITiCSE '16},
 year = {2016},
 isbn = {978-1-4503-4231-5},
 location = {Arequipa, Peru},
 pages = {192--197},
 numpages = {6},
 url = {http://doi.acm.org/10.1145/2899415.2899427},
 doi = {10.1145/2899415.2899427},
 acmid = {2899427},
 publisher = {ACM},
 address = {New York, NY, USA},
 keywords = {evaluation, reproducibility, visualization},
}

@article{Bower:2006:VCP:1124706.1121390,
 author = {Bower, Matt},
 title = {Virtual Classroom Pedagogy},
 journal = {SIGCSE Bull.},
 issue_date = {March 2006},
 volume = {38},
 number = {1},
 month = mar,
 year = {2006},
 issn = {0097-8418},
 pages = {148--152},
 numpages = {5},
 url = {http://doi.acm.org/10.1145/1124706.1121390},
 doi = {10.1145/1124706.1121390},
 acmid = {1121390},
 publisher = {ACM},
 address = {New York, NY, USA},
 keywords = {online learning, pedagogy, virtual classroom},
}

@inproceedings{Bower:2006:VCP:1121341.1121390,
 author = {Bower, Matt},
 title = {Virtual Classroom Pedagogy},
 booktitle = {Proceedings of the 37th SIGCSE Technical Symposium on Computer Science Education},
 series = {SIGCSE '06},
 year = {2006},
 isbn = {1-59593-259-3},
 location = {Houston, Texas, USA},
 pages = {148--152},
 numpages = {5},
 url = {http://doi.acm.org/10.1145/1121341.1121390},
 doi = {10.1145/1121341.1121390},
 acmid = {1121390},
 publisher = {ACM},
 address = {New York, NY, USA},
 keywords = {online learning, pedagogy, virtual classroom},
}

@inproceedings{Song:2010:TTR:1753846.1754087,
 author = {Song, Minyoung and Quintana, Chris},
 title = {TAVR: Temporal-aural-visual Representation to Convey Imperceptible Spatial Information},
 booktitle = {CHI '10 Extended Abstracts on Human Factors in Computing Systems},
 series = {CHI EA '10},
 year = {2010},
 isbn = {978-1-60558-930-5},
 location = {Atlanta, Georgia, USA},
 pages = {3967--3972},
 numpages = {6},
 url = {http://doi.acm.org/10.1145/1753846.1754087},
 doi = {10.1145/1753846.1754087},
 acmid = {1754087},
 publisher = {ACM},
 address = {New York, NY, USA},
 keywords = {learning technologies, multimedia tools, multimodal simulations, temporal representations},
}

@inproceedings{Melo:2014:AMD:2643604.2643605,
 author = {Melo, M\'{a}rio and Miranda, Guilhermina Lobato},
 title = {Applying the 4C-ID Model to the Design of a Digital Educational Resource for Teaching Electric Circuits: Effects on Student Achievement},
 booktitle = {Proceedings of the 2014 Workshop on Interaction Design in Educational Environments},
 series = {IDEE '14},
 year = {2014},
 isbn = {978-1-4503-3034-3},
 location = {Albacete, Spain},
 pages = {8:8--8:14},
 articleno = {8},
 numpages = {7},
 url = {http://doi.acm.org/10.1145/2643604.2643605},
 doi = {10.1145/2643604.2643605},
 acmid = {2643605},
 publisher = {ACM},
 address = {New York, NY, USA},
 keywords = {4C-ID model, Digital educational resources, Electric circuits, Instructional design \& technology, Learning environments, Multimedia educational messages},
}

@inproceedings{Gaither:2018:RCC:3219104.3219160,
 author = {Gaither, Kelly and Gomez, Rosalia and Turner, Helen and DeStefano, Lizanne and Rivera, Lorna and Bland, Marques},
 title = {The Role Cultural Competency Plays in Teaching Data Science},
 booktitle = {Proceedings of the Practice and Experience on Advanced Research Computing},
 series = {PEARC '18},
 year = {2018},
 isbn = {978-1-4503-6446-1},
 location = {Pittsburgh, PA, USA},
 pages = {73:1--73:7},
 articleno = {73},
 numpages = {7},
 url = {http://doi.acm.org/10.1145/3219104.3219160},
 doi = {10.1145/3219104.3219160},
 acmid = {3219160},
 publisher = {ACM},
 address = {New York, NY, USA},
 keywords = {L.0 Assessment/Evaluation/Measurement, L.0 Science and Technology of Learning, L.2 Learning, L1.2 Learning Objects},
}

@inproceedings{Fan:2016:DRO:2930674.2930690,
 author = {Fan, Min and Antle, Alissa N. and Cramer, Emily S.},
 title = {Design Rationale: Opportunities and Recommendations for Tangible Reading Systems for Children},
 booktitle = {Proceedings of the The 15th International Conference on Interaction Design and Children},
 series = {IDC '16},
 year = {2016},
 isbn = {978-1-4503-4313-8},
 location = {Manchester, United Kingdom},
 pages = {101--112},
 numpages = {12},
 url = {http://doi.acm.org/10.1145/2930674.2930690},
 doi = {10.1145/2930674.2930690},
 acmid = {2930690},
 publisher = {ACM},
 address = {New York, NY, USA},
 keywords = {Tangible user interfaces, children, design rationale, dyslexia, literacy, reading, spelling},
}

@inproceedings{Song:2009:WMS:1520340.1520723,
 author = {Song, Minyoung and Quintana, Chris},
 title = {WIIS: Multimodal Simulation for Exploring the World Beyond Visual Sense},
 booktitle = {CHI '09 Extended Abstracts on Human Factors in Computing Systems},
 series = {CHI EA '09},
 year = {2009},
 isbn = {978-1-60558-247-4},
 location = {Boston, MA, USA},
 pages = {4699--4704},
 numpages = {6},
 url = {http://doi.acm.org/10.1145/1520340.1520723},
 doi = {10.1145/1520340.1520723},
 acmid = {1520723},
 publisher = {ACM},
 address = {New York, NY, USA},
 keywords = {learning technologies, multimodal representations, simulations},
}

@inproceedings{Song:2012:RTS:2207676.2208605,
 author = {Song, Minyoung and Quintana, Chris},
 title = {Representing "Too Small to See" As "Too Small to See" with Temporal Representation},
 booktitle = {Proceedings of the SIGCHI Conference on Human Factors in Computing Systems},
 series = {CHI '12},
 year = {2012},
 isbn = {978-1-4503-1015-4},
 location = {Austin, Texas, USA},
 pages = {1441--1450},
 numpages = {10},
 url = {http://doi.acm.org/10.1145/2207676.2208605},
 doi = {10.1145/2207676.2208605},
 acmid = {2208605},
 publisher = {ACM},
 address = {New York, NY, USA},
 keywords = {educational technology, learning technology, multimedia, multimodal representation, temporal representation},
}

@inproceedings{Matsuura:2017:PLS:3022227.3022293,
 author = {Matsuura, Kenji and Karungaru, Stephen and Gotoda, Naka},
 title = {Physical Learning Support Using a Smartphone with Image Processing Technologies},
 booktitle = {Proceedings of the 11th International Conference on Ubiquitous Information Management and Communication},
 series = {IMCOM '17},
 year = {2017},
 isbn = {978-1-4503-4888-1},
 location = {Beppu, Japan},
 pages = {67:1--67:5},
 articleno = {67},
 numpages = {5},
 url = {http://doi.acm.org/10.1145/3022227.3022293},
 doi = {10.1145/3022227.3022293},
 acmid = {3022293},
 publisher = {ACM},
 address = {New York, NY, USA},
 keywords = {image processing, learning support, motor skill, smartphone},
}

@article{Parker:2006:EML:1181901.1181931,
 author = {Parker, Brenda and Mitchell, Ian},
 title = {Effective Methods for Learning: A Study in Visualization},
 journal = {J. Comput. Sci. Coll.},
 issue_date = {December 2006},
 volume = {22},
 number = {2},
 month = dec,
 year = {2006},
 issn = {1937-4771},
 pages = {176--182},
 numpages = {7},
 url = {http://dl.acm.org/citation.cfm?id=1181901.1181931},
 acmid = {1181931},
 publisher = {Consortium for Computing Sciences in Colleges},
 address = {USA},
}

@inproceedings{Gan:2007:MTV:1599600.1599641,
 author = {Gan, Yongcheng and Scardamalia, Marlene and Hong, Huang-Yao and Zhang, Jianwei},
 title = {Making Thinking Visible: Growth in Graphical Literacy, Grades 3 to 4},
 booktitle = {Proceedings of the 8th Iternational Conference on Computer Supported Collaborative Learning},
 series = {CSCL'07},
 year = {2007},
 isbn = {978-0-6151-5436-7},
 location = {New Brunswick, New Jersey, USA},
 pages = {209--211},
 numpages = {3},
 url = {http://dl.acm.org/citation.cfm?id=1599600.1599641},
 acmid = {1599641},
 publisher = {International Society of the Learning Sciences},
}

@inproceedings{Prangsma:2008:HLT:1599871.1599899,
 author = {Prangsma, Maaike E. and Van Boxtel, Carla A. M. and Kanselaar, Gellof and Kirschner, Paul A.},
 title = {History Learning with Textual or Visual Tasks: Student Dialogue},
 booktitle = {Proceedings of the 8th International Conference on International Conference for the Learning Sciences - Volume 2},
 series = {ICLS'08},
 year = {2008},
 location = {Utrecht, The Netherlands},
 pages = {221--228},
 numpages = {8},
 url = {http://dl.acm.org/citation.cfm?id=1599871.1599899},
 acmid = {1599899},
 publisher = {International Society of the Learning Sciences},
}

@inproceedings{Volta:2018:EMI:3212721.3212849,
 author = {Volta, Erica and Volpe, Gualtiero},
 title = {Exploiting Multimodal Integration in Adaptive Interactive Systems and Game-based Learning Interfaces},
 booktitle = {Proceedings of the 5th International Conference on Movement and Computing},
 series = {MOCO '18},
 year = {2018},
 isbn = {978-1-4503-6504-8},
 location = {Genoa, Italy},
 pages = {30:1--30:4},
 articleno = {30},
 numpages = {4},
 url = {http://doi.acm.org/10.1145/3212721.3212849},
 doi = {10.1145/3212721.3212849},
 acmid = {3212849},
 publisher = {ACM},
 address = {New York, NY, USA},
 keywords = {Movement Analysis, Multimodal Interactive Systems, Multimodal Technologies, Multisensory learning, Multisensory perception, Music Learning, Perceptual learning, Serious games, Sonification},
}

@inproceedings{Bouki:2011:CTM:2038476.2038531,
 author = {Bouki, Vassiliki and Economou, Daphne and Angelopoulou, Anastassia},
 title = {Cognitive Theory of Multimedia Learning and Learning Videos Design: The Redundancy Principle},
 booktitle = {Proceedings of the 29th ACM International Conference on Design of Communication},
 series = {SIGDOC '11},
 year = {2011},
 isbn = {978-1-4503-0936-3},
 location = {Pisa, Italy},
 pages = {271--278},
 numpages = {8},
 url = {http://doi.acm.org/10.1145/2038476.2038531},
 doi = {10.1145/2038476.2038531},
 acmid = {2038531},
 publisher = {ACM},
 address = {New York, NY, USA},
 keywords = {learning videos design, multimedia learning theory, redundancy principle},
}

@inproceedings{Greenberg:2014:EIT:2567574.2567597,
 author = {Greenberg, Anne K. and Gross, Melissa and Wright, Mary C.},
 title = {Effects of Image-based and Text-based Activities on Student Learning Outcomes},
 booktitle = {Proceedings of the Fourth International Conference on Learning Analytics And Knowledge},
 series = {LAK '14},
 year = {2014},
 isbn = {978-1-4503-2664-3},
 location = {Indianapolis, Indiana, USA},
 pages = {275--276},
 numpages = {2},
 url = {http://doi.acm.org/10.1145/2567574.2567597},
 doi = {10.1145/2567574.2567597},
 acmid = {2567597},
 publisher = {ACM},
 address = {New York, NY, USA},
 keywords = {LectureTools, active learning, assessment, dual coding, visualizer-verbalizer},
}

@inproceedings{Wiggins:1998:OPV:275295.275358,
 author = {Wiggins, Melissa},
 title = {An Overview of Program Visualization Tools and Systems},
 booktitle = {Proceedings of the 36th Annual Southeast Regional Conference},
 series = {ACM-SE 36},
 year = {1998},
 isbn = {1-58113-030-9},
 pages = {194--200},
 numpages = {7},
 url = {http://doi.acm.org/10.1145/275295.275358},
 doi = {10.1145/275295.275358},
 acmid = {275358},
 publisher = {ACM},
 address = {New York, NY, USA},
}

@inproceedings{Moebs:2008:LLU:1459359.1459567,
 author = {Moebs, Sabine A.},
 title = {A Learner, is a Learner, is a User, is a Customer: QoS-based Experience-aware Adaptation},
 booktitle = {Proceedings of the 16th ACM International Conference on Multimedia},
 series = {MM '08},
 year = {2008},
 isbn = {978-1-60558-303-7},
 location = {Vancouver, British Columbia, Canada},
 pages = {1035--1038},
 numpages = {4},
 url = {http://doi.acm.org/10.1145/1459359.1459567},
 doi = {10.1145/1459359.1459567},
 acmid = {1459567},
 publisher = {ACM},
 address = {New York, NY, USA},
 keywords = {flow, learning, qoe, qos},
}

@inproceedings{Song:2010:TTR:1753846.1753897,
 author = {Song, Minyoung},
 title = {TAVR: Temporal-aural-visual Representation for Representing Imperceptible Spatial Information},
 booktitle = {CHI '10 Extended Abstracts on Human Factors in Computing Systems},
 series = {CHI EA '10},
 year = {2010},
 isbn = {978-1-60558-930-5},
 location = {Atlanta, Georgia, USA},
 pages = {2967--2970},
 numpages = {4},
 url = {http://doi.acm.org/10.1145/1753846.1753897},
 doi = {10.1145/1753846.1753897},
 acmid = {1753897},
 publisher = {ACM},
 address = {New York, NY, USA},
 keywords = {learning technologies, multimedia tools, multimodal representations, temporal modality},
}

@inproceedings{Leventhal:2001:DII:564526.564540,
 author = {Leventhal, Laura},
 title = {Delivering Instructions for Inherently-3D Construction Tasks: Lessons and Questions for Universal Accessibility},
 booktitle = {Proceedings of the 2001 EC/NSF Workshop on Universal Accessibility of Ubiquitous Computing: Providing for the Elderly},
 series = {WUAUC'01},
 year = {2001},
 isbn = {1-58113-424-X},
 location = {Alc\&aacute;cer do Sal, Portugal},
 pages = {51--55},
 numpages = {5},
 url = {http://doi.acm.org/10.1145/564526.564540},
 doi = {10.1145/564526.564540},
 acmid = {564540},
 publisher = {ACM},
 address = {New York, NY, USA},
 keywords = {dual presentations, inherently-3D construction tasks, multiple representations, user-centered design, user-controlled 3D models, virtual reality},
}

@inproceedings{Baloian:2013:TGM:2535597.2535622,
 author = {Baloian, Nelson and Pino, Jos{\'e} A. and Vargas, Roberto},
 title = {Tablet Gestures As a Motivating Factor for Learning},
 booktitle = {Proceedings of the 2013 Chilean Conference on Human - Computer Interaction},
 series = {ChileCHI '13},
 year = {2013},
 isbn = {978-1-4503-2200-3},
 location = {Temuco, Chile},
 pages = {98--103},
 numpages = {6},
 url = {http://doi.acm.org/10.1145/2535597.2535622},
 doi = {10.1145/2535597.2535622},
 acmid = {2535622},
 publisher = {ACM},
 address = {New York, NY, USA},
 keywords = {english as a foreign language educaction, gestures evaluation, iPad, natural user interfaces, tablet gestures},
}

@article{Hundhausen:2009:DML:1592440.1592442,
 author = {Hundhausen, Christopher D. and Farley, Sean F. and Brown, Jonathan L.},
 title = {Can Direct Manipulation Lower the Barriers to Computer Programming and Promote Transfer of Training?: An Experimental Study},
 journal = {ACM Trans. Comput.-Hum. Interact.},
 issue_date = {September 2009},
 volume = {16},
 number = {3},
 month = sep,
 year = {2009},
 issn = {1073-0516},
 pages = {13:1--13:40},
 articleno = {13},
 numpages = {40},
 url = {http://doi.acm.org/10.1145/1592440.1592442},
 doi = {10.1145/1592440.1592442},
 acmid = {1592442},
 publisher = {ACM},
 address = {New York, NY, USA},
 keywords = {Direct manipulation, programming education, semantic components analysis, transfer of training, video analysis},
}

@inproceedings{Brown:2006:RCS:1135777.1135827,
 author = {Brown, Elizabeth and Brailsford, Tim and Fisher, Tony and Moore, Adam and Ashman, Helen},
 title = {Reappraising Cognitive Styles in Adaptive Web Applications},
 booktitle = {Proceedings of the 15th International Conference on World Wide Web},
 series = {WWW '06},
 year = {2006},
 isbn = {1-59593-323-9},
 location = {Edinburgh, Scotland},
 pages = {327--335},
 numpages = {9},
 url = {http://doi.acm.org/10.1145/1135777.1135827},
 doi = {10.1145/1135777.1135827},
 acmid = {1135827},
 publisher = {ACM},
 address = {New York, NY, USA},
 keywords = {adaptive hypermedia, cognitive styles, user modelling, user trials, web applications},
}

@inproceedings{Brown:2007:RUR:1286240.1286261,
 author = {Brown, Elizabeth and Fisher, Tony and Brailsford, Tim},
 title = {Real Users, Real Results: Examining the Limitations of Learning Styles Within AEH},
 booktitle = {Proceedings of the Eighteenth Conference on Hypertext and Hypermedia},
 series = {HT '07},
 year = {2007},
 isbn = {978-1-59593-820-6},
 location = {Manchester, UK},
 pages = {57--66},
 numpages = {10},
 url = {http://doi.acm.org/10.1145/1286240.1286261},
 doi = {10.1145/1286240.1286261},
 acmid = {1286261},
 publisher = {ACM},
 address = {New York, NY, USA},
 keywords = {DEUS, adaptive educational hypermedia, learning styles, real users, user modelling, user trials},
}

@article{Brown:2007:RUR:1324960.1324967,
 author = {Brown, Elizabeth and Fisher, Tony and Brailsford, Tim},
 title = {Real Users, Real Results: Examining the Limitations of Learning Styles Within AEH},
 journal = {SIGWEB Newsl.},
 issue_date = {Winter 2007},
 volume = {2007},
 number = {Winter},
 month = dec,
 year = {2007},
 issn = {1931-1745},
 articleno = {7},
 url = {http://doi.acm.org/10.1145/1324960.1324967},
 doi = {10.1145/1324960.1324967},
 acmid = {1324967},
 publisher = {ACM},
 address = {New York, NY, USA},
 keywords = {DEUS, adaptive educational hypermedia, learning styles, real users, user modelling, user trials},
}

