@inproceedings{Bucur:2006:HWH:1149941.1149951,
 author = {Bucur, Johanna},
 title = {HyWrite: Writing in Hypermedia eLearning Environments},
 booktitle = {Proceedings of the Seventeenth Conference on Hypertext and Hypermedia},
 series = {HYPERTEXT '06},
 year = {2006},
 isbn = {1-59593-417-0},
 location = {Odense, Denmark},
 pages = {45--48},
 numpages = {4},
 url = {http://doi.acm.org/10.1145/1149941.1149951},
 doi = {10.1145/1149941.1149951},
 acmid = {1149951},
 publisher = {ACM},
 address = {New York, NY, USA},
 keywords = {Social Constructionist Pedagogy (SCP), cooperative work, eLearning, hypertext, learning communities, media literacy, spiral curriculum},
}

@article{Fuller:2007:DCS:1345375.1345438,
 author = {Fuller, Ursula and Johnson, Colin G. and Ahoniemi, Tuukka and Cukierman, Diana and Hern\'{a}n-Losada, Isidoro and Jackova, Jana and Lahtinen, Essi and Lewis, Tracy L. and Thompson, Donna McGee and Riedesel, Charles and Thompson, Errol},
 title = {Developing a Computer Science-specific Learning Taxonomy},
 journal = {SIGCSE Bull.},
 issue_date = {December 2007},
 volume = {39},
 number = {4},
 month = dec,
 year = {2007},
 issn = {0097-8418},
 pages = {152--170},
 numpages = {19},
 url = {http://doi.acm.org/10.1145/1345375.1345438},
 doi = {10.1145/1345375.1345438},
 acmid = {1345438},
 publisher = {ACM},
 address = {New York, NY, USA},
 keywords = {assessment, benchmarking, computer science education, credit transfer, curricula, taxonomies of learning},
}

@inproceedings{Fuller:2007:DCS:1345443.1345438,
 author = {Fuller, Ursula and Johnson, Colin G. and Ahoniemi, Tuukka and Cukierman, Diana and Hern\'{a}n-Losada, Isidoro and Jackova, Jana and Lahtinen, Essi and Lewis, Tracy L. and Thompson, Donna McGee and Riedesel, Charles and Thompson, Errol},
 title = {Developing a Computer Science-specific Learning Taxonomy},
 booktitle = {Working Group Reports on ITiCSE on Innovation and Technology in Computer Science Education},
 series = {ITiCSE-WGR '07},
 year = {2007},
 location = {Dundee, Scotland},
 pages = {152--170},
 numpages = {19},
 url = {http://doi.acm.org/10.1145/1345443.1345438},
 doi = {10.1145/1345443.1345438},
 acmid = {1345438},
 publisher = {ACM},
 address = {New York, NY, USA},
 keywords = {assessment, benchmarking, computer science education, credit transfer, curricula, taxonomies of learning},
}

@article{Vainio:2007:FNP:1269900.1268853,
 author = {Vainio, Vesa and Sajaniemi, Jorma},
 title = {Factors in Novice Programmers' Poor Tracing Skills},
 journal = {SIGCSE Bull.},
 issue_date = {September 2007},
 volume = {39},
 number = {3},
 month = jun,
 year = {2007},
 issn = {0097-8418},
 pages = {236--240},
 numpages = {5},
 url = {http://doi.acm.org/10.1145/1269900.1268853},
 doi = {10.1145/1269900.1268853},
 acmid = {1268853},
 publisher = {ACM},
 address = {New York, NY, USA},
 keywords = {elementary programming, program tracing, programming education},
}

@inproceedings{Vainio:2007:FNP:1268784.1268853,
 author = {Vainio, Vesa and Sajaniemi, Jorma},
 title = {Factors in Novice Programmers' Poor Tracing Skills},
 booktitle = {Proceedings of the 12th Annual SIGCSE Conference on Innovation and Technology in Computer Science Education},
 series = {ITiCSE '07},
 year = {2007},
 isbn = {978-1-59593-610-3},
 location = {Dundee, Scotland},
 pages = {236--240},
 numpages = {5},
 url = {http://doi.acm.org/10.1145/1268784.1268853},
 doi = {10.1145/1268784.1268853},
 acmid = {1268853},
 publisher = {ACM},
 address = {New York, NY, USA},
 keywords = {elementary programming, program tracing, programming education},
}

@inproceedings{Guzdial:2013:EHM:2493394.2493397,
 author = {Guzdial, Mark},
 title = {Exploring Hypotheses About Media Computation},
 booktitle = {Proceedings of the Ninth Annual International ACM Conference on International Computing Education Research},
 series = {ICER '13},
 year = {2013},
 isbn = {978-1-4503-2243-0},
 location = {San Diego, San California, USA},
 pages = {19--26},
 numpages = {8},
 url = {http://doi.acm.org/10.1145/2493394.2493397},
 doi = {10.1145/2493394.2493397},
 acmid = {2493397},
 publisher = {ACM},
 address = {New York, NY, USA},
 keywords = {assessment, broadening participation, curriculum, education research, motivation, retention, under-represented minorities, women in computing},
}

@article{Halasz:1998:FFA:327600.327696,
 author = {Halasz, Steven J.},
 title = {First Flight: Automated Tutorials for Fledgling APLers},
 journal = {SIGAPL APL Quote Quad},
 issue_date = {March 1999},
 volume = {29},
 number = {3},
 month = jul,
 year = {1998},
 issn = {0163-6006},
 pages = {189--199},
 numpages = {11},
 url = {http://doi.acm.org/10.1145/327600.327696},
 doi = {10.1145/327600.327696},
 acmid = {327696},
 publisher = {ACM},
 address = {New York, NY, USA},
}

@inproceedings{Halasz:1998:FFA:327559.327696,
 author = {Halasz, Steven J.},
 title = {First Flight: Automated Tutorials for Fledgling APLers},
 booktitle = {Proceedings of the APL98 Conference on Array Processing Languages},
 series = {APL '98},
 year = {1998},
 isbn = {1-58113-181-X},
 location = {Rome, Italy},
 pages = {189--199},
 numpages = {11},
 url = {http://doi.acm.org/10.1145/327559.327696},
 doi = {10.1145/327559.327696},
 acmid = {327696},
 publisher = {ACM},
 address = {New York, NY, USA},
}

@inproceedings{Martinez:1997:DIL:263367.263390,
 author = {Martinez, Margaret},
 title = {Designing Intentional Learning Environments},
 booktitle = {Proceedings of the 15th Annual International Conference on Computer Documentation},
 series = {SIGDOC '97},
 year = {1997},
 isbn = {0-89791-861-4},
 location = {Salt Lake City, Utah, USA},
 pages = {173--180},
 numpages = {8},
 url = {http://doi.acm.org/10.1145/263367.263390},
 doi = {10.1145/263367.263390},
 acmid = {263390},
 publisher = {ACM},
 address = {New York, NY, USA},
}

@inproceedings{Boulet:1995:LSD:315891.315900,
 author = {Boulet, Marie-Mich\`{e}le},
 title = {Learner-controlled Situation with Distance Education},
 booktitle = {Proceedings of the 1995 ACM Symposium on Applied Computing},
 series = {SAC '95},
 year = {1995},
 isbn = {0-89791-658-1},
 location = {Nashville, Tennessee, USA},
 pages = {36--39},
 numpages = {4},
 url = {http://doi.acm.org/10.1145/315891.315900},
 doi = {10.1145/315891.315900},
 acmid = {315900},
 publisher = {ACM},
 address = {New York, NY, USA},
}

@inproceedings{Bower:2006:LSE:1151869.1151877,
 author = {Bower, Matt},
 title = {A Learning System Engineering Approach to Developing Online Courses},
 booktitle = {Proceedings of the 8th Australasian Conference on Computing Education - Volume 52},
 series = {ACE '06},
 year = {2006},
 isbn = {1-920682-34-1},
 location = {Hobart, Australia},
 pages = {45--54},
 numpages = {10},
 url = {http://dl.acm.org/citation.cfm?id=1151869.1151877},
 acmid = {1151877},
 publisher = {Australian Computer Society, Inc.},
 address = {Darlinghurst, Australia, Australia},
 keywords = {curriculum engineering, learning design, online learning, online technology},
}

@article{Hu:2013:NSD:2465085.2465103,
 author = {Hu, Chenglie},
 title = {The Nature of Software Design and Its Teaching: An Exposition},
 journal = {ACM Inroads},
 issue_date = {June 2013},
 volume = {4},
 number = {2},
 month = jun,
 year = {2013},
 issn = {2153-2184},
 pages = {62--72},
 numpages = {11},
 url = {http://doi.acm.org/10.1145/2465085.2465103},
 doi = {10.1145/2465085.2465103},
 acmid = {2465103},
 publisher = {ACM},
 address = {New York, NY, USA},
 keywords = {design knowledge, design process, design thinking, software design education},
}

@inproceedings{Engestrom:2008:DEF:1599812.1599814,
 author = {Engestr\"{o}m, Yrj\"{o}},
 title = {From Design Experiments to Formative Interventions},
 booktitle = {Proceedings of the 8th International Conference on International Conference for the Learning Sciences - Volume 1},
 series = {ICLS'08},
 year = {2008},
 location = {Utrecht, The Netherlands},
 pages = {3--24},
 numpages = {22},
 url = {http://dl.acm.org/citation.cfm?id=1599812.1599814},
 acmid = {1599814},
 publisher = {International Society of the Learning Sciences},
}

@inproceedings{Nuckles:2008:SVL:1599871.1599887,
 author = {N\"{u}ckles, Matthias and H\"{u}bner, Sandra and Renkl, Alexander},
 title = {Short-term Versus Long-term Effects of Cognitive and Metacognitive Prompts in Writing-to-learn},
 booktitle = {Proceedings of the 8th International Conference on International Conference for the Learning Sciences - Volume 2},
 series = {ICLS'08},
 year = {2008},
 location = {Utrecht, The Netherlands},
 pages = {124--131},
 numpages = {8},
 url = {http://dl.acm.org/citation.cfm?id=1599871.1599887},
 acmid = {1599887},
 publisher = {International Society of the Learning Sciences},
}

@inproceedings{Wen:2019:WEA:3290605.3300338,
 author = {Wen, Zikai Alex and Lin, Zhiqiu and Chen, Rowena and Andersen, Erik},
 title = {What.Hack: Engaging Anti-Phishing Training Through a Role-playing Phishing Simulation Game},
 booktitle = {Proceedings of the 2019 CHI Conference on Human Factors in Computing Systems},
 series = {CHI '19},
 year = {2019},
 isbn = {978-1-4503-5970-2},
 location = {Glasgow, Scotland Uk},
 pages = {108:1--108:12},
 articleno = {108},
 numpages = {12},
 url = {http://doi.acm.org/10.1145/3290605.3300338},
 doi = {10.1145/3290605.3300338},
 acmid = {3300338},
 publisher = {ACM},
 address = {New York, NY, USA},
 keywords = {anti-phishing, applied game, situated learning},
}

@inproceedings{Sherin:2012:UCM:2330601.2330649,
 author = {Sherin, Bruce},
 title = {Using Computational Methods to Discover Student Science Conceptions in Interview Data},
 booktitle = {Proceedings of the 2Nd International Conference on Learning Analytics and Knowledge},
 series = {LAK '12},
 year = {2012},
 isbn = {978-1-4503-1111-3},
 location = {Vancouver, British Columbia, Canada},
 pages = {188--197},
 numpages = {10},
 url = {http://doi.acm.org/10.1145/2330601.2330649},
 doi = {10.1145/2330601.2330649},
 acmid = {2330649},
 publisher = {ACM},
 address = {New York, NY, USA},
 keywords = {conceptual change, learning analytics},
}

