@inproceedings{Fincias:2014:ECD:2669711.2669947,
 author = {Fincias, Patricia Torrijos and Izard, Juan Francisco Mart\'{\i}n and Guti{\'e}rrez, Paloma No},
 title = {Emotional Competences' Development and Evaluation in the Non-university Teaching Staff in Spain},
 booktitle = {Proceedings of the Second International Conference on Technological Ecosystems for Enhancing Multiculturality},
 series = {TEEM '14},
 year = {2014},
 isbn = {978-1-4503-2896-8},
 location = {Salamanca, Spain},
 pages = {507--512},
 numpages = {6},
 url = {http://doi.acm.org/10.1145/2669711.2669947},
 doi = {10.1145/2669711.2669947},
 acmid = {2669947},
 publisher = {ACM},
 address = {New York, NY, USA},
 keywords = {educational personnel training, skills development, teacher qualifications},
}

@inproceedings{Sun:2018:EWC:3241748.3241761,
 author = {Sun, Hui and Goh, Tiong-Thye and Jing, Da-Wei},
 title = {Emotional Words in Chinese ESL Essay Writing},
 booktitle = {Proceedings of the 2Nd International Conference on E-Education, E-Business and E-Technology},
 series = {ICEBT 2018},
 year = {2018},
 isbn = {978-1-4503-6481-2},
 location = {Beijing, China},
 pages = {117--120},
 numpages = {4},
 url = {http://doi.acm.org/10.1145/3241748.3241761},
 doi = {10.1145/3241748.3241761},
 acmid = {3241761},
 publisher = {ACM},
 address = {New York, NY, USA},
 keywords = {ESL, Emotions, Essay assessment},
}

@inproceedings{Balaam:2010:EAT:1753326.1753568,
 author = {Balaam, Madeline and Fitzpatrick, Geraldine and Good, Judith and Luckin, Rosemary},
 title = {Exploring Affective Technologies for the Classroom with the Subtle Stone},
 booktitle = {Proceedings of the SIGCHI Conference on Human Factors in Computing Systems},
 series = {CHI '10},
 year = {2010},
 isbn = {978-1-60558-929-9},
 location = {Atlanta, Georgia, USA},
 pages = {1623--1632},
 numpages = {10},
 url = {http://doi.acm.org/10.1145/1753326.1753568},
 doi = {10.1145/1753326.1753568},
 acmid = {1753568},
 publisher = {ACM},
 address = {New York, NY, USA},
 keywords = {affect, affective technologies, classroom, emotion, emotional communication, learning, subtle stone},
}

@article{D'mello:2013:AAA:2395123.2395128,
 author = {D'mello, Sidney and Graesser, Art},
 title = {AutoTutor and Affective Autotutor: Learning by Talking with Cognitively and Emotionally Intelligent Computers That Talk Back},
 journal = {ACM Trans. Interact. Intell. Syst.},
 issue_date = {December 2012},
 volume = {2},
 number = {4},
 month = jan,
 year = {2013},
 issn = {2160-6455},
 pages = {23:1--23:39},
 articleno = {23},
 numpages = {39},
 url = {http://doi.acm.org/10.1145/2395123.2395128},
 doi = {10.1145/2395123.2395128},
 acmid = {2395128},
 publisher = {ACM},
 address = {New York, NY, USA},
 keywords = {Intelligent tutoring systems, affect detection and synthesis, affective computing, constructivism, deep learning, natural language understanding, student modeling, user modeling},
}

@inproceedings{Costa:2012:SHT:2261605.2261620,
 author = {Costa, Wanderson and Nascimento, Jos{\'e} Rafael and Menendez, Elisa and D\'{o}sea, Marcos and Silva, Leila and Jabbur, Monique and Lima, Ana Patr\'{\i}cia and Junior, Divaldo Lyra},
 title = {A System to Help the Teaching of Pharmaceutical Care},
 booktitle = {Proceedings of the 6th Euro American Conference on Telematics and Information Systems},
 series = {EATIS '12},
 year = {2012},
 isbn = {978-1-4503-1012-3},
 location = {Valencia, Spain},
 pages = {97--104},
 numpages = {8},
 url = {http://doi.acm.org/10.1145/2261605.2261620},
 doi = {10.1145/2261605.2261620},
 acmid = {2261620},
 publisher = {ACM},
 address = {New York, NY, USA},
 keywords = {aten\c{c}\~{a}o farmac\^{e}utica, paciente virtual, pharmaceutical care, virtual patient},
}

@inproceedings{Lewis:2008:TSS:1404520.1404530,
 author = {Lewis, Tracy L. and Smith, Wanda J. and B{\'e}langer, France and Harrington, K. Vernard},
 title = {Are Technical and Soft Skills Required?: The Use of Structural Equation Modeling to Examine Factors Leading to Retention in the Cs Major},
 booktitle = {Proceedings of the Fourth International Workshop on Computing Education Research},
 series = {ICER '08},
 year = {2008},
 isbn = {978-1-60558-216-0},
 location = {Sydney, Australia},
 pages = {91--100},
 numpages = {10},
 url = {http://doi.acm.org/10.1145/1404520.1404530},
 doi = {10.1145/1404520.1404530},
 acmid = {1404530},
 publisher = {ACM},
 address = {New York, NY, USA},
 keywords = {CS student attrition, CS students, emotional intelligence, persistence, retention, soft skills, structural equation modeling, technical skills},
}

@inproceedings{Fincias:2013:DEE:2536536.2536627,
 author = {Fincias, Patricia Torrijos and Mart\'{\i}n Izard, Juan Francisco},
 title = {Development and Evaluation of Emotional Competences in Secondary Education Teachers: Design of an Applied Research},
 booktitle = {Proceedings of the First International Conference on Technological Ecosystem for Enhancing Multiculturality},
 series = {TEEM '13},
 year = {2013},
 isbn = {978-1-4503-2345-1},
 location = {Salamanca, Spain},
 pages = {591--595},
 numpages = {5},
 url = {http://doi.acm.org/10.1145/2536536.2536627},
 doi = {10.1145/2536536.2536627},
 acmid = {2536627},
 publisher = {ACM},
 address = {New York, NY, USA},
 keywords = {lifelong learning, teacher competences, teacher training},
}

@inproceedings{Lewis:2008:DSI:1355238.1355241,
 author = {Lewis, Tracy L. and Smith, Wanda J. and B{\'e}langer, France and Harrington, K. Vernard},
 title = {Determining Students' Intent to Stay in It Programs: An Empirical Model},
 booktitle = {Proceedings of the 2008 ACM SIGMIS CPR Conference on Computer Personnel Doctoral Consortium and Research},
 series = {SIGMIS CPR '08},
 year = {2008},
 isbn = {978-1-60558-069-2},
 location = {Charlottesville, VA, USA},
 pages = {5--11},
 numpages = {7},
 url = {http://doi.acm.org/10.1145/1355238.1355241},
 doi = {10.1145/1355238.1355241},
 acmid = {1355241},
 publisher = {ACM},
 address = {New York, NY, USA},
 keywords = {IT resilience, IT students, emotional intelligence, ethnic identity, persistence, retention, student attrition},
}

@inproceedings{Pon-Barry:2019:FCP:3287324.3287434,
 author = {Pon-Barry, Heather and St. John, Audrey and Packard, Becky Wai-Ling and Rotundo, Barbara},
 title = {A Flexible Curriculum for Promoting Inclusion Through Peer Mentorship},
 booktitle = {Proceedings of the 50th ACM Technical Symposium on Computer Science Education},
 series = {SIGCSE '19},
 year = {2019},
 isbn = {978-1-4503-5890-3},
 location = {Minneapolis, MN, USA},
 pages = {1116--1122},
 numpages = {7},
 url = {http://doi.acm.org/10.1145/3287324.3287434},
 doi = {10.1145/3287324.3287434},
 acmid = {3287434},
 publisher = {ACM},
 address = {New York, NY, USA},
 keywords = {effective learning, inclusion, modular curriculum, peer mentor preparation},
}

@inproceedings{Baylor:2005:PDG:1040830.1040884,
 author = {Baylor, Amy L.},
 title = {Preliminary Design Guidelines for Pedagogical Agent Interface Image},
 booktitle = {Proceedings of the 10th International Conference on Intelligent User Interfaces},
 series = {IUI '05},
 year = {2005},
 isbn = {1-58113-894-6},
 location = {San Diego, California, USA},
 pages = {249--250},
 numpages = {2},
 url = {http://doi.acm.org/10.1145/1040830.1040884},
 doi = {10.1145/1040830.1040884},
 acmid = {1040884},
 publisher = {ACM},
 address = {New York, NY, USA},
 keywords = {agent, human-computer interaction, image, motivation, pedagogical agent, social interface, user studies},
}

@inproceedings{Bender:2012:SSC:2361276.2361285,
 author = {Bender, Lisa and Walia, Gursimran and Kambhampaty, Krishna and Nygard, Kendall E. and Nygard, Travis E.},
 title = {Social Sensitivity Correlations with the Effectiveness of Team Process Performance: An Empirical Study},
 booktitle = {Proceedings of the Ninth Annual International Conference on International Computing Education Research},
 series = {ICER '12},
 year = {2012},
 isbn = {978-1-4503-1604-0},
 location = {Auckland, New Zealand},
 pages = {39--46},
 numpages = {8},
 url = {http://doi.acm.org/10.1145/2361276.2361285},
 doi = {10.1145/2361276.2361285},
 acmid = {2361285},
 publisher = {ACM},
 address = {New York, NY, USA},
 keywords = {collaboration, computer science, empirical study, social sensitivity, teams},
}

@inproceedings{Peterson:2003:PNI:947121.947127,
 author = {Peterson, Michael and Morneau, Keith and Saad, Ashraf},
 title = {Preparing the New Information Technology Professional in Virginia},
 booktitle = {Proceedings of the 4th Conference on Information Technology Curriculum},
 series = {CITC4 '03},
 year = {2003},
 isbn = {1-58113-770-2},
 location = {Lafayette, Indiana, USA},
 pages = {28--30},
 numpages = {3},
 url = {http://doi.acm.org/10.1145/947121.947127},
 doi = {10.1145/947121.947127},
 acmid = {947127},
 publisher = {ACM},
 address = {New York, NY, USA},
 keywords = {IT education in Virginia, NSF ATE Project, information technology education},
}

@inproceedings{Gorgemans:2018:MES:3284179.3284196,
 author = {Gorgemans, Sophie and Alonso-Nuez, Mar\'{\i}a-Jes\'{u}s and Rosell-Mart\'{\i}nez, Jorge},
 title = {Motivating Engineering Students to Improve Teamwork and Time Management},
 booktitle = {Proceedings of the Sixth International Conference on Technological Ecosystems for Enhancing Multiculturality},
 series = {TEEM'18},
 year = {2018},
 isbn = {978-1-4503-6518-5},
 location = {Salamanca, Spain},
 pages = {78--85},
 numpages = {8},
 url = {http://doi.acm.org/10.1145/3284179.3284196},
 doi = {10.1145/3284179.3284196},
 acmid = {3284196},
 publisher = {ACM},
 address = {New York, NY, USA},
 keywords = {Teamwork, competences, engineering degrees, time management},
}

@inproceedings{DiVano:2011:CSN:1999747.1999815,
 author = {Di Vano, Doranna and Mirolo, Claudio},
 title = {"Computer Science and Nursery Rhymes": A Learning Path for the Middle School},
 booktitle = {Proceedings of the 16th Annual Joint Conference on Innovation and Technology in Computer Science Education},
 series = {ITiCSE '11},
 year = {2011},
 isbn = {978-1-4503-0697-3},
 location = {Darmstadt, Germany},
 pages = {238--242},
 numpages = {5},
 url = {http://doi.acm.org/10.1145/1999747.1999815},
 doi = {10.1145/1999747.1999815},
 acmid = {1999815},
 publisher = {ACM},
 address = {New York, NY, USA},
 keywords = {control structures, interdisciplinarity, k-12 curricula, middle school, programming, variables},
}

@article{Smith:2007:TPC:1345375.1345429,
 author = {Smith, Wanda J. and B{\'e}langer, France and Lewis, Tracy L. and Honaker, Kristi},
 title = {Training to Persist in Computing Careers},
 journal = {SIGCSE Bull.},
 issue_date = {December 2007},
 volume = {39},
 number = {4},
 month = dec,
 year = {2007},
 issn = {0097-8418},
 pages = {119--120},
 numpages = {2},
 url = {http://doi.acm.org/10.1145/1345375.1345429},
 doi = {10.1145/1345375.1345429},
 acmid = {1345429},
 publisher = {ACM},
 address = {New York, NY, USA},
 keywords = {IT resilience, IT students, retention strategies, soft skills},
}

@inproceedings{Smith:2007:FRR:1235000.1235017,
 author = {Smith, Wanda J. and B{\'e}langer, France and Lewis, Tracy and Honaker, Kristi},
 title = {Fostering Resilience in IT: A Resource Toolkit for Faculty},
 booktitle = {Proceedings of the 2007 ACM SIGMIS CPR Conference on Computer Personnel Research: The Global Information Technology Workforce},
 series = {SIGMIS CPR '07},
 year = {2007},
 isbn = {978-1-59593-641-7},
 location = {St. Louis, Missouri, USA},
 pages = {76--77},
 numpages = {2},
 url = {http://doi.acm.org/10.1145/1235000.1235017},
 doi = {10.1145/1235000.1235017},
 acmid = {1235017},
 publisher = {ACM},
 address = {New York, NY, USA},
 keywords = {IT resilience, IT students, soft skills, tutorial},
}

@inproceedings{Bender:2012:SSC:2157136.2157258,
 author = {Bender, Lisa and Walia, Gursimran and Kambhampaty, Krishna and Nygard, Kendall E. and Nygard, Travis E.},
 title = {Social Sensitivity and Classroom Team Projects: An Empirical Investigation},
 booktitle = {Proceedings of the 43rd ACM Technical Symposium on Computer Science Education},
 series = {SIGCSE '12},
 year = {2012},
 isbn = {978-1-4503-1098-7},
 location = {Raleigh, North Carolina, USA},
 pages = {403--408},
 numpages = {6},
 url = {http://doi.acm.org/10.1145/2157136.2157258},
 doi = {10.1145/2157136.2157258},
 acmid = {2157258},
 publisher = {ACM},
 address = {New York, NY, USA},
 keywords = {collaboration, computer science, empirical study, social sensitivity, teams},
}

@inproceedings{Chao-Fernandez:2016:IIL:3012430.3012626,
 author = {Chao-Fern\'{a}ndez, Roc\'{\i}o and Mato-V\'{a}zquez, Dorinda and L\'{o}pez-Chao, Vicente A.},
 title = {ICT As an Interdisciplinary Learning Platform of Mathematics, Music and Arts in Secondary Education},
 booktitle = {Proceedings of the Fourth International Conference on Technological Ecosystems for Enhancing Multiculturality},
 series = {TEEM '16},
 year = {2016},
 isbn = {978-1-4503-4747-1},
 location = {Salamanca, Spain},
 pages = {919--923},
 numpages = {5},
 url = {http://doi.acm.org/10.1145/3012430.3012626},
 doi = {10.1145/3012430.3012626},
 acmid = {3012626},
 publisher = {ACM},
 address = {New York, NY, USA},
 keywords = {ICT, digital content, learning technologies, secondary education, teaching materials, website platform},
}

@inproceedings{Rodriguez-Conde:2018:EEG:3284179.3284203,
 author = {Rodr\'{\i}guez-Conde, Mar\'{\i}a-Jos{\'e} and Olmos-Miguel\'{a}\~{n}ez, Susana and Gamazo, Adriana and O'Hara, Joe},
 title = {Evaluation in Education and Guidance: A Perspective from 2018},
 booktitle = {Proceedings of the Sixth International Conference on Technological Ecosystems for Enhancing Multiculturality},
 series = {TEEM'18},
 year = {2018},
 isbn = {978-1-4503-6518-5},
 location = {Salamanca, Spain},
 pages = {129--133},
 numpages = {5},
 url = {http://doi.acm.org/10.1145/3284179.3284203},
 doi = {10.1145/3284179.3284203},
 acmid = {3284203},
 publisher = {ACM},
 address = {New York, NY, USA},
 keywords = {Assessment, Digital literacy, Educational evaluation, Experimentation, Human Factors, Measurement, Reliability, digital competences},
}

@inproceedings{Roberts:2012:AAI:2483716.2483719,
 author = {Roberts, Madeleine R. H. and McGill, Tanya J. and Hyland, Peter N.},
 title = {Attrition from Australian ICT Degrees: Why Women Leave},
 booktitle = {Proceedings of the Fourteenth Australasian Computing Education Conference - Volume 123},
 series = {ACE '12},
 year = {2012},
 isbn = {978-1-921770-04-3},
 location = {Melbourne, Australia},
 pages = {15--24},
 numpages = {10},
 url = {http://dl.acm.org/citation.cfm?id=2483716.2483719},
 acmid = {2483719},
 publisher = {Australian Computer Society, Inc.},
 address = {Darlinghurst, Australia, Australia},
 keywords = {ICT education, female, gender, student attrition, student retention},
}

@Article{2012:2378036,
 journal = {ACM SIGUCCS plugged in},
 year = {2012},
 volume = {1},
 number = {1},
 issue_date = {Summer 2012},
 publisher = {ACM},
 address = {New York, NY, USA},
key = {{$\!\!$}} ,
}

@inproceedings{Reding:2017:UTE:3105726.3106185,
 author = {Reding, Tracie Evans and Dorn, Brian},
 title = {Understanding the "Teacher Experience" in Primary and Secondary CS Professional Development},
 booktitle = {Proceedings of the 2017 ACM Conference on International Computing Education Research},
 series = {ICER '17},
 year = {2017},
 isbn = {978-1-4503-4968-0},
 location = {Tacoma, Washington, USA},
 pages = {155--163},
 numpages = {9},
 url = {http://doi.acm.org/10.1145/3105726.3106185},
 doi = {10.1145/3105726.3106185},
 acmid = {3106185},
 publisher = {ACM},
 address = {New York, NY, USA},
 keywords = {teacher experience, teacher professional development},
}

@inproceedings{Apiola:2019:ISA:3304221.3319766,
 author = {Apiola, Mikko-Ville and Laakso, Mikko-Jussi},
 title = {The Impact of Self-Theories to Academic Achievement and Soft Skills in Undergraduate CS Studies: First Findings},
 booktitle = {Proceedings of the 2019 ACM Conference on Innovation and Technology in Computer Science Education},
 series = {ITiCSE '19},
 year = {2019},
 isbn = {978-1-4503-6301-3},
 location = {Aberdeen, Scotland Uk},
 pages = {16--22},
 numpages = {7},
 url = {http://doi.acm.org/10.1145/3304221.3319766},
 doi = {10.1145/3304221.3319766},
 acmid = {3319766},
 publisher = {ACM},
 address = {New York, NY, USA},
 keywords = {collaboration, computer science education, computing education, educational psychology, implicit theories, mindset, motivation, self-theories, social skills, soft skills, stem, technology education},
}

@inproceedings{Malmi:2010:CRC:1839594.1839597,
 author = {Malmi, Lauri and Sheard, Judy and Simon and Bednarik, Roman and Helminen, Juha and Korhonen, Ari and Myller, Niko and Sorva, Juha and Taherkhani, Ahmad},
 title = {Characterizing Research in Computing Education: A Preliminary Analysis of the Literature},
 booktitle = {Proceedings of the Sixth International Workshop on Computing Education Research},
 series = {ICER '10},
 year = {2010},
 isbn = {978-1-4503-0257-9},
 location = {Aarhus, Denmark},
 pages = {3--12},
 numpages = {10},
 url = {http://doi.acm.org/10.1145/1839594.1839597},
 doi = {10.1145/1839594.1839597},
 acmid = {1839597},
 publisher = {ACM},
 address = {New York, NY, USA},
 keywords = {classifying publications, computing education, research methods},
}

@inproceedings{Garcia-Sanjuan:2015:MEF:2829875.2829880,
 author = {Garcia-Sanjuan, Fernando and Jaen, Javier and Catala, Alejandro},
 title = {Multi-Display Environments to Foster Emotional Intelligence in Hospitalized Children},
 booktitle = {Proceedings of the XVI International Conference on Human Computer Interaction},
 series = {Interacci\&\#243;n '15},
 year = {2015},
 isbn = {978-1-4503-3463-1},
 location = {Vilanova i la Geltru, Spain},
 pages = {13:1--13:2},
 articleno = {13},
 numpages = {2},
 url = {http://doi.acm.org/10.1145/2829875.2829880},
 doi = {10.1145/2829875.2829880},
 acmid = {2829880},
 publisher = {ACM},
 address = {New York, NY, USA},
 keywords = {Child-Computer Interaction, Emotional Intelligence, Hospitalization, Multi-Display Environments (MDE), Socialization},
}

@article{Boverie:1998:PSD:281083.281086,
 author = {Boverie, Patricia and Nagel, Liza and McGee, Melissa and Garcia, Susan},
 title = {Predictors of Satisfaction for Distance Learners: A Study of Variable Conditions},
 journal = {SIGCUE Outlook},
 issue_date = {April 1998},
 volume = {26},
 number = {2},
 month = apr,
 year = {1998},
 issn = {0163-5735},
 pages = {2--7},
 numpages = {6},
 url = {http://doi.acm.org/10.1145/281083.281086},
 doi = {10.1145/281083.281086},
 acmid = {281086},
 publisher = {ACM},
 address = {New York, NY, USA},
 keywords = {distance learners, emotional intelligence, learning strategies, learning style, self-efficacy, social presence, student satisfaction},
}

@inproceedings{Martinez:1999:ILI:318372.318600,
 author = {Martinez, Margaret},
 title = {Intentional Learning in an Intentional World: New Perspectives on Audience Analysis and Instructional System Design for Successful Learning and Performance},
 booktitle = {Proceedings of the 17th Annual International Conference on Computer Documentation},
 series = {SIGDOC '99},
 year = {1999},
 isbn = {1-58113-072-4},
 location = {New Orleans, Louisiana, USA},
 pages = {211--220},
 numpages = {10},
 url = {http://doi.acm.org/10.1145/318372.318600},
 doi = {10.1145/318372.318600},
 acmid = {318600},
 publisher = {ACM},
 address = {New York, NY, USA},
 keywords = {audience analysis, individual learning differences, instructional design, learning orientations},
}

@inproceedings{Budakova:2011:IEC:2023607.2023630,
 author = {Budakova, Dilyana and Penev, Stoil},
 title = {Investigation of the Emotional Characteristics of the Words from an Electronic School-aid Dictionary},
 booktitle = {Proceedings of the 12th International Conference on Computer Systems and Technologies},
 series = {CompSysTech '11},
 year = {2011},
 isbn = {978-1-4503-0917-2},
 location = {Vienna, Austria},
 pages = {129--134},
 numpages = {6},
 url = {http://doi.acm.org/10.1145/2023607.2023630},
 doi = {10.1145/2023607.2023630},
 acmid = {2023630},
 publisher = {ACM},
 address = {New York, NY, USA},
 keywords = {data mining, emotional lexicon, game playing},
}

@inproceedings{Chounta:2019:SUM:3303772.3303827,
 author = {Chounta, Irene-Angelica and Carvalho, Paulo F.},
 title = {Square It Up!: How to Model Step Duration when Predicting Student Performance},
 booktitle = {Proceedings of the 9th International Conference on Learning Analytics \& Knowledge},
 series = {LAK19},
 year = {2019},
 isbn = {978-1-4503-6256-6},
 location = {Tempe, AZ, USA},
 pages = {330--334},
 numpages = {5},
 url = {http://doi.acm.org/10.1145/3303772.3303827},
 doi = {10.1145/3303772.3303827},
 acmid = {3303827},
 publisher = {ACM},
 address = {New York, NY, USA},
 keywords = {Student Modeling, intelligent tutoring systems, step duration},
}

@article{Yasar:2018:NPC:3234519.3214354,
 author = {Ya\c{s}ar, Osman},
 title = {A New Perspective on Computational Thinking},
 journal = {Commun. ACM},
 issue_date = {July 2018},
 volume = {61},
 number = {7},
 month = jun,
 year = {2018},
 issn = {0001-0782},
 pages = {33--39},
 numpages = {7},
 url = {http://doi.acm.org/10.1145/3214354},
 doi = {10.1145/3214354},
 acmid = {3214354},
 publisher = {ACM},
 address = {New York, NY, USA},
}

@inproceedings{Herbert:2018:AUP:3160489.3160495,
 author = {Herbert, Nicole and Herbert, David},
 title = {Is the ATAR a Useful Predictor of Success in ICT?: An Empirical Study},
 booktitle = {Proceedings of the 20th Australasian Computing Education Conference},
 series = {ACE '18},
 year = {2018},
 isbn = {978-1-4503-6340-2},
 location = {Brisbane, Queensland, Australia},
 pages = {35--44},
 numpages = {10},
 url = {http://doi.acm.org/10.1145/3160489.3160495},
 doi = {10.1145/3160489.3160495},
 acmid = {3160495},
 publisher = {ACM},
 address = {New York, NY, USA},
 keywords = {ATAR, empirical study, introductory programming, pre-tertiary},
}

@inproceedings{Diego:2018:RSP:3284179.3284213,
 author = {Diego, Maria Vaquero and Rodr\'{\i}guez-Conde, Mar\'{\i}a-Jos{\'e} and Fincias, Patricia Torrijos and Schnorr, Samuel},
 title = {Relationship Between School Performance and Emotional Intelligence with TMMS-24 in High Performance School Adolescents in Sao Paulo (Brazil)},
 booktitle = {Proceedings of the Sixth International Conference on Technological Ecosystems for Enhancing Multiculturality},
 series = {TEEM'18},
 year = {2018},
 isbn = {978-1-4503-6518-5},
 location = {Salamanca, Spain},
 pages = {185--189},
 numpages = {5},
 url = {http://doi.acm.org/10.1145/3284179.3284213},
 doi = {10.1145/3284179.3284213},
 acmid = {3284213},
 publisher = {ACM},
 address = {New York, NY, USA},
 keywords = {Emotional intelligence, academic performance, school performance},
}

@article{Calvo:2012:PCT:2212877.2212886,
 author = {Calvo, Rafael A. and Peters, Dorian},
 title = {Positive Computing: Technology for a Wiser World},
 journal = {Interactions},
 issue_date = {July + August 2012},
 volume = {19},
 number = {4},
 month = jul,
 year = {2012},
 issn = {1072-5520},
 pages = {28--31},
 numpages = {4},
 url = {http://doi.acm.org/10.1145/2212877.2212886},
 doi = {10.1145/2212877.2212886},
 acmid = {2212886},
 publisher = {ACM},
 address = {New York, NY, USA},
}

@inproceedings{Prior:2019:ESS:3286960.3286964,
 author = {Prior, Julia and Laudari, Suman and Leaney, John},
 title = {What is the Effect of a Software Studio Experience on a Student's Employability?},
 booktitle = {Proceedings of the Twenty-First Australasian Computing Education Conference},
 series = {ACE '19},
 year = {2019},
 isbn = {978-1-4503-6622-9},
 location = {Sydney, NSW, Australia},
 pages = {28--36},
 numpages = {9},
 url = {http://doi.acm.org/10.1145/3286960.3286964},
 doi = {10.1145/3286960.3286964},
 acmid = {3286964},
 publisher = {ACM},
 address = {New York, NY, USA},
 keywords = {employability, ethnography, graduate capabilities, software studio},
}

@inproceedings{Hutt:2019:TSG:3290605.3300726,
 author = {Hutt, Stephen and Grafsgaard, Joseph F. and D'Mello, Sidney K.},
 title = {Time to Scale: Generalizable Affect Detection for Tens of Thousands of Students Across An Entire School Year},
 booktitle = {Proceedings of the 2019 CHI Conference on Human Factors in Computing Systems},
 series = {CHI '19},
 year = {2019},
 isbn = {978-1-4503-5970-2},
 location = {Glasgow, Scotland Uk},
 pages = {496:1--496:14},
 articleno = {496},
 numpages = {14},
 url = {http://doi.acm.org/10.1145/3290605.3300726},
 doi = {10.1145/3290605.3300726},
 acmid = {3300726},
 publisher = {ACM},
 address = {New York, NY, USA},
 keywords = {affect detection, machine learning, online education, sensor-free},
}

@inproceedings{Ager:2003:GRS:1082060.1082061,
 author = {Ager, Rachel and Kendall, Mike},
 title = {Getting It Right from the Start: A Case Study of the Development of a Foundation Stage Learning and ICT Strategy in Northamptonshire, UK},
 booktitle = {Proceedings of the International Federation for Information Processing Working Group 3.5 Open Conference on Young Children and Learning Technologies - Volume 34},
 series = {CRPIT '03},
 year = {2003},
 isbn = {1-920682-16-3},
 location = {Sydney, Australia},
 pages = {3--11},
 numpages = {9},
 url = {http://dl.acm.org/citation.cfm?id=1082060.1082061},
 acmid = {1082061},
 publisher = {Australian Computer Society, Inc.},
 address = {Darlinghurst, Australia, Australia},
 keywords = {curriculum, early childhood education, equity, learning environments, standards},
}

@article{French:2005:OOW:1111646.1111648,
 author = {French, Sheila},
 title = {Opting out?: Women and On-line Learning},
 journal = {SIGCAS Comput. Soc.},
 issue_date = {June 2005},
 volume = {35},
 number = {2},
 month = jun,
 year = {2005},
 issn = {0095-2737},
 pages = {2--2},
 numpages = {1},
 url = {http://doi.acm.org/10.1145/1111646.1111648},
 doi = {10.1145/1111646.1111648},
 acmid = {1111648},
 publisher = {ACM},
 address = {New York, NY, USA},
}

@inproceedings{Bedford:2003:TAS:1082060.1082063,
 author = {Bedford, Gail K.},
 title = {"Theyyur Aye Now Sand in Theur" Jake 4.11 Years Transition and the Importance of the Learning Environment},
 booktitle = {Proceedings of the International Federation for Information Processing Working Group 3.5 Open Conference on Young Children and Learning Technologies - Volume 34},
 series = {CRPIT '03},
 year = {2003},
 isbn = {1-920682-16-3},
 location = {Sydney, Australia},
 pages = {21--26},
 numpages = {6},
 url = {http://dl.acm.org/citation.cfm?id=1082060.1082063},
 acmid = {1082063},
 publisher = {Australian Computer Society, Inc.},
 address = {Darlinghurst, Australia, Australia},
 keywords = {communities, early childhood education, effective pedagogies, learning environments, research},
}

@inproceedings{Carbone:2016:PUI:2843043.2843345,
 author = {Carbone, Angela and Hamilton, Margaret},
 title = {Pizza with University ICT Students: What Do Students' Expect Employers Want from Them?},
 booktitle = {Proceedings of the Australasian Computer Science Week Multiconference},
 series = {ACSW '16},
 year = {2016},
 isbn = {978-1-4503-4042-7},
 location = {Canberra, Australia},
 pages = {12:1--12:9},
 articleno = {12},
 numpages = {9},
 url = {http://doi.acm.org/10.1145/2843043.2843345},
 doi = {10.1145/2843043.2843345},
 acmid = {2843345},
 publisher = {ACM},
 address = {New York, NY, USA},
 keywords = {ICT graduate employability, computer science education},
}

@inproceedings{Ochsner:2015:LLG:2807565.2807709,
 author = {Ochsner, Amanda},
 title = {Lessons Learned With Girls, Games, and Design},
 booktitle = {Proceedings of the Third Conference on GenderIT},
 series = {GenderIT '15},
 year = {2015},
 isbn = {978-1-4503-3596-6},
 location = {Philadelphia, PA, USA},
 pages = {24--31},
 numpages = {8},
 url = {http://doi.acm.org/10.1145/2807565.2807709},
 doi = {10.1145/2807565.2807709},
 acmid = {2807709},
 publisher = {ACM},
 address = {New York, NY, USA},
 keywords = {game design, game design curricula, game industry, gender},
}

@article{Kirkley:2000:EBC:330409.330412,
 author = {Kirkley, Jamie and Duffy, Thomas},
 title = {Expanding Beyond a Cognitivist Framework},
 journal = {ACM J. Comput. Doc.},
 issue_date = {Feb. 1, 2000},
 volume = {24},
 number = {1},
 month = feb,
 year = {2000},
 issn = {1527-6805},
 pages = {21--24},
 numpages = {4},
 url = {http://doi.acm.org/10.1145/330409.330412},
 doi = {10.1145/330409.330412},
 acmid = {330412},
 publisher = {ACM},
 address = {New York, NY, USA},
}

@inproceedings{Urrutia:2017:FPP:3144826.3145350,
 author = {Urrutia, Elizabeth K. Morales and Oca\~{n}a, Jos{\'e} Miguel and P{\'e}rez-Mar\'{\i}n, Diana and Tamayo, Silvia},
 title = {A First Proposal of Pedagogic Conversational Agents to Develop Computational Thinking in Children},
 booktitle = {Proceedings of the 5th International Conference on Technological Ecosystems for Enhancing Multiculturality},
 series = {TEEM 2017},
 year = {2017},
 isbn = {978-1-4503-5386-1},
 location = {C\&aacute;diz, Spain},
 pages = {2:1--2:6},
 articleno = {2},
 numpages = {6},
 url = {http://doi.acm.org/10.1145/3144826.3145350},
 doi = {10.1145/3144826.3145350},
 acmid = {3145350},
 publisher = {ACM},
 address = {New York, NY, USA},
 keywords = {Computational Thinking, Pedagogic Conversational Agents, Pre-Primary Education, Primary Education},
}

@article{Ferretti:2011:MUY:1925037.1941237,
 author = {Ferretti, Maxime},
 title = {Man Up Your Leadership: The European Management Perspective},
 journal = {eLearn},
 issue_date = {January 2011},
 volume = {2011},
 number = {1},
 month = jan,
 year = {2011},
 issn = {1535-394X},
 articleno = {7},
 url = {http://doi.acm.org/10.1145/1925037.1941237},
 doi = {10.1145/1925037.1941237},
 acmid = {1941237},
 publisher = {ACM},
 address = {New York, NY, USA},
}

@inproceedings{Mavromoustakos-Blom:2018:PCM:3235765.3235771,
 author = {Mavromoustakos-Blom, Paris and Bakkes, Sander and Spronck, Pieter},
 title = {Personalized Crisis Management Training on a Tablet},
 booktitle = {Proceedings of the 13th International Conference on the Foundations of Digital Games},
 series = {FDG '18},
 year = {2018},
 isbn = {978-1-4503-6571-0},
 location = {Malm\&ouml;, Sweden},
 pages = {33:1--33:10},
 articleno = {33},
 numpages = {10},
 url = {http://doi.acm.org/10.1145/3235765.3235771},
 doi = {10.1145/3235765.3235771},
 acmid = {3235771},
 publisher = {ACM},
 address = {New York, NY, USA},
 keywords = {crisis management, game-based training, multimodal player modeling, personalized gaming, serious games},
}

@article{Marshall:2016:EPS:2894200.2791396,
 author = {Marshall, Linda and Pieterse, Vreda and Thompson, Lisa and Venter, Dina M.},
 title = {Exploration of Participation in Student Software Engineering Teams},
 journal = {ACM Trans. Comput. Educ.},
 issue_date = {March 2016},
 volume = {16},
 number = {2},
 month = feb,
 year = {2016},
 issn = {1946-6226},
 pages = {5:1--5:38},
 articleno = {5},
 numpages = {38},
 url = {http://doi.acm.org/10.1145/2791396},
 doi = {10.1145/2791396},
 acmid = {2791396},
 publisher = {ACM},
 address = {New York, NY, USA},
 keywords = {Software engineering, soft skills, teaching teamwork, team formation, team management},
}

@article{Martinez:2000:ILI:330409.330411,
 author = {Martinez, Margaret},
 title = {International Learning in an International World},
 journal = {ACM J. Comput. Doc.},
 issue_date = {Feb. 1, 2000},
 volume = {24},
 number = {1},
 month = feb,
 year = {2000},
 issn = {1527-6805},
 pages = {3--20},
 numpages = {18},
 url = {http://doi.acm.org/10.1145/330409.330411},
 doi = {10.1145/330409.330411},
 acmid = {330411},
 publisher = {ACM},
 address = {New York, NY, USA},
}

@inproceedings{Moutafidou:2018:DSG:3218585.3218684,
 author = {Moutafidou, Anna and Bratitsis, Tharrenos},
 title = {Digital Storytelling: Giving Voice to Socially Excluded People in Various Contexts},
 booktitle = {Proceedings of the 8th International Conference on Software Development and Technologies for Enhancing Accessibility and Fighting Info-exclusion},
 series = {DSAI 2018},
 year = {2018},
 isbn = {978-1-4503-6467-6},
 location = {Thessaloniki, Greece},
 pages = {219--226},
 numpages = {8},
 url = {http://doi.acm.org/10.1145/3218585.3218684},
 doi = {10.1145/3218585.3218684},
 acmid = {3218684},
 publisher = {ACM},
 address = {New York, NY, USA},
 keywords = {Digital Storytelling, social inclusion},
}

@inproceedings{CarneirodePaula:2018:CPM:3241815.3241824,
 author = {Carneiro de Paula, Virginia},
 title = {Computer Programming is More Than to Program Computers},
 booktitle = {Proceedings of the 19th Annual SIG Conference on Information Technology Education},
 series = {SIGITE '18},
 year = {2018},
 isbn = {978-1-4503-5954-2},
 location = {Fort Lauderdale, Florida, USA},
 pages = {61--61},
 numpages = {1},
 url = {http://doi.acm.org/10.1145/3241815.3241824},
 doi = {10.1145/3241815.3241824},
 acmid = {3241824},
 publisher = {ACM},
 address = {New York, NY, USA},
 keywords = {community service., computer programming education, experimental learning, soft skills},
}

@inproceedings{deOliveira:2008:EUS:1413634.1413655,
 author = {de Oliveira, Felipe Soares and Tavares, Tatiana Aires and Chagas, Andrew Anderson and Burlamaqui, Aquiles and Brennand, Edna Gusm\~{a}o and de Souza Filho, Guido Lemos},
 title = {Experiences from the Use of a Shared Multimedia Space for e-Learning in Brazil Primary Schools},
 booktitle = {Proceedings of the 3rd International Conference on Digital Interactive Media in Entertainment and Arts},
 series = {DIMEA '08},
 year = {2008},
 isbn = {978-1-60558-248-1},
 location = {Athens, Greece},
 pages = {91--98},
 numpages = {8},
 url = {http://doi.acm.org/10.1145/1413634.1413655},
 doi = {10.1145/1413634.1413655},
 acmid = {1413655},
 publisher = {ACM},
 address = {New York, NY, USA},
 keywords = {e-learning, multimedia, multimedia for education, shared virtual spaces},
}

@inproceedings{Pedro:2015:GWB:2695664.2695752,
 author = {Pedro, Lais Z. and Lopes, Aparecida M. Z. and Prates, Bruno G. and Vassileva, Julita and Isotani, Seiji},
 title = {Does Gamification Work for Boys and Girls?: An Exploratory Study with a Virtual Learning Environment},
 booktitle = {Proceedings of the 30th Annual ACM Symposium on Applied Computing},
 series = {SAC '15},
 year = {2015},
 isbn = {978-1-4503-3196-8},
 location = {Salamanca, Spain},
 pages = {214--219},
 numpages = {6},
 url = {http://doi.acm.org/10.1145/2695664.2695752},
 doi = {10.1145/2695664.2695752},
 acmid = {2695752},
 publisher = {ACM},
 address = {New York, NY, USA},
 keywords = {e-learning, gamification, gaming the system, gender difference},
}

@inproceedings{Murray:2007:TCT:1599600.1599698,
 author = {Murray, Tom},
 title = {Toward Collaborative Technologies Supporting Cognitive Skills for Mutual Regard},
 booktitle = {Proceedings of the 8th Iternational Conference on Computer Supported Collaborative Learning},
 series = {CSCL'07},
 year = {2007},
 isbn = {978-0-6151-5436-7},
 location = {New Brunswick, New Jersey, USA},
 pages = {542--544},
 numpages = {3},
 url = {http://dl.acm.org/citation.cfm?id=1599600.1599698},
 acmid = {1599698},
 publisher = {International Society of the Learning Sciences},
}

@article{Preston:2007:BLI:1272848.1272886,
 author = {Preston, Christina},
 title = {Braided Learning: Investigating an Emerging Model of Online Professional Debate Between International Educators},
 journal = {SIGCSE Bull.},
 issue_date = {June 2007},
 volume = {39},
 number = {2},
 month = jun,
 year = {2007},
 issn = {0097-8418},
 pages = {62--64},
 numpages = {3},
 url = {http://doi.acm.org/10.1145/1272848.1272886},
 doi = {10.1145/1272848.1272886},
 acmid = {1272886},
 publisher = {ACM},
 address = {New York, NY, USA},
 keywords = {community of practice, online forums, professional online learning, social software, wikis},
}

