@inproceedings{Chen:2019:UAP:3304221.3319731,
 author = {Chen, Hui and Ciborowska, Agnieszka and Damevski, Kostadin},
 title = {Using Automated Prompts for Student Reflection on Computer Security Concepts},
 booktitle = {Proceedings of the 2019 ACM Conference on Innovation and Technology in Computer Science Education},
 series = {ITiCSE '19},
 year = {2019},
 isbn = {978-1-4503-6301-3},
 location = {Aberdeen, Scotland Uk},
 pages = {506--512},
 numpages = {7},
 url = {http://doi.acm.org/10.1145/3304221.3319731},
 doi = {10.1145/3304221.3319731},
 acmid = {3319731},
 publisher = {ACM},
 address = {New York, NY, USA},
 keywords = {automated reflection, reflection, reflection prompt},
}

@inproceedings{Jarodzka:2008:EET:1599812.1599859,
 author = {Jarodzka, Halszka and Scheiter, Katharina and Gerjets, Peter and Gemballa, Sven},
 title = {In the Eyes of Experts: Teaching Dynamic Features in Biology by Modeling Experts' Eye Movement Strategies to Novices},
 booktitle = {Proceedings of the 8th International Conference on International Conference for the Learning Sciences - Volume 1},
 series = {ICLS'08},
 year = {2008},
 location = {Utrecht, The Netherlands},
 pages = {390--397},
 numpages = {8},
 url = {http://dl.acm.org/citation.cfm?id=1599812.1599859},
 acmid = {1599859},
 publisher = {International Society of the Learning Sciences},
}

