@inproceedings{Chung:2016:ECK:3005274.3005323,
 author = {Chung, Seungmin and Shin, YimKyoung and Yu, Hyim-Jung and Hong, Sung Wook},
 title = {Educational Contents for Kids' App. Based on Henri-Matisse's Cut-out Works},
 booktitle = {SIGGRAPH ASIA 2016 Posters},
 series = {SA '16},
 year = {2016},
 isbn = {978-1-4503-4540-8},
 location = {Macau},
 pages = {36:1--36:2},
 articleno = {36},
 numpages = {2},
 url = {http://doi.acm.org/10.1145/3005274.3005323},
 doi = {10.1145/3005274.3005323},
 acmid = {3005323},
 publisher = {ACM},
 address = {New York, NY, USA},
 keywords = {app, art, educational contents, kids},
}

@inproceedings{Kohls:2007:GSM:1772070.1772086,
 author = {Kohls, Christian and Windbrake, Tobias},
 title = {Where to Go and What to Show: More Patterns for a Pattern Language of Interactive Information Graphics},
 booktitle = {Proceedings of the 14th Conference on Pattern Languages of Programs},
 series = {PLOP '07},
 year = {2007},
 isbn = {978-1-60558-411-9},
 location = {Monticello, Illinois, USA},
 pages = {13:1--13:14},
 articleno = {13},
 numpages = {14},
 url = {http://doi.acm.org/10.1145/1772070.1772086},
 doi = {10.1145/1772070.1772086},
 acmid = {1772086},
 publisher = {ACM},
 address = {New York, NY, USA},
 keywords = {design patterns, e-learning, educational patterns, interactive graphic},
}

@article{Lester:1995:DLV:216876.216882,
 author = {Lester, Paul Martin},
 title = {Digital Literacy: Visual Communication and Computer Images},
 journal = {SIGGRAPH Comput. Graph.},
 issue_date = {Nov. 1995},
 volume = {29},
 number = {4},
 month = nov,
 year = {1995},
 issn = {0097-8930},
 pages = {25--27},
 numpages = {3},
 url = {http://doi.acm.org/10.1145/216876.216882},
 doi = {10.1145/216876.216882},
 acmid = {216882},
 publisher = {ACM},
 address = {New York, NY, USA},
}

@inproceedings{Chang:2002:GTV:820060.820062,
 author = {Chang, Dempsey and Dooley, Laurence and Tuovinen, Juhani E.},
 title = {Gestalt Theory in Visual Screen Design: A New Look at an Old Subject},
 booktitle = {Proceedings of the Seventh World Conference on Computers in Education Conference on Computers in Education: Australian Topics - Volume 8},
 series = {CRPIT '02},
 year = {2002},
 isbn = {0-909925-86-0},
 location = {Copenhagen, Denmark},
 pages = {5--12},
 numpages = {8},
 url = {http://dl.acm.org/citation.cfm?id=820060.820062},
 acmid = {820062},
 publisher = {Australian Computer Society, Inc.},
 address = {Darlinghurst, Australia, Australia},
}

@inproceedings{Abdelhakim:2007:WGD:1290144.1290150,
 author = {Abdelhakim, Mohammed N. A. and Shirmohammadi, Shervin},
 title = {A Web-based Group Decision Support System for the Selection and Evaluation of Educational Multimedia},
 booktitle = {Proceedings of the International Workshop on Educational Multimedia and Multimedia Education},
 series = {Emme '07},
 year = {2007},
 isbn = {978-1-59593-783-4},
 location = {Augsburg, Bavaria, Germany},
 pages = {27--36},
 numpages = {10},
 url = {http://doi.acm.org/10.1145/1290144.1290150},
 doi = {10.1145/1290144.1290150},
 acmid = {1290150},
 publisher = {ACM},
 address = {New York, NY, USA},
 keywords = {educational multimedia, instructional design, knowledge management, web-Based group decision support system},
}

@article{Mirielli:2007:UPW:1229637.1229639,
 author = {Mirielli, Edward J.},
 title = {Using Peer-evaluation in a Website Design Course},
 journal = {J. Comput. Sci. Coll.},
 issue_date = {April 2007},
 volume = {22},
 number = {4},
 month = apr,
 year = {2007},
 issn = {1937-4771},
 pages = {14--21},
 numpages = {8},
 url = {http://dl.acm.org/citation.cfm?id=1229637.1229639},
 acmid = {1229639},
 publisher = {Consortium for Computing Sciences in Colleges},
 address = {USA},
}

