@inproceedings{Sigurdson:2018:EGC:3279720.3279743,
 author = {Sigurdson, Nikki and Petersen, Andrew},
 title = {An Exploration of Grit in a CS1 Context},
 booktitle = {Proceedings of the 18th Koli Calling International Conference on Computing Education Research},
 series = {Koli Calling '18},
 year = {2018},
 isbn = {978-1-4503-6535-2},
 location = {Koli, Finland},
 pages = {23:1--23:5},
 articleno = {23},
 numpages = {5},
 url = {http://doi.acm.org/10.1145/3279720.3279743},
 doi = {10.1145/3279720.3279743},
 acmid = {3279743},
 publisher = {ACM},
 address = {New York, NY, USA},
 keywords = {CS1, grit, learning analytics, psychometric factors},
}

@article{McFarland:1975:NPD:382218.382474,
 author = {McFarland, Robert H.},
 title = {Notes from Panel Discussion on GRE Advanced Exams Presented at Fifth Annual SIGCSE Technical Symposium},
 journal = {SIGCSE Bull.},
 issue_date = {Dec. 1975},
 volume = {7},
 number = {4},
 month = dec,
 year = {1975},
 issn = {0097-8418},
 pages = {44--46},
 numpages = {3},
 url = {http://doi.acm.org/10.1145/382218.382474},
 doi = {10.1145/382218.382474},
 acmid = {382474},
 publisher = {ACM},
 address = {New York, NY, USA},
}

@inproceedings{Shub:1990:UEI:323410.323423,
 author = {Shub, Charles M.},
 title = {Should Undergraduates Explore Internals of Workstation Operating Systems},
 booktitle = {Proceedings of the Twenty-first SIGCSE Technical Symposium on Computer Science Education},
 series = {SIGCSE '90},
 year = {1990},
 isbn = {0-89791-346-9},
 location = {Washington, D.C., USA},
 pages = {111--115},
 numpages = {5},
 url = {http://doi.acm.org/10.1145/323410.323423},
 doi = {10.1145/323410.323423},
 acmid = {323423},
 publisher = {ACM},
 address = {New York, NY, USA},
}

@article{Shub:1990:UEI:319059.323423,
 author = {Shub, Charles M.},
 title = {Should Undergraduates Explore Internals of Workstation Operating Systems},
 journal = {SIGCSE Bull.},
 issue_date = {Feb. 1990},
 volume = {22},
 number = {1},
 month = feb,
 year = {1990},
 issn = {0097-8418},
 pages = {111--115},
 numpages = {5},
 url = {http://doi.acm.org/10.1145/319059.323423},
 doi = {10.1145/319059.323423},
 acmid = {323423},
 publisher = {ACM},
 address = {New York, NY, USA},
}

@inproceedings{McDermott:2015:PMA:2729094.2742625,
 author = {McDermott, Roger and Daniels, Mats and Cajander, \AAsa},
 title = {Perseverance Measures and Attainment in First Year Computing Science Students},
 booktitle = {Proceedings of the 2015 ACM Conference on Innovation and Technology in Computer Science Education},
 series = {ITiCSE '15},
 year = {2015},
 isbn = {978-1-4503-3440-2},
 location = {Vilnius, Lithuania},
 pages = {302--307},
 numpages = {6},
 url = {http://doi.acm.org/10.1145/2729094.2742625},
 doi = {10.1145/2729094.2742625},
 acmid = {2742625},
 publisher = {ACM},
 address = {New York, NY, USA},
 keywords = {conscientiousness, grit, perseverance, personality traits, programming},
}

@inproceedings{Narayanan:2018:UMU:3159450.3159551,
 author = {Narayanan, Sathya and Cunningham, Kathryn and Arteaga, Sonia and Welch, William J. and Maxwell, Leslie and Chawinga, Zechariah and Su, Bude},
 title = {Upward Mobility for Underrepresented Students: A Model for a Cohort-Based Bachelor's Degree in Computer Science},
 booktitle = {Proceedings of the 49th ACM Technical Symposium on Computer Science Education},
 series = {SIGCSE '18},
 year = {2018},
 isbn = {978-1-4503-5103-4},
 location = {Baltimore, Maryland, USA},
 pages = {705--710},
 numpages = {6},
 url = {http://doi.acm.org/10.1145/3159450.3159551},
 doi = {10.1145/3159450.3159551},
 acmid = {3159551},
 publisher = {ACM},
 address = {New York, NY, USA},
 keywords = {accelerated degree program, cohort-based learning, community college, first-generation college students, graduation rates., transfer pathway, underrepresented minority students},
}

@article{Penny:1990:LTC:319059.323449,
 author = {Penny, J. P. and Ashton, P. J.},
 title = {Laboratory-style Teaching of Computer Science},
 journal = {SIGCSE Bull.},
 issue_date = {Feb. 1990},
 volume = {22},
 number = {1},
 month = feb,
 year = {1990},
 issn = {0097-8418},
 pages = {192--196},
 numpages = {5},
 url = {http://doi.acm.org/10.1145/319059.323449},
 doi = {10.1145/319059.323449},
 acmid = {323449},
 publisher = {ACM},
 address = {New York, NY, USA},
}

@inproceedings{Penny:1990:LTC:323410.323449,
 author = {Penny, J. P. and Ashton, P. J.},
 title = {Laboratory-style Teaching of Computer Science},
 booktitle = {Proceedings of the Twenty-first SIGCSE Technical Symposium on Computer Science Education},
 series = {SIGCSE '90},
 year = {1990},
 isbn = {0-89791-346-9},
 location = {Washington, D.C., USA},
 pages = {192--196},
 numpages = {5},
 url = {http://doi.acm.org/10.1145/323410.323449},
 doi = {10.1145/323410.323449},
 acmid = {323449},
 publisher = {ACM},
 address = {New York, NY, USA},
}

@inproceedings{Hamidi:2017:ATA:3141798.3141811,
 author = {Hamidi, Foad and Grimes, Shawn and Grime, Steph and Wong, Christopher and Hurst, Amy},
 title = {Assessment Tools for an Afterschool Youth Maker Program},
 booktitle = {Proceedings of the 7th Annual Conference on Creativity and Fabrication in Education},
 series = {FabLearn '17},
 year = {2017},
 isbn = {978-1-4503-6349-5},
 location = {Stanford, CA, USA},
 pages = {12:1--12:4},
 articleno = {12},
 numpages = {4},
 url = {http://doi.acm.org/10.1145/3141798.3141811},
 doi = {10.1145/3141798.3141811},
 acmid = {3141811},
 publisher = {ACM},
 address = {New York, NY, USA},
 keywords = {Assessment, Divergent Thinking, Grit, Making, Youth},
}

@inproceedings{McGill:2019:GAN:3287324.3287362,
 author = {McGill, Monica M. and Decker, Adrienne and McKlin, Tom and Haynie, Kathy},
 title = {A Gap Analysis of Noncognitive Constructs in Evaluation Instruments Designed for Computing Education},
 booktitle = {Proceedings of the 50th ACM Technical Symposium on Computer Science Education},
 series = {SIGCSE '19},
 year = {2019},
 isbn = {978-1-4503-5890-3},
 location = {Minneapolis, MN, USA},
 pages = {706--712},
 numpages = {7},
 url = {http://doi.acm.org/10.1145/3287324.3287362},
 doi = {10.1145/3287324.3287362},
 acmid = {3287362},
 publisher = {ACM},
 address = {New York, NY, USA},
 keywords = {assessment, constructs, education, evaluation, noncognitive},
}

@inproceedings{Ryoo:2019:GBP:3287324.3287331,
 author = {Ryoo, Jean and Chapman, Gail and Flapan, Julie and Goode, Joanna and Margolis, Jane and Ong, Christine and Estrada, Cynthia and Skorodinsky, Max and Tanksley, Tiera and Burge, Jamika D. and Yamaguchi, Ryoko and McAlear, Frieda and Scott, Allison and Martin, Alexis and Koshy, Sonia and Bobb, Kamau and Diaz, Lien},
 title = {Going Beyond the Platitudes of Equity: Developing a Shared Vision for Equity in Computer Science Education},
 booktitle = {Proceedings of the 50th ACM Technical Symposium on Computer Science Education},
 series = {SIGCSE '19},
 year = {2019},
 isbn = {978-1-4503-5890-3},
 location = {Minneapolis, MN, USA},
 pages = {657--658},
 numpages = {2},
 url = {http://doi.acm.org/10.1145/3287324.3287331},
 doi = {10.1145/3287324.3287331},
 acmid = {3287331},
 publisher = {ACM},
 address = {New York, NY, USA},
 keywords = {cs education, equity, k-12 education},
}

@inproceedings{Dumdumaya:2018:ISP:3213586.3225237,
 author = {Dumdumaya, Cristina E. and Banawan, Michelle P. and Rodrigo, Ma. Mercedes T.},
 title = {Identifying Students' Persistence Profiles in Problem Solving Task},
 booktitle = {Adjunct Publication of the 26th Conference on User Modeling, Adaptation and Personalization},
 series = {UMAP '18},
 year = {2018},
 isbn = {978-1-4503-5784-5},
 location = {Singapore, Singapore},
 pages = {281--286},
 numpages = {6},
 url = {http://doi.acm.org/10.1145/3213586.3225237},
 doi = {10.1145/3213586.3225237},
 acmid = {3225237},
 publisher = {ACM},
 address = {New York, NY, USA},
 keywords = {clustering, intelligent tutoring system, simstudent, task persistence},
}

@inproceedings{Feng:2017:DTM:3175536.3175586,
 author = {Feng, Wang and Haozhang, Sun and Wei, Wang},
 title = {Deductive Teaching Method Based on the Origin of Reasoning: An Example of Folk Art Teaching},
 booktitle = {Proceedings of the 2017 9th International Conference on Education Technology and Computers},
 series = {ICETC 2017},
 year = {2017},
 isbn = {978-1-4503-5435-6},
 location = {Barcelona, Spain},
 pages = {52--55},
 numpages = {4},
 url = {http://doi.acm.org/10.1145/3175536.3175586},
 doi = {10.1145/3175536.3175586},
 acmid = {3175586},
 publisher = {ACM},
 address = {New York, NY, USA},
 keywords = {Deduction, Folk Arts, Reasoning, Teaching Methods},
}

@inproceedings{Nelson:2017:CFE:3105726.3106178,
 author = {Nelson, Greg L. and Xie, Benjamin and Ko, Andrew J.},
 title = {Comprehension First: Evaluating a Novel Pedagogy and Tutoring System for Program Tracing in CS1},
 booktitle = {Proceedings of the 2017 ACM Conference on International Computing Education Research},
 series = {ICER '17},
 year = {2017},
 isbn = {978-1-4503-4968-0},
 location = {Tacoma, Washington, USA},
 pages = {2--11},
 numpages = {10},
 url = {http://doi.acm.org/10.1145/3105726.3106178},
 doi = {10.1145/3105726.3106178},
 acmid = {3106178},
 publisher = {ACM},
 address = {New York, NY, USA},
 keywords = {knowledge representation, notional machine, program tracing},
}

@inproceedings{Chu:2017:PMO:3141798.3141803,
 author = {Chu, Sharon Lynn and Quek, Francis and Bhangaonkar, Sourabh and Berman, Alexander},
 title = {Physical Making Online: A Study of Children's Maker Websites},
 booktitle = {Proceedings of the 7th Annual Conference on Creativity and Fabrication in Education},
 series = {FabLearn '17},
 year = {2017},
 isbn = {978-1-4503-6349-5},
 location = {Stanford, CA, USA},
 pages = {4:1--4:8},
 articleno = {4},
 numpages = {8},
 url = {http://doi.acm.org/10.1145/3141798.3141803},
 doi = {10.1145/3141798.3141803},
 acmid = {3141803},
 publisher = {ACM},
 address = {New York, NY, USA},
 keywords = {Children, Content analysis, Design, Maker, Making, Mindset, Online community, Self-identity, Websites},
}

@inproceedings{Hellas:2018:PAP:3293881.3295783,
 author = {Hellas, Arto and Ihantola, Petri and Petersen, Andrew and Ajanovski, Vangel V. and Gutica, Mirela and Hynninen, Timo and Knutas, Antti and Leinonen, Juho and Messom, Chris and Liao, Soohyun Nam},
 title = {Predicting Academic Performance: A Systematic Literature Review},
 booktitle = {Proceedings Companion of the 23rd Annual ACM Conference on Innovation and Technology in Computer Science Education},
 series = {ITiCSE 2018 Companion},
 year = {2018},
 isbn = {978-1-4503-6223-8},
 location = {Larnaca, Cyprus},
 pages = {175--199},
 numpages = {25},
 url = {http://doi.acm.org/10.1145/3293881.3295783},
 doi = {10.1145/3293881.3295783},
 acmid = {3295783},
 publisher = {ACM},
 address = {New York, NY, USA},
 keywords = {analytics, educational data mining, learning analytics, literature review, mapping study, performance, prediction},
}

@inproceedings{Grande:2015:MGG:2729094.2754858,
 author = {Grande, Virginia and Parrow, Joachim},
 title = {Motivation and Grade Gap Related to Gender in a Programming Course},
 booktitle = {Proceedings of the 2015 ACM Conference on Innovation and Technology in Computer Science Education},
 series = {ITiCSE '15},
 year = {2015},
 isbn = {978-1-4503-3440-2},
 location = {Vilnius, Lithuania},
 pages = {349--349},
 numpages = {1},
 url = {http://doi.acm.org/10.1145/2729094.2754858},
 doi = {10.1145/2729094.2754858},
 acmid = {2754858},
 publisher = {ACM},
 address = {New York, NY, USA},
 keywords = {gender and computing, grade gap, motivation},
}

@inproceedings{Garcia:2016:WDC:2839509.2844667,
 author = {Garcia, Daniel D. and Lewis, Colleen and Reges, Stuart and Ensmenger, Nathan},
 title = {Why Don'T Some CS0 Students Succeed?: How Important Are Background, Experience, Culture, Aptitude, Habits and Attitude?},
 booktitle = {Proceedings of the 47th ACM Technical Symposium on Computing Science Education},
 series = {SIGCSE '16},
 year = {2016},
 isbn = {978-1-4503-3685-7},
 location = {Memphis, Tennessee, USA},
 pages = {317--318},
 numpages = {2},
 url = {http://doi.acm.org/10.1145/2839509.2844667},
 doi = {10.1145/2839509.2844667},
 acmid = {2844667},
 publisher = {ACM},
 address = {New York, NY, USA},
 keywords = {computer science education, hidden prerequisites, litmus test},
}

@inproceedings{Apiola:2019:ISA:3304221.3319766,
 author = {Apiola, Mikko-Ville and Laakso, Mikko-Jussi},
 title = {The Impact of Self-Theories to Academic Achievement and Soft Skills in Undergraduate CS Studies: First Findings},
 booktitle = {Proceedings of the 2019 ACM Conference on Innovation and Technology in Computer Science Education},
 series = {ITiCSE '19},
 year = {2019},
 isbn = {978-1-4503-6301-3},
 location = {Aberdeen, Scotland Uk},
 pages = {16--22},
 numpages = {7},
 url = {http://doi.acm.org/10.1145/3304221.3319766},
 doi = {10.1145/3304221.3319766},
 acmid = {3319766},
 publisher = {ACM},
 address = {New York, NY, USA},
 keywords = {collaboration, computer science education, computing education, educational psychology, implicit theories, mindset, motivation, self-theories, social skills, soft skills, stem, technology education},
}

@inproceedings{Battestilli:2018:TPP:3159450.3159486,
 author = {Battestilli, Lina and Awasthi, Apeksha and Cao, Yingjun},
 title = {Two-Stage Programming Projects: Individual Work Followed by Peer Collaboration},
 booktitle = {Proceedings of the 49th ACM Technical Symposium on Computer Science Education},
 series = {SIGCSE '18},
 year = {2018},
 isbn = {978-1-4503-5103-4},
 location = {Baltimore, Maryland, USA},
 pages = {479--484},
 numpages = {6},
 url = {http://doi.acm.org/10.1145/3159450.3159486},
 doi = {10.1145/3159450.3159486},
 acmid = {3159486},
 publisher = {ACM},
 address = {New York, NY, USA},
 keywords = {CS1, collaborative project, peer collaboration, two-stage project},
}

@inproceedings{Behnke:2016:CSP:2960310.2960336,
 author = {Behnke, Kara Alexandra and Kos, Brittany Ann and Bennett, John K.},
 title = {Computer Science Principles: Impacting Student Motivation \&\#38; Learning Within and Beyond the Classroom},
 booktitle = {Proceedings of the 2016 ACM Conference on International Computing Education Research},
 series = {ICER '16},
 year = {2016},
 isbn = {978-1-4503-4449-4},
 location = {Melbourne, VIC, Australia},
 pages = {171--180},
 numpages = {10},
 url = {http://doi.acm.org/10.1145/2960310.2960336},
 doi = {10.1145/2960310.2960336},
 acmid = {2960336},
 publisher = {ACM},
 address = {New York, NY, USA},
 keywords = {computational thinking, computer science principles, connectivism, constructionism, learning outcomes., motivation, self-determination theory, self-directed learning},
}

@article{Cain:2017:BMT:3084179.3084184,
 author = {Cain, Curtis C. and Trauth, Eileen},
 title = {Black Men in IT: Theorizing an Autoethnography of a Black Man's Journey into IT Within the United States of America},
 journal = {SIGMIS Database},
 issue_date = {May 2017},
 volume = {48},
 number = {2},
 month = apr,
 year = {2017},
 issn = {0095-0033},
 pages = {35--51},
 numpages = {17},
 url = {http://doi.acm.org/10.1145/3084179.3084184},
 doi = {10.1145/3084179.3084184},
 acmid = {3084184},
 publisher = {ACM},
 address = {New York, NY, USA},
 keywords = {autoethnography, careers, ethnicity, individual differences theory of gender and it, information technology},
}

@inproceedings{Dang:2017:DDO:3051457.3051470,
 author = {Dang, Steven and Yudelson, Michael and Koedinger, Kenneth R.},
 title = {Detecting Diligence with Online Behaviors on Intelligent Tutoring Systems},
 booktitle = {Proceedings of the Fourth (2017) ACM Conference on Learning @ Scale},
 series = {L@S '17},
 year = {2017},
 isbn = {978-1-4503-4450-0},
 location = {Cambridge, Massachusetts, USA},
 pages = {51--59},
 numpages = {9},
 url = {http://doi.acm.org/10.1145/3051457.3051470},
 doi = {10.1145/3051457.3051470},
 acmid = {3051470},
 publisher = {ACM},
 address = {New York, NY, USA},
 keywords = {diligence, intelligent tutoring systems, learning analytics, measurement, motivation, noncognitive factors, online behaviors, self-control, self-regulated learning},
}

@inproceedings{Tyren:2018:CTP:3213818.3213829,
 author = {Tyr{\'e}n, Markus and Carlborg, Niklas and Heath, Carl and Eriksson, Eva},
 title = {Considerations and Technical Pitfalls for Teaching Computational Thinking with BBC Micro:Bit},
 booktitle = {Proceedings of the Conference on Creativity and Making in Education},
 series = {FabLearn Europe'18},
 year = {2018},
 isbn = {978-1-4503-5371-7},
 location = {Trondheim, Norway},
 pages = {81--86},
 numpages = {6},
 url = {http://doi.acm.org/10.1145/3213818.3213829},
 doi = {10.1145/3213818.3213829},
 acmid = {3213829},
 publisher = {ACM},
 address = {New York, NY, USA},
 keywords = {BBC micro:bit, computational thinking, programming, school, teaching},
}

@inproceedings{Roberts:2018:PPR:3159450.3159560,
 author = {Roberts, Michele and Prottsman, Kiki and Gray, Jeff},
 title = {Priming the Pump: Reflections on Training K-5 Teachers in Computer Science},
 booktitle = {Proceedings of the 49th ACM Technical Symposium on Computer Science Education},
 series = {SIGCSE '18},
 year = {2018},
 isbn = {978-1-4503-5103-4},
 location = {Baltimore, Maryland, USA},
 pages = {723--728},
 numpages = {6},
 url = {http://doi.acm.org/10.1145/3159450.3159560},
 doi = {10.1145/3159450.3159560},
 acmid = {3159560},
 publisher = {ACM},
 address = {New York, NY, USA},
 keywords = {curriculum and instruction, k-5 computer science, professional development},
}

@article{Rao:2009:CSC:1592761.1592766,
 author = {Rao, Ramana and Linden, Greg},
 title = {Computer Science Curriculum, Deceptive Advertising},
 journal = {Commun. ACM},
 issue_date = {November 2009},
 volume = {52},
 number = {11},
 month = nov,
 year = {2009},
 issn = {0001-0782},
 pages = {10--11},
 numpages = {2},
 url = {http://doi.acm.org/10.1145/1592761.1592766},
 doi = {10.1145/1592761.1592766},
 acmid = {1592766},
 publisher = {ACM},
 address = {New York, NY, USA},
}

@article{Grit:1977:TLB:382063.803362,
 author = {Grit, Dale H. and Georg, Dennis D.},
 title = {A Top-down, Laboratory Based Operating System Course},
 journal = {SIGCSE Bull.},
 issue_date = {Feb 1977},
 volume = {9},
 number = {1},
 month = feb,
 year = {1977},
 issn = {0097-8418},
 pages = {73--76},
 numpages = {4},
 url = {http://doi.acm.org/10.1145/382063.803362},
 doi = {10.1145/382063.803362},
 acmid = {803362},
 publisher = {ACM},
 address = {New York, NY, USA},
}

@inproceedings{Grit:1977:TLB:800104.803362,
 author = {Grit, Dale H. and Georg, Dennis D.},
 title = {A Top-down, Laboratory Based Operating System Course},
 booktitle = {Proceedings of the Seventh SIGCSE Technical Symposium on Computer Science Education},
 series = {SIGCSE '77},
 year = {1977},
 location = {Atlanta, Georgia, USA},
 pages = {73--76},
 numpages = {4},
 url = {http://doi.acm.org/10.1145/800104.803362},
 doi = {10.1145/800104.803362},
 acmid = {803362},
 publisher = {ACM},
 address = {New York, NY, USA},
}

@inproceedings{Milliken:2019:ECS:3304221.3319779,
 author = {Milliken, Alexandra and Cody, Christa and Catete, Veronica and Barnes, Tiffany},
 title = {Effective Computer Science Teacher Professional Development: Beauty and Joy of Computing 2018},
 booktitle = {Proceedings of the 2019 ACM Conference on Innovation and Technology in Computer Science Education},
 series = {ITiCSE '19},
 year = {2019},
 isbn = {978-1-4503-6301-3},
 location = {Aberdeen, Scotland Uk},
 pages = {271--277},
 numpages = {7},
 url = {http://doi.acm.org/10.1145/3304221.3319779},
 doi = {10.1145/3304221.3319779},
 acmid = {3319779},
 publisher = {ACM},
 address = {New York, NY, USA},
 keywords = {computer science principles, k12 education, professional development},
}

@inproceedings{Heintz:2018:CTE:3159450.3159586,
 author = {Heintz, Fredrik and Mannila, Linda},
 title = {Computational Thinking for All: An Experience Report on Scaling Up Teaching Computational Thinking to All Students in a Major City in Sweden},
 booktitle = {Proceedings of the 49th ACM Technical Symposium on Computer Science Education},
 series = {SIGCSE '18},
 year = {2018},
 isbn = {978-1-4503-5103-4},
 location = {Baltimore, Maryland, USA},
 pages = {137--142},
 numpages = {6},
 url = {http://doi.acm.org/10.1145/3159450.3159586},
 doi = {10.1145/3159450.3159586},
 acmid = {3159586},
 publisher = {ACM},
 address = {New York, NY, USA},
 keywords = {computational thinking, digital competence, k-9 education, programming, teacher professional development},
}

@article{Mody:1991:CES:126459.126471,
 author = {Mody, R. P.},
 title = {C in Education and Software Engineering},
 journal = {SIGCSE Bull.},
 issue_date = {Sept. 1991},
 volume = {23},
 number = {3},
 month = sep,
 year = {1991},
 issn = {0097-8418},
 pages = {45--56},
 numpages = {12},
 url = {http://doi.acm.org/10.1145/126459.126471},
 doi = {10.1145/126459.126471},
 acmid = {126471},
 publisher = {ACM},
 address = {New York, NY, USA},
}

@inproceedings{Lodi:2019:SCA:3304221.3319750,
 author = {Lodi, Michael},
 title = {Does Studying CS Automatically Foster a Growth Mindset?},
 booktitle = {Proceedings of the 2019 ACM Conference on Innovation and Technology in Computer Science Education},
 series = {ITiCSE '19},
 year = {2019},
 isbn = {978-1-4503-6301-3},
 location = {Aberdeen, Scotland Uk},
 pages = {147--153},
 numpages = {7},
 url = {http://doi.acm.org/10.1145/3304221.3319750},
 doi = {10.1145/3304221.3319750},
 acmid = {3319750},
 publisher = {ACM},
 address = {New York, NY, USA},
 keywords = {computer science mindset, growth mindset, high school, transfer},
}

@inproceedings{Piety:2014:EDS:2567574.2567582,
 author = {Piety, Philip J. and Hickey, Daniel T. and Bishop, M. J.},
 title = {Educational Data Sciences: Framing Emergent Practices for Analytics of Learning, Organizations, and Systems},
 booktitle = {Proceedings of the Fourth International Conference on Learning Analytics And Knowledge},
 series = {LAK '14},
 year = {2014},
 isbn = {978-1-4503-2664-3},
 location = {Indianapolis, Indiana, USA},
 pages = {193--202},
 numpages = {10},
 url = {http://doi.acm.org/10.1145/2567574.2567582},
 doi = {10.1145/2567574.2567582},
 acmid = {2567582},
 publisher = {ACM},
 address = {New York, NY, USA},
 keywords = {analytic approaches, big data, data-driven decisions, educational data mining, educational data science, learner analytics, learning analytics, methods, theories and theoretical concepts for understanding learning, tools for sense-making in learning analytics},
}

@inproceedings{Dumdumaya:2018:MSP:3209219.3213596,
 author = {Dumdumaya, Cristina E.},
 title = {Modeling Student Persistence in a Learning-By-Teaching Environment},
 booktitle = {Proceedings of the 26th Conference on User Modeling, Adaptation and Personalization},
 series = {UMAP '18},
 year = {2018},
 isbn = {978-1-4503-5589-6},
 location = {Singapore, Singapore},
 pages = {349--352},
 numpages = {4},
 url = {http://doi.acm.org/10.1145/3209219.3213596},
 doi = {10.1145/3209219.3213596},
 acmid = {3213596},
 publisher = {ACM},
 address = {New York, NY, USA},
 keywords = {intelligent, machine learning, persistence, simstudent, student modeling, tutoring system},
}

@inproceedings{Allen:2017:WYS:3027385.3027445,
 author = {Allen, Laura K. and Perret, Cecile and Likens, Aaron and McNamara, Danielle S.},
 title = {What'D You Say Again?: Recurrence Quantification Analysis As a Method for Analyzing the Dynamics of Discourse in a Reading Strategy Tutor},
 booktitle = {Proceedings of the Seventh International Learning Analytics \&\#38; Knowledge Conference},
 series = {LAK '17},
 year = {2017},
 isbn = {978-1-4503-4870-6},
 location = {Vancouver, British Columbia, Canada},
 pages = {373--382},
 numpages = {10},
 url = {http://doi.acm.org/10.1145/3027385.3027445},
 doi = {10.1145/3027385.3027445},
 acmid = {3027445},
 publisher = {ACM},
 address = {New York, NY, USA},
 keywords = {corpus linguistics, dynamics, intelligent tutoring systems, natural language processing, reading, stealth assessment},
}

@inproceedings{McLoughlin:1996:TFP:236452.236530,
 author = {McLoughlin, Henry and Hely, Kevin},
 title = {Teaching Formal Programming to First Year Computer Science Students},
 booktitle = {Proceedings of the Twenty-seventh SIGCSE Technical Symposium on Computer Science Education},
 series = {SIGCSE '96},
 year = {1996},
 isbn = {0-89791-757-X},
 location = {Philadelphia, Pennsylvania, USA},
 pages = {155--159},
 numpages = {5},
 url = {http://doi.acm.org/10.1145/236452.236530},
 doi = {10.1145/236452.236530},
 acmid = {236530},
 publisher = {ACM},
 address = {New York, NY, USA},
}

@article{McLoughlin:1996:TFP:236462.236530,
 author = {McLoughlin, Henry and Hely, Kevin},
 title = {Teaching Formal Programming to First Year Computer Science Students},
 journal = {SIGCSE Bull.},
 issue_date = {March 1996},
 volume = {28},
 number = {1},
 month = mar,
 year = {1996},
 issn = {0097-8418},
 pages = {155--159},
 numpages = {5},
 url = {http://doi.acm.org/10.1145/236462.236530},
 doi = {10.1145/236462.236530},
 acmid = {236530},
 publisher = {ACM},
 address = {New York, NY, USA},
}

@inproceedings{Carbone:2016:PUI:2843043.2843345,
 author = {Carbone, Angela and Hamilton, Margaret},
 title = {Pizza with University ICT Students: What Do Students' Expect Employers Want from Them?},
 booktitle = {Proceedings of the Australasian Computer Science Week Multiconference},
 series = {ACSW '16},
 year = {2016},
 isbn = {978-1-4503-4042-7},
 location = {Canberra, Australia},
 pages = {12:1--12:9},
 articleno = {12},
 numpages = {9},
 url = {http://doi.acm.org/10.1145/2843043.2843345},
 doi = {10.1145/2843043.2843345},
 acmid = {2843345},
 publisher = {ACM},
 address = {New York, NY, USA},
 keywords = {ICT graduate employability, computer science education},
}

@inproceedings{Botelho:2019:RTC:3303772.3303806,
 author = {Botelho, Anthony F. and Varatharaj, Ashvini and Inwegen, Eric G. Van and Heffernan, Neil T.},
 title = {Refusing to Try: Characterizing Early Stopout on Student Assignments},
 booktitle = {Proceedings of the 9th International Conference on Learning Analytics \& Knowledge},
 series = {LAK19},
 year = {2019},
 isbn = {978-1-4503-6256-6},
 location = {Tempe, AZ, USA},
 pages = {391--400},
 numpages = {10},
 url = {http://doi.acm.org/10.1145/3303772.3303806},
 doi = {10.1145/3303772.3303806},
 acmid = {3303806},
 publisher = {ACM},
 address = {New York, NY, USA},
 keywords = {Dropout, Persistence, Refusal, Stopout, Student Attrition},
}

@inproceedings{Peddycord-Liu:2019:FST:3290605.3300658,
 author = {Peddycord-Liu, Zhongxiu and Catet{\'e}, Veronica and Vandenberg, Jessica and Barnes, Tiffany and Lynch, Collin F. and Rutherford, Teomara},
 title = {A Field Study of Teachers Using a Curriculum-integrated Digital Game},
 booktitle = {Proceedings of the 2019 CHI Conference on Human Factors in Computing Systems},
 series = {CHI '19},
 year = {2019},
 isbn = {978-1-4503-5970-2},
 location = {Glasgow, Scotland Uk},
 pages = {428:1--428:12},
 articleno = {428},
 numpages = {12},
 url = {http://doi.acm.org/10.1145/3290605.3300658},
 doi = {10.1145/3290605.3300658},
 acmid = {3300658},
 publisher = {ACM},
 address = {New York, NY, USA},
 keywords = {classroom integration, educational games, k12, teachers},
}

@article{Magerko:2016:ESA:2954340.2886418,
 author = {Magerko, Brian and Freeman, Jason and Mcklin, Tom and Reilly, Mike and Livingston, Elise and Mccoid, Scott and Crews-Brown, Andrea},
 title = {EarSketch: A STEAM-Based Approach for Underrepresented Populations in High School Computer Science Education},
 journal = {Trans. Comput. Educ.},
 issue_date = {October 2016},
 volume = {16},
 number = {4},
 month = sep,
 year = {2016},
 issn = {1946-6226},
 pages = {14:1--14:25},
 articleno = {14},
 numpages = {25},
 url = {http://doi.acm.org/10.1145/2886418},
 doi = {10.1145/2886418},
 acmid = {2886418},
 publisher = {ACM},
 address = {New York, NY, USA},
 keywords = {Music remixing, STEAM education, computer science principles},
}

@inproceedings{Jelen:2019:UAR:3287324.3287501,
 author = {Jelen, Ben and Dunbar, Julia and Monsey, Susan and Richards, Olivia K. and Siek, Katie A.},
 title = {Utilizing the Affinity Research Group Model in a Summer Research Experience for Undergraduates Program},
 booktitle = {Proceedings of the 50th ACM Technical Symposium on Computer Science Education},
 series = {SIGCSE '19},
 year = {2019},
 isbn = {978-1-4503-5890-3},
 location = {Minneapolis, MN, USA},
 pages = {990--996},
 numpages = {7},
 url = {http://doi.acm.org/10.1145/3287324.3287501},
 doi = {10.1145/3287324.3287501},
 acmid = {3287501},
 publisher = {ACM},
 address = {New York, NY, USA},
 keywords = {affinity research group (arg) model, mentoring, research experience for undergraduates (reu)},
}

@inproceedings{Shub:1987:DFO:31820.31761,
 author = {Shub, Charles M.},
 title = {The Decline and Fall of Operating Systems I},
 booktitle = {Proceedings of the Eighteenth SIGCSE Technical Symposium on Computer Science Education},
 series = {SIGCSE '87},
 year = {1987},
 isbn = {0-89791-217-9},
 location = {St. Louis, Missouri, USA},
 pages = {217--220},
 numpages = {4},
 url = {http://doi.acm.org/10.1145/31820.31761},
 doi = {10.1145/31820.31761},
 acmid = {31761},
 publisher = {ACM},
 address = {New York, NY, USA},
}

@article{Shub:1987:DFO:31726.31761,
 author = {Shub, Charles M.},
 title = {The Decline and Fall of Operating Systems I},
 journal = {SIGCSE Bull.},
 issue_date = {Feb. 1987},
 volume = {19},
 number = {1},
 month = feb,
 year = {1987},
 issn = {0097-8418},
 pages = {217--220},
 numpages = {4},
 url = {http://doi.acm.org/10.1145/31726.31761},
 doi = {10.1145/31726.31761},
 acmid = {31761},
 publisher = {ACM},
 address = {New York, NY, USA},
}

@article{Scanlan:2015:PIS:2752628.2752643,
 author = {Scanlan, David A.},
 title = {Privacy Issues: Systems About Which Our Students Need to Know},
 journal = {J. Comput. Sci. Coll.},
 issue_date = {April 2015},
 volume = {30},
 number = {4},
 month = apr,
 year = {2015},
 issn = {1937-4771},
 pages = {65--73},
 numpages = {9},
 url = {http://dl.acm.org/citation.cfm?id=2752628.2752643},
 acmid = {2752643},
 publisher = {Consortium for Computing Sciences in Colleges},
 address = {USA},
}

@inproceedings{Wadkins:1995:RPP:199688.199834,
 author = {Wadkins, J. R. Jefferson},
 title = {Rigorous Proofs of Program Correctness Without Formal Logic},
 booktitle = {Proceedings of the Twenty-sixth SIGCSE Technical Symposium on Computer Science Education},
 series = {SIGCSE '95},
 year = {1995},
 isbn = {0-89791-693-X},
 location = {Nashville, Tennessee, USA},
 pages = {307--311},
 numpages = {5},
 url = {http://doi.acm.org/10.1145/199688.199834},
 doi = {10.1145/199688.199834},
 acmid = {199834},
 publisher = {ACM},
 address = {New York, NY, USA},
}

@article{Wadkins:1995:RPP:199691.199834,
 author = {Wadkins, J. R. Jefferson},
 title = {Rigorous Proofs of Program Correctness Without Formal Logic},
 journal = {SIGCSE Bull.},
 issue_date = {March 1995},
 volume = {27},
 number = {1},
 month = mar,
 year = {1995},
 issn = {0097-8418},
 pages = {307--311},
 numpages = {5},
 url = {http://doi.acm.org/10.1145/199691.199834},
 doi = {10.1145/199691.199834},
 acmid = {199834},
 publisher = {ACM},
 address = {New York, NY, USA},
}

@inproceedings{Albrecht:2009:BBS:1508865.1508903,
 author = {Albrecht, Jeannie R.},
 title = {Bringing Big Systems to Small Schools: Distributed Systems for Undergraduates},
 booktitle = {Proceedings of the 40th ACM Technical Symposium on Computer Science Education},
 series = {SIGCSE '09},
 year = {2009},
 isbn = {978-1-60558-183-5},
 location = {Chattanooga, TN, USA},
 pages = {101--105},
 numpages = {5},
 url = {http://doi.acm.org/10.1145/1508865.1508903},
 doi = {10.1145/1508865.1508903},
 acmid = {1508903},
 publisher = {ACM},
 address = {New York, NY, USA},
 keywords = {distributed systems, planetlab, undergraduate education},
}

@article{Albrecht:2009:BBS:1539024.1508903,
 author = {Albrecht, Jeannie R.},
 title = {Bringing Big Systems to Small Schools: Distributed Systems for Undergraduates},
 journal = {SIGCSE Bull.},
 issue_date = {March 2009},
 volume = {41},
 number = {1},
 month = mar,
 year = {2009},
 issn = {0097-8418},
 pages = {101--105},
 numpages = {5},
 url = {http://doi.acm.org/10.1145/1539024.1508903},
 doi = {10.1145/1539024.1508903},
 acmid = {1508903},
 publisher = {ACM},
 address = {New York, NY, USA},
 keywords = {distributed systems, planetlab, undergraduate education},
}

@inproceedings{Brown:2018:LED:3197091.3197127,
 author = {Brown, Laura E. and Feltz, Adam and Wallace, Charles},
 title = {Lab Exercises for a Discrete Structures Course: Exploring Logic and Relational Algebra with Alloy},
 booktitle = {Proceedings of the 23rd Annual ACM Conference on Innovation and Technology in Computer Science Education},
 series = {ITiCSE 2018},
 year = {2018},
 isbn = {978-1-4503-5707-4},
 location = {Larnaca, Cyprus},
 pages = {135--140},
 numpages = {6},
 url = {http://doi.acm.org/10.1145/3197091.3197127},
 doi = {10.1145/3197091.3197127},
 acmid = {3197127},
 publisher = {ACM},
 address = {New York, NY, USA},
 keywords = {Alloy, Computer science education, Discrete structures, Logic programming},
}

@inproceedings{Park:2017:GGM:2909824.3020213,
 author = {Park, Hae Won and Rosenberg-Kima, Rinat and Rosenberg, Maor and Gordon, Goren and Breazeal, Cynthia},
 title = {Growing Growth Mindset with a Social Robot Peer},
 booktitle = {Proceedings of the 2017 ACM/IEEE International Conference on Human-Robot Interaction},
 series = {HRI '17},
 year = {2017},
 isbn = {978-1-4503-4336-7},
 location = {Vienna, Austria},
 pages = {137--145},
 numpages = {9},
 url = {http://doi.acm.org/10.1145/2909824.3020213},
 doi = {10.1145/2909824.3020213},
 acmid = {3020213},
 publisher = {ACM},
 address = {New York, NY, USA},
 keywords = {child-robot interaction, cognitive architecture, early childhood education, grit, mindset, perseverance, social robots},
}

@inproceedings{Hutt:2018:PPC:3170358.3170395,
 author = {Hutt, Stephen and Gardener, Margo and Kamentz, Donald and Duckworth, Angela L. and D'Mello, Sidney K.},
 title = {Prospectively Predicting 4-year College Graduation from Student Applications},
 booktitle = {Proceedings of the 8th International Conference on Learning Analytics and Knowledge},
 series = {LAK '18},
 year = {2018},
 isbn = {978-1-4503-6400-3},
 location = {Sydney, New South Wales, Australia},
 pages = {280--289},
 numpages = {10},
 url = {http://doi.acm.org/10.1145/3170358.3170395},
 doi = {10.1145/3170358.3170395},
 acmid = {3170395},
 publisher = {ACM},
 address = {New York, NY, USA},
 keywords = {college applications, college success, common app, national student clearinghouse, noncognitive factors},
}

@article{Steidley:1985:AAA:323275.323382,
 author = {Steidley, Carl W.},
 title = {An Alternative Approach to Applications Programming},
 journal = {SIGCSE Bull.},
 issue_date = {Mar. 1985},
 volume = {17},
 number = {1},
 month = mar,
 year = {1985},
 issn = {0097-8418},
 pages = {227--232},
 numpages = {6},
 url = {http://doi.acm.org/10.1145/323275.323382},
 doi = {10.1145/323275.323382},
 acmid = {323382},
 publisher = {ACM},
 address = {New York, NY, USA},
}

@inproceedings{Steidley:1985:AAA:323287.323382,
 author = {Steidley, Carl W.},
 title = {An Alternative Approach to Applications Programming},
 booktitle = {Proceedings of the Sixteenth SIGCSE Technical Symposium on Computer Science Education},
 series = {SIGCSE '85},
 year = {1985},
 isbn = {0-89791-152-0},
 location = {New Orleans, Louisiana, USA},
 pages = {227--232},
 numpages = {6},
 url = {http://doi.acm.org/10.1145/323287.323382},
 doi = {10.1145/323287.323382},
 acmid = {323382},
 publisher = {ACM},
 address = {New York, NY, USA},
}

