@inproceedings{Mehlenbacher:2010:SMS:1878450.1878462,
 author = {Mehlenbacher, Brad and McKone, Sarah and Grant, Christine and Bowles, Tuere and Peretti, Steve and Martin, Pamela},
 title = {Social Media for Sustainable Engineering Communication},
 booktitle = {Proceedings of the 28th ACM International Conference on Design of Communication},
 series = {SIGDOC '10},
 year = {2010},
 isbn = {978-1-4503-0403-0},
 location = {S\&\#227;o Carlos, S\&\#227;o Paulo, Brazil},
 pages = {65--72},
 numpages = {8},
 url = {http://doi.acm.org/10.1145/1878450.1878462},
 doi = {10.1145/1878450.1878462},
 acmid = {1878462},
 publisher = {ACM},
 address = {New York, NY, USA},
 keywords = {collaboration, community, social media, social networking applications, user demographics},
}

@inproceedings{Korhonen:2013:RDS:2543882.2543886,
 author = {Korhonen, Ari and Naps, Thomas and Boisvert, Charles and Crescenzi, Pilu and Karavirta, Ville and Mannila, Linda and Miller, Bradley and Morrison, Briana and Rodger, Susan H. and Ross, Rocky and Shaffer, Clifford A.},
 title = {Requirements and Design Strategies for Open Source Interactive Computer Science eBooks},
 booktitle = {Proceedings of the ITiCSE Working Group Reports Conference on Innovation and Technology in Computer Science Education-working Group Reports},
 series = {ITiCSE -WGR '13},
 year = {2013},
 isbn = {978-1-4503-2665-0},
 location = {Canterbury, England, United Kingdom},
 pages = {53--72},
 numpages = {20},
 url = {http://doi.acm.org/10.1145/2543882.2543886},
 doi = {10.1145/2543882.2543886},
 acmid = {2543886},
 publisher = {ACM},
 address = {New York, NY, USA},
 keywords = {algorithm visualization, automated assessment, digital education, hypertext, interactive eBook},
}

@inproceedings{Davis:2014:MCS:2538862.2538960,
 author = {Davis, Don and Yuen, Timothy and Berland, Matthew},
 title = {Multiple Case Study of Nerd Identity in a CS1 Class},
 booktitle = {Proceedings of the 45th ACM Technical Symposium on Computer Science Education},
 series = {SIGCSE '14},
 year = {2014},
 isbn = {978-1-4503-2605-6},
 location = {Atlanta, Georgia, USA},
 pages = {325--330},
 numpages = {6},
 url = {http://doi.acm.org/10.1145/2538862.2538960},
 doi = {10.1145/2538862.2538960},
 acmid = {2538960},
 publisher = {ACM},
 address = {New York, NY, USA},
 keywords = {CS identity, case study, nerd, qualitative},
}

@inproceedings{Peters:2015:ICS:2828959.2835020,
 author = {Peters, Anne-Kathrin},
 title = {Investigating Computing Students' Identity Development},
 booktitle = {Proceedings of the 15th Koli Calling Conference on Computing Education Research},
 series = {Koli Calling '15},
 year = {2015},
 isbn = {978-1-4503-4020-5},
 location = {Koli, Finland},
 pages = {175--176},
 numpages = {2},
 url = {http://doi.acm.org/10.1145/2828959.2835020},
 doi = {10.1145/2828959.2835020},
 acmid = {2835020},
 publisher = {ACM},
 address = {New York, NY, USA},
 keywords = {identity, longitudinal, meaning, participation, student experience},
}

@inproceedings{Rorrer:2018:NSU:3159450.3159510,
 author = {Rorrer, Audrey Smith and Allen, Joseph and Zuo, Huifang},
 title = {A National Study of Undergraduate Research Experiences in Computing: Implications for Culturally Relevant Pedagogy},
 booktitle = {Proceedings of the 49th ACM Technical Symposium on Computer Science Education},
 series = {SIGCSE '18},
 year = {2018},
 isbn = {978-1-4503-5103-4},
 location = {Baltimore, Maryland, USA},
 pages = {604--609},
 numpages = {6},
 url = {http://doi.acm.org/10.1145/3159450.3159510},
 doi = {10.1145/3159450.3159510},
 acmid = {3159510},
 publisher = {ACM},
 address = {New York, NY, USA},
 keywords = {computing education, culturally relevant pedagogy, gender, undergraduate research experiences, underrepresented minority},
}

@inproceedings{Buffum:2015:LNI:2787622.2787734,
 author = {Buffum, Philip Sheridan},
 title = {Leveraging Narrative Interactivity to Foster Computer Science Identities},
 booktitle = {Proceedings of the Eleventh Annual International Conference on International Computing Education Research},
 series = {ICER '15},
 year = {2015},
 isbn = {978-1-4503-3630-7},
 location = {Omaha, Nebraska, USA},
 pages = {247--248},
 numpages = {2},
 url = {http://doi.acm.org/10.1145/2787622.2787734},
 doi = {10.1145/2787622.2787734},
 acmid = {2787734},
 publisher = {ACM},
 address = {New York, NY, USA},
 keywords = {equity, identity formation, middle school, narrative},
}

@inproceedings{Searle:2015:BNU:2787622.2787724,
 author = {Searle, Kristin A. and Kafai, Yasmin B.},
 title = {Boys' Needlework: Understanding Gendered and Indigenous Perspectives on Computing and Crafting with Electronic Textiles},
 booktitle = {Proceedings of the Eleventh Annual International Conference on International Computing Education Research},
 series = {ICER '15},
 year = {2015},
 isbn = {978-1-4503-3630-7},
 location = {Omaha, Nebraska, USA},
 pages = {31--39},
 numpages = {9},
 url = {http://doi.acm.org/10.1145/2787622.2787724},
 doi = {10.1145/2787622.2787724},
 acmid = {2787724},
 publisher = {ACM},
 address = {New York, NY, USA},
 keywords = {american indian/alaska native, broadening participation in computing, electronic textiles, gender, indigenous peoples, k-12},
}

@inproceedings{Moskal:2017:APE:3105726.3106170,
 author = {Moskal, Adon Christian Michael and Gasson, Joy and Parsons, Dale},
 title = {The 'Art' of Programming: Exploring Student Conceptions of Programming Through the Use of Drawing Methodology},
 booktitle = {Proceedings of the 2017 ACM Conference on International Computing Education Research},
 series = {ICER '17},
 year = {2017},
 isbn = {978-1-4503-4968-0},
 location = {Tacoma, Washington, USA},
 pages = {39--46},
 numpages = {8},
 url = {http://doi.acm.org/10.1145/3105726.3106170},
 doi = {10.1145/3105726.3106170},
 acmid = {3106170},
 publisher = {ACM},
 address = {New York, NY, USA},
 keywords = {drawing methodology, programming education, student affect},
}

@inproceedings{Dziallas:2016:EGT:2960310.2960353,
 author = {Dziallas, Sebastian},
 title = {Examining Graduateness Through Narratives},
 booktitle = {Proceedings of the 2016 ACM Conference on International Computing Education Research},
 series = {ICER '16},
 year = {2016},
 isbn = {978-1-4503-4449-4},
 location = {Melbourne, VIC, Australia},
 pages = {291--292},
 numpages = {2},
 url = {http://doi.acm.org/10.1145/2960310.2960353},
 doi = {10.1145/2960310.2960353},
 acmid = {2960353},
 publisher = {ACM},
 address = {New York, NY, USA},
 keywords = {graduateness, narrative methodology, qualitative research},
}

@inproceedings{Dziallas:2016:AGC:2960310.2960317,
 author = {Dziallas, Sebastian and Fincher, Sally},
 title = {Aspects of Graduateness in Computing Students' Narratives},
 booktitle = {Proceedings of the 2016 ACM Conference on International Computing Education Research},
 series = {ICER '16},
 year = {2016},
 isbn = {978-1-4503-4449-4},
 location = {Melbourne, VIC, Australia},
 pages = {181--190},
 numpages = {10},
 url = {http://doi.acm.org/10.1145/2960310.2960317},
 doi = {10.1145/2960310.2960317},
 acmid = {2960317},
 publisher = {ACM},
 address = {New York, NY, USA},
 keywords = {boundary objects, graduateness, narrative methods, qualitative research, turning points, year in industry},
}

@inproceedings{Szynkiewicz:2019:LTC:3304221.3325597,
 author = {Szynkiewicz, Justyna},
 title = {Learning Through Construction's Influence on IT Students' Identity Formation},
 booktitle = {Proceedings of the 2019 ACM Conference on Innovation and Technology in Computer Science Education},
 series = {ITiCSE '19},
 year = {2019},
 isbn = {978-1-4503-6301-3},
 location = {Aberdeen, Scotland Uk},
 pages = {348--349},
 numpages = {2},
 url = {http://doi.acm.org/10.1145/3304221.3325597},
 doi = {10.1145/3304221.3325597},
 acmid = {3325597},
 publisher = {ACM},
 address = {New York, NY, USA},
 keywords = {active learning, it identity, computer science education, learning through construction},
}

@inproceedings{Chu:2017:PMO:3141798.3141803,
 author = {Chu, Sharon Lynn and Quek, Francis and Bhangaonkar, Sourabh and Berman, Alexander},
 title = {Physical Making Online: A Study of Children's Maker Websites},
 booktitle = {Proceedings of the 7th Annual Conference on Creativity and Fabrication in Education},
 series = {FabLearn '17},
 year = {2017},
 isbn = {978-1-4503-6349-5},
 location = {Stanford, CA, USA},
 pages = {4:1--4:8},
 articleno = {4},
 numpages = {8},
 url = {http://doi.acm.org/10.1145/3141798.3141803},
 doi = {10.1145/3141798.3141803},
 acmid = {3141803},
 publisher = {ACM},
 address = {New York, NY, USA},
 keywords = {Children, Content analysis, Design, Maker, Making, Mindset, Online community, Self-identity, Websites},
}

@inproceedings{Rountree:2009:IRT:1862712.1862733,
 author = {Rountree, Janet and Rountree, Nathan},
 title = {Issues Regarding Threshold Concepts in Computer Science},
 booktitle = {Proceedings of the Eleventh Australasian Conference on Computing Education - Volume 95},
 series = {ACE '09},
 year = {2009},
 isbn = {978-1-920682-76-7},
 location = {Wellington, New Zealand},
 pages = {139--146},
 numpages = {8},
 url = {http://dl.acm.org/citation.cfm?id=1862712.1862733},
 acmid = {1862733},
 publisher = {Australian Computer Society, Inc.},
 address = {Darlinghurst, Australia, Australia},
 keywords = {computer science education, liminal space, threshold concepts},
}

@article{Head:2008:PUA:1352322.1352183,
 author = {Head, Christopher C. D. and Wolfman, Steven A.},
 title = {Poogle and the Unknown-answer Assignment: Open-ended, Sharable Cs1 Assignments},
 journal = {SIGCSE Bull.},
 issue_date = {March 2008},
 volume = {40},
 number = {1},
 month = mar,
 year = {2008},
 issn = {0097-8418},
 pages = {133--137},
 numpages = {5},
 url = {http://doi.acm.org/10.1145/1352322.1352183},
 doi = {10.1145/1352322.1352183},
 acmid = {1352183},
 publisher = {ACM},
 address = {New York, NY, USA},
 keywords = {cs1, multi-user, open-ended, poogle, sharable, unknown-answer},
}

@inproceedings{Head:2008:PUA:1352135.1352183,
 author = {Head, Christopher C. D. and Wolfman, Steven A.},
 title = {Poogle and the Unknown-answer Assignment: Open-ended, Sharable Cs1 Assignments},
 booktitle = {Proceedings of the 39th SIGCSE Technical Symposium on Computer Science Education},
 series = {SIGCSE '08},
 year = {2008},
 isbn = {978-1-59593-799-5},
 location = {Portland, OR, USA},
 pages = {133--137},
 numpages = {5},
 url = {http://doi.acm.org/10.1145/1352135.1352183},
 doi = {10.1145/1352135.1352183},
 acmid = {1352183},
 publisher = {ACM},
 address = {New York, NY, USA},
 keywords = {cs1, multi-user, open-ended, poogle, sharable, unknown-answer},
}

@inproceedings{Dziallas:2017:FLY:3059009.3059049,
 author = {Dziallas, Sebastian and Fincher, Sally and Johnson, Colin G. and Utting, Ian},
 title = {A First Look at the Year in Computing},
 booktitle = {Proceedings of the 2017 ACM Conference on Innovation and Technology in Computer Science Education},
 series = {ITiCSE '17},
 year = {2017},
 isbn = {978-1-4503-4704-4},
 location = {Bologna, Italy},
 pages = {275--280},
 numpages = {6},
 url = {http://doi.acm.org/10.1145/3059009.3059049},
 doi = {10.1145/3059009.3059049},
 acmid = {3059049},
 publisher = {ACM},
 address = {New York, NY, USA},
 keywords = {curriculum, non-majors, qualitative research, student experience},
}

@inproceedings{Buffum:2016:ESC:2839509.2844595,
 author = {Buffum, Philip Sheridan and Frankosky, Megan Hardy and Boyer, Kristy Elizabeth and Wiebe, Eric N. and Mott, Bradford W. and Lester, James C.},
 title = {Empowering All Students: Closing the CS Confidence Gap with an In-School Initiative for Middle School Students},
 booktitle = {Proceedings of the 47th ACM Technical Symposium on Computing Science Education},
 series = {SIGCSE '16},
 year = {2016},
 isbn = {978-1-4503-3685-7},
 location = {Memphis, Tennessee, USA},
 pages = {382--387},
 numpages = {6},
 url = {http://doi.acm.org/10.1145/2839509.2844595},
 doi = {10.1145/2839509.2844595},
 acmid = {2844595},
 publisher = {ACM},
 address = {New York, NY, USA},
 keywords = {broadening participation, in-school outreach, middle school},
}

@inproceedings{Kapoor:2019:GTC:3304221.3325598,
 author = {Kapoor, Amanpreet},
 title = {A Grounded Theory of Computing Professional Identity Formation},
 booktitle = {Proceedings of the 2019 ACM Conference on Innovation and Technology in Computer Science Education},
 series = {ITiCSE '19},
 year = {2019},
 isbn = {978-1-4503-6301-3},
 location = {Aberdeen, Scotland Uk},
 pages = {334--335},
 numpages = {2},
 url = {http://doi.acm.org/10.1145/3304221.3325598},
 doi = {10.1145/3304221.3325598},
 acmid = {3325598},
 publisher = {ACM},
 address = {New York, NY, USA},
 keywords = {computing professional identity, grounded theory, identity},
}

@inproceedings{Parker:2017:SPI:3105726.3105737,
 author = {Parker, Rick},
 title = {Studying Professional Identity in Software Engineering},
 booktitle = {Proceedings of the 2017 ACM Conference on International Computing Education Research},
 series = {ICER '17},
 year = {2017},
 isbn = {978-1-4503-4968-0},
 location = {Tacoma, Washington, USA},
 pages = {283--284},
 numpages = {2},
 url = {http://doi.acm.org/10.1145/3105726.3105737},
 doi = {10.1145/3105726.3105737},
 acmid = {3105737},
 publisher = {ACM},
 address = {New York, NY, USA},
 keywords = {capstone, communities of practice, concerns-based adoption, professional identity},
}

@inproceedings{Craig:2013:IGS:2445196.2445328,
 author = {Craig, Annemieke and Coldwell-Neilson, Jo and Beekhuyzen, Jenine},
 title = {Are IT Interventions for Girls a Special Case?},
 booktitle = {Proceeding of the 44th ACM Technical Symposium on Computer Science Education},
 series = {SIGCSE '13},
 year = {2013},
 isbn = {978-1-4503-1868-6},
 location = {Denver, Colorado, USA},
 pages = {451--456},
 numpages = {6},
 url = {http://doi.acm.org/10.1145/2445196.2445328},
 doi = {10.1145/2445196.2445328},
 acmid = {2445328},
 publisher = {ACM},
 address = {New York, NY, USA},
 keywords = {K-12 education, gender and diversity, girls and it, intervention, outreach programs},
}

@inproceedings{Clarke-Midura:2018:NPM:3159450.3159525,
 author = {Clarke-Midura, Jody and Poole, Frederick and Pantic, Katarina and Hamilton, Megan and Sun, Chongning and Allan, Vicki},
 title = {How Near Peer Mentoring Affects Middle School Mentees},
 booktitle = {Proceedings of the 49th ACM Technical Symposium on Computer Science Education},
 series = {SIGCSE '18},
 year = {2018},
 isbn = {978-1-4503-5103-4},
 location = {Baltimore, Maryland, USA},
 pages = {664--669},
 numpages = {6},
 url = {http://doi.acm.org/10.1145/3159450.3159525},
 doi = {10.1145/3159450.3159525},
 acmid = {3159525},
 publisher = {ACM},
 address = {New York, NY, USA},
 keywords = {app inventor, middle school youth, near-peer mentors},
}

@inproceedings{Kapoor:2019:UCU:3304221.3319764,
 author = {Kapoor, Amanpreet and Gardner-McCune, Christina},
 title = {Understanding CS Undergraduate Students' Professional Identity Through the Lens of Their Professional Development},
 booktitle = {Proceedings of the 2019 ACM Conference on Innovation and Technology in Computer Science Education},
 series = {ITiCSE '19},
 year = {2019},
 isbn = {978-1-4503-6301-3},
 location = {Aberdeen, Scotland Uk},
 pages = {9--15},
 numpages = {7},
 url = {http://doi.acm.org/10.1145/3304221.3319764},
 doi = {10.1145/3304221.3319764},
 acmid = {3319764},
 publisher = {ACM},
 address = {New York, NY, USA},
 keywords = {career choices, identity, professional development, professional identity},
}

@inproceedings{Ying:2019:OWG:3287324.3287380,
 author = {Ying, Kimberly Michelle and Pezzullo, Lydia G. and Ahmed, Mohona and Crompton, Kassandra and Blanchard, Jeremiah and Boyer, Kristy Elizabeth},
 title = {In Their Own Words: Gender Differences in Student Perceptions of Pair Programming},
 booktitle = {Proceedings of the 50th ACM Technical Symposium on Computer Science Education},
 series = {SIGCSE '19},
 year = {2019},
 isbn = {978-1-4503-5890-3},
 location = {Minneapolis, MN, USA},
 pages = {1053--1059},
 numpages = {7},
 url = {http://doi.acm.org/10.1145/3287324.3287380},
 doi = {10.1145/3287324.3287380},
 acmid = {3287380},
 publisher = {ACM},
 address = {New York, NY, USA},
 keywords = {gender, pair programming, undergraduate education},
}

@inproceedings{Carlone:2008:SSI:1599936.1600020,
 author = {Carlone, Heidi and Cook, Melissa and Wong, Jacqueline and Sandoval, William A. and Barton, Angela Calabrese and Tan, Edna and Brickhouse, Nancy},
 title = {Seeing and Supporting Identity Development in Science Education},
 booktitle = {Proceedings of the 8th International Conference on International Conference for the Learning Sciences - Volume 3},
 series = {ICLS'08},
 year = {2008},
 location = {Utrecht, The Netherlands},
 pages = {214--220},
 numpages = {7},
 url = {http://dl.acm.org/citation.cfm?id=1599936.1600020},
 acmid = {1600020},
 publisher = {International Society of the Learning Sciences},
}

@article{RoBling:2008:ELM:1473195.1473239,
 author = {R\"{o}\ssling, Guido and Joy, Mike and Moreno, Andr{\'e}s and Radenski, Atanas and Malmi, Lauri and Kerren, Andreas and Naps, Thomas and Ross, Rockford J. and Clancy, Michael and Korhonen, Ari and Oechsle, Rainer and Iturbide, J. \'{A}ngel Vel\'{a}zquez},
 title = {Enhancing Learning Management Systems to Better Support Computer Science Education},
 journal = {SIGCSE Bull.},
 issue_date = {December 2008},
 volume = {40},
 number = {4},
 month = nov,
 year = {2008},
 issn = {0097-8418},
 pages = {142--166},
 numpages = {25},
 url = {http://doi.acm.org/10.1145/1473195.1473239},
 doi = {10.1145/1473195.1473239},
 acmid = {1473239},
 publisher = {ACM},
 address = {New York, NY, USA},
 keywords = {CALMS, LMS, computer science education, computing augmented learning management system, learning management system},
}

@inproceedings{Ferguson:2013:ELA:2460296.2460313,
 author = {Ferguson, Rebecca and Wei, Zhongyu and He, Yulan and Buckingham Shum, Simon},
 title = {An Evaluation of Learning Analytics to Identify Exploratory Dialogue in Online Discussions},
 booktitle = {Proceedings of the Third International Conference on Learning Analytics and Knowledge},
 series = {LAK '13},
 year = {2013},
 isbn = {978-1-4503-1785-6},
 location = {Leuven, Belgium},
 pages = {85--93},
 numpages = {9},
 url = {http://doi.acm.org/10.1145/2460296.2460313},
 doi = {10.1145/2460296.2460313},
 acmid = {2460313},
 publisher = {ACM},
 address = {New York, NY, USA},
 keywords = {<i>k</i>-nearest neighbour, MaxEnt, SocialLearn, computational linguistics, cue-phrase matching, discourse analytics, educational assessment, educational dialogue, exploratory dialogue, learning analytics, self-training framework, social learning, social learning analytics, synchronous dialogue},
}

@inproceedings{Blikstein:2013:MMF:2485760.2485884,
 author = {Blikstein, Paulo and Krannich, Dennis},
 title = {The Makers' Movement and FabLabs in Education: Experiences, Technologies, and Research},
 booktitle = {Proceedings of the 12th International Conference on Interaction Design and Children},
 series = {IDC '13},
 year = {2013},
 isbn = {978-1-4503-1918-8},
 location = {New York, New York, USA},
 pages = {613--616},
 numpages = {4},
 url = {http://doi.acm.org/10.1145/2485760.2485884},
 doi = {10.1145/2485760.2485884},
 acmid = {2485884},
 publisher = {ACM},
 address = {New York, NY, USA},
 keywords = {FabLabs, constructionism, digital fabrication, education, making},
}

@inproceedings{Taylor:2009:PVP:1508865.1509038,
 author = {Taylor, David Scot and Lurie, Andrei F. and Horstmenn, Cay S. and Johnson, Menko B. and Sharma, Sean K. and Yin, Edward C.},
 title = {Predictive vs. Passive Animation Learning Tools},
 booktitle = {Proceedings of the 40th ACM Technical Symposium on Computer Science Education},
 series = {SIGCSE '09},
 year = {2009},
 isbn = {978-1-60558-183-5},
 location = {Chattanooga, TN, USA},
 pages = {494--498},
 numpages = {5},
 url = {http://doi.acm.org/10.1145/1508865.1509038},
 doi = {10.1145/1508865.1509038},
 acmid = {1509038},
 publisher = {ACM},
 address = {New York, NY, USA},
 keywords = {active learning, animations, research study},
}

@article{Taylor:2009:PVP:1539024.1509038,
 author = {Taylor, David Scot and Lurie, Andrei F. and Horstmenn, Cay S. and Johnson, Menko B. and Sharma, Sean K. and Yin, Edward C.},
 title = {Predictive vs. Passive Animation Learning Tools},
 journal = {SIGCSE Bull.},
 issue_date = {March 2009},
 volume = {41},
 number = {1},
 month = mar,
 year = {2009},
 issn = {0097-8418},
 pages = {494--498},
 numpages = {5},
 url = {http://doi.acm.org/10.1145/1539024.1509038},
 doi = {10.1145/1539024.1509038},
 acmid = {1509038},
 publisher = {ACM},
 address = {New York, NY, USA},
 keywords = {active learning, animations, research study},
}

@inproceedings{McBeath:2017:MGB:3078072.3079721,
 author = {McBeath, Jasmine K. and Dur\'{a}n, Richard P. and Harlow, Danielle B.},
 title = {Not My Gumdrop Buttons!: Youth Tool Use in Designing an Electronic Shrek-themed Bean Bag Toss},
 booktitle = {Proceedings of the 2017 Conference on Interaction Design and Children},
 series = {IDC '17},
 year = {2017},
 isbn = {978-1-4503-4921-5},
 location = {Stanford, California, USA},
 pages = {61--72},
 numpages = {12},
 url = {http://doi.acm.org/10.1145/3078072.3079721},
 doi = {10.1145/3078072.3079721},
 acmid = {3079721},
 publisher = {ACM},
 address = {New York, NY, USA},
 keywords = {Latino, art, craft, cultural historical activity theory, design-based research, digital fabrication, engineering education, gender, girls in stem, making, technology, tool use},
}

@inproceedings{Sinclair:2015:ESF:2828959.2828979,
 author = {Sinclair, Jane and Kalvala, Sara},
 title = {Exploring Societal Factors Affecting the Experience and Engagement of First Year Female Computer Science Undergraduates},
 booktitle = {Proceedings of the 15th Koli Calling Conference on Computing Education Research},
 series = {Koli Calling '15},
 year = {2015},
 isbn = {978-1-4503-4020-5},
 location = {Koli, Finland},
 pages = {107--116},
 numpages = {10},
 url = {http://doi.acm.org/10.1145/2828959.2828979},
 doi = {10.1145/2828959.2828979},
 acmid = {2828979},
 publisher = {ACM},
 address = {New York, NY, USA},
 keywords = {computer science education, gender diversity, student engagement, student expectation},
}

@inproceedings{Wise:2019:TCN:3303772.3303840,
 author = {Wise, Alyssa Friend and Cui, Yi},
 title = {Top Concept Networks of Professional Education Reflections},
 booktitle = {Proceedings of the 9th International Conference on Learning Analytics \& Knowledge},
 series = {LAK19},
 year = {2019},
 isbn = {978-1-4503-6256-6},
 location = {Tempe, AZ, USA},
 pages = {260--264},
 numpages = {5},
 url = {http://doi.acm.org/10.1145/3303772.3303840},
 doi = {10.1145/3303772.3303840},
 acmid = {3303840},
 publisher = {ACM},
 address = {New York, NY, USA},
 keywords = {Reflection, concept network, professional education},
}

@inproceedings{Weibert:2016:LCC:2957276.2957306,
 author = {Weibert, Anne and Sprenger, Mary-Ann and Randall, Dave and Wulf, Volker},
 title = {Lifecycles of Computer Clubs: Rhythms and Patterns of Collaboration and Learning in an Intercultural Setting},
 booktitle = {Proceedings of the 19th International Conference on Supporting Group Work},
 series = {GROUP '16},
 year = {2016},
 isbn = {978-1-4503-4276-6},
 location = {Sanibel Island, Florida, USA},
 pages = {137--147},
 numpages = {11},
 url = {http://doi.acm.org/10.1145/2957276.2957306},
 doi = {10.1145/2957276.2957306},
 acmid = {2957306},
 publisher = {ACM},
 address = {New York, NY, USA},
 keywords = {children, collaboration, computer club, intercultural, lifecycles},
}

@inproceedings{Wyld:2017:MFW:3141798.3141820,
 author = {Wyld, Jennifer},
 title = {MakerSpaces As Figured Worlds},
 booktitle = {Proceedings of the 7th Annual Conference on Creativity and Fabrication in Education},
 series = {FabLearn '17},
 year = {2017},
 isbn = {978-1-4503-6349-5},
 location = {Stanford, CA, USA},
 pages = {20:1--20:4},
 articleno = {20},
 numpages = {4},
 url = {http://doi.acm.org/10.1145/3141798.3141820},
 doi = {10.1145/3141798.3141820},
 acmid = {3141820},
 publisher = {ACM},
 address = {New York, NY, USA},
 keywords = {Figured worlds, Maker education, adolescence, authoring, game design, identity, positionality},
}

@inproceedings{Kapoor:2019:UCU:3287324.3287408,
 author = {Kapoor, Amanpreet and Gardner-McCune, Christina},
 title = {Understanding CS Undergraduate Students' Professional Development Through the Lens of Internship Experiences},
 booktitle = {Proceedings of the 50th ACM Technical Symposium on Computer Science Education},
 series = {SIGCSE '19},
 year = {2019},
 isbn = {978-1-4503-5890-3},
 location = {Minneapolis, MN, USA},
 pages = {852--858},
 numpages = {7},
 url = {http://doi.acm.org/10.1145/3287324.3287408},
 doi = {10.1145/3287324.3287408},
 acmid = {3287408},
 publisher = {ACM},
 address = {New York, NY, USA},
 keywords = {computing careers, curricula improvement, industry, internship, professional development, retention},
}

@inproceedings{Thayer:2017:BFC:3105726.3106176,
 author = {Thayer, Kyle and Ko, Andrew J.},
 title = {Barriers Faced by Coding Bootcamp Students},
 booktitle = {Proceedings of the 2017 ACM Conference on International Computing Education Research},
 series = {ICER '17},
 year = {2017},
 isbn = {978-1-4503-4968-0},
 location = {Tacoma, Washington, USA},
 pages = {245--253},
 numpages = {9},
 url = {http://doi.acm.org/10.1145/3105726.3106176},
 doi = {10.1145/3105726.3106176},
 acmid = {3106176},
 publisher = {ACM},
 address = {New York, NY, USA},
 keywords = {career change, coding bootcamps, communities of practice, computer science education},
}

@article{Gray:2019:DCG:3314846.3301661,
 author = {Gray, Colin M. and Toombs, Austin L. and Owczarzak, Marlo and Watkins, Christopher},
 title = {Digital Civics Goes Abroad},
 journal = {Interactions},
 issue_date = {March - April 2019},
 volume = {26},
 number = {2},
 month = feb,
 year = {2019},
 issn = {1072-5520},
 pages = {74--77},
 numpages = {4},
 url = {http://doi.acm.org/10.1145/3301661},
 doi = {10.1145/3301661},
 acmid = {3301661},
 publisher = {ACM},
 address = {New York, NY, USA},
}

@inproceedings{Ochsner:2015:LLG:2807565.2807709,
 author = {Ochsner, Amanda},
 title = {Lessons Learned With Girls, Games, and Design},
 booktitle = {Proceedings of the Third Conference on GenderIT},
 series = {GenderIT '15},
 year = {2015},
 isbn = {978-1-4503-3596-6},
 location = {Philadelphia, PA, USA},
 pages = {24--31},
 numpages = {8},
 url = {http://doi.acm.org/10.1145/2807565.2807709},
 doi = {10.1145/2807565.2807709},
 acmid = {2807709},
 publisher = {ACM},
 address = {New York, NY, USA},
 keywords = {game design, game design curricula, game industry, gender},
}

@article{Davis:2003:CTS:767598.767623,
 author = {Davis, Sarah},
 title = {Campus Tour Scheduler},
 journal = {J. Comput. Sci. Coll.},
 issue_date = {April 2003},
 volume = {18},
 number = {4},
 month = apr,
 year = {2003},
 issn = {1937-4771},
 pages = {146--152},
 numpages = {7},
 url = {http://dl.acm.org/citation.cfm?id=767598.767623},
 acmid = {767623},
 publisher = {Consortium for Computing Sciences in Colleges},
 address = {USA},
}

@inproceedings{Suzuki:1997:IFP:1599773.1599808,
 author = {Suzuki, Hideyuki and Kato, Hiroshi},
 title = {Identity Formation/Transformation As the Process of Collaborative Learning Through AlgoArena},
 booktitle = {Proceedings of the 2Nd International Conference on Computer Support for Collaborative Learning},
 series = {CSCL '97},
 year = {1997},
 location = {Toronto, Ontario, Canada},
 pages = {283--291},
 numpages = {9},
 url = {http://dl.acm.org/citation.cfm?id=1599773.1599808},
 acmid = {1599808},
 publisher = {International Society of the Learning Sciences},
 keywords = {identity, interaction analysis, situated learning, software education},
}

@inproceedings{Velghe:2013:LAI:2516604.2516615,
 author = {Velghe, Fie},
 title = {Literacy Acquisition, Informal Learning and Mobile Phones in a South African Township},
 booktitle = {Proceedings of the Sixth International Conference on Information and Communication Technologies and Development: Full Papers - Volume 1},
 series = {ICTD '13},
 year = {2013},
 isbn = {978-1-4503-1906-5},
 location = {Cape Town, South Africa},
 pages = {89--99},
 numpages = {11},
 url = {http://doi.acm.org/10.1145/2516604.2516615},
 doi = {10.1145/2516604.2516615},
 acmid = {2516615},
 publisher = {ACM},
 address = {New York, NY, USA},
 keywords = {South Africa, communities of practice, informal learning, literacy acquisition, mobile phones, voice},
}

@inproceedings{Patrickson:2017:MCC:3136907.3136917,
 author = {Patrickson, Bronwin},
 title = {Mobilising the Civic Curriculum},
 booktitle = {Proceedings of the 16th World Conference on Mobile and Contextual Learning},
 series = {mLearn 2017},
 year = {2017},
 isbn = {978-1-4503-5255-0},
 location = {Larnaca, Cyprus},
 pages = {3:1--3:4},
 articleno = {3},
 numpages = {4},
 url = {http://doi.acm.org/10.1145/3136907.3136917},
 doi = {10.1145/3136907.3136917},
 acmid = {3136917},
 publisher = {ACM},
 address = {New York, NY, USA},
 keywords = {Civic curriculum, citizenship, civic engagement, mobile learning},
}

@article{Rambally:1986:ICP:953055.5702,
 author = {Rambally, Gerard K.},
 title = {The Influence of Color on Program Readability and Comprehensibility},
 journal = {SIGCSE Bull.},
 issue_date = {February 1986},
 volume = {18},
 number = {1},
 month = feb,
 year = {1986},
 issn = {0097-8418},
 pages = {173--181},
 numpages = {9},
 url = {http://doi.acm.org/10.1145/953055.5702},
 doi = {10.1145/953055.5702},
 acmid = {5702},
 publisher = {ACM},
 address = {New York, NY, USA},
}

@inproceedings{Rambally:1986:ICP:5600.5702,
 author = {Rambally, Gerard K.},
 title = {The Influence of Color on Program Readability and Comprehensibility},
 booktitle = {Proceedings of the Seventeenth SIGCSE Technical Symposium on Computer Science Education},
 series = {SIGCSE '86},
 year = {1986},
 isbn = {0-89791-178-4},
 location = {Cincinnati, Ohio, USA},
 pages = {173--181},
 numpages = {9},
 url = {http://doi.acm.org/10.1145/5600.5702},
 doi = {10.1145/5600.5702},
 acmid = {5702},
 publisher = {ACM},
 address = {New York, NY, USA},
}

@inproceedings{Greenhow:2007:UOS:1599600.1599644,
 author = {Greenhow, Christine and Schultz, Kimberly},
 title = {Using Online Social Networks to Support Underrepresented Students' Engagement in Postsecondary Education},
 booktitle = {Proceedings of the 8th Iternational Conference on Computer Supported Collaborative Learning},
 series = {CSCL'07},
 year = {2007},
 isbn = {978-0-6151-5436-7},
 location = {New Brunswick, New Jersey, USA},
 pages = {232--233},
 numpages = {2},
 url = {http://dl.acm.org/citation.cfm?id=1599600.1599644},
 acmid = {1599644},
 publisher = {International Society of the Learning Sciences},
}

@inproceedings{Chen:2007:TCI:1599600.1599622,
 author = {Chen, Der-Thanq Victor and Hung, David Wei Loong},
 title = {Towards a Community Incubator: The ICAP Design Framework for Social Constructivist Educational Designers},
 booktitle = {Proceedings of the 8th Iternational Conference on Computer Supported Collaborative Learning},
 series = {CSCL'07},
 year = {2007},
 isbn = {978-0-6151-5436-7},
 location = {New Brunswick, New Jersey, USA},
 pages = {127--130},
 numpages = {4},
 url = {http://dl.acm.org/citation.cfm?id=1599600.1599622},
 acmid = {1599622},
 publisher = {International Society of the Learning Sciences},
}

@inproceedings{Goldberg:1980:SPP:800088.802813,
 author = {Goldberg, Adele},
 title = {Sharing Problems: Personal Computers As Interpersonal Tools},
 booktitle = {Proceedings of the 3rd ACM SIGSMALL Symposium and the First SIGPC Symposium on Small Systems},
 series = {SIGSMALL '80},
 year = {1980},
 isbn = {0-89791-024-9},
 location = {Palo Alto, California, USA},
 pages = {1--2},
 numpages = {2},
 url = {http://doi.acm.org/10.1145/800088.802813},
 doi = {10.1145/800088.802813},
 acmid = {802813},
 publisher = {ACM},
 address = {New York, NY, USA},
}

@inproceedings{Greenhow:2009:SNE:1600053.1600119,
 author = {Greenhow, Christine},
 title = {Social Networking and Education: Emerging Research Within CSCL},
 booktitle = {Proceedings of the 9th International Conference on Computer Supported Collaborative Learning - Volume 1},
 series = {CSCL'09},
 year = {2009},
 isbn = {978-1-4092-8598-4},
 location = {Rhodes, Greece},
 pages = {454--458},
 numpages = {5},
 url = {http://dl.acm.org/citation.cfm?id=1600053.1600119},
 acmid = {1600119},
 publisher = {International Society of the Learning Sciences},
}

@inproceedings{Peppler:2008:DDC:1599871.1599896,
 author = {Peppler, Kylie A. and Kafai, Yasmin B.},
 title = {Developing a Design Culture in a Computer Clubhouse: The Role of Local Practices and Mediators},
 booktitle = {Proceedings of the 8th International Conference on International Conference for the Learning Sciences - Volume 2},
 series = {ICLS'08},
 year = {2008},
 location = {Utrecht, The Netherlands},
 pages = {196--203},
 numpages = {8},
 url = {http://dl.acm.org/citation.cfm?id=1599871.1599896},
 acmid = {1599896},
 publisher = {International Society of the Learning Sciences},
}

@inproceedings{Kafai:2008:CGD:1599812.1599863,
 author = {Kafai, Yasmin B.},
 title = {Considering Gender in Digital Games: Implications for Serious Game Designs in the Learning Sciences},
 booktitle = {Proceedings of the 8th International Conference on International Conference for the Learning Sciences - Volume 1},
 series = {ICLS'08},
 year = {2008},
 location = {Utrecht, The Netherlands},
 pages = {422--429},
 numpages = {8},
 url = {http://dl.acm.org/citation.cfm?id=1599812.1599863},
 acmid = {1599863},
 publisher = {International Society of the Learning Sciences},
}

@inproceedings{Bennerstedt:2009:SOI:1600053.1600113,
 author = {Bennerstedt, Ulrika and Linderoth, Jonas},
 title = {The Spellbound Ones: Illuminating Everyday Collaborative Gaming Practices in a MMORPG},
 booktitle = {Proceedings of the 9th International Conference on Computer Supported Collaborative Learning - Volume 1},
 series = {CSCL'09},
 year = {2009},
 isbn = {978-1-4092-8598-4},
 location = {Rhodes, Greece},
 pages = {404--413},
 numpages = {10},
 url = {http://dl.acm.org/citation.cfm?id=1600053.1600113},
 acmid = {1600113},
 publisher = {International Society of the Learning Sciences},
}

@inproceedings{Fields:2009:UIA:1599503.1599590,
 author = {Fields, Deborah A.},
 title = {Understanding Identities Across Social Spaces},
 booktitle = {Proceedings of the 9th International Conference on Computer Supported Collaborative Learning - Volume 2},
 series = {CSCL'09},
 year = {2009},
 isbn = {978-1-4092-8598-4},
 location = {Rhodes, Greece},
 pages = {249--251},
 numpages = {3},
 url = {http://dl.acm.org/citation.cfm?id=1599503.1599590},
 acmid = {1599590},
 publisher = {International Society of the Learning Sciences},
}

