@inproceedings{Dowling:2003:RHT:857097.857108,
 author = {Dowling, Carolyn},
 title = {The Role of the Human Teacher in Learning Environments of the Future},
 booktitle = {Proceedings of the 3.1 and 3.3 Working Groups Conference on International Federation for Information Processing: ICT and the Teacher of the Future - Volume 23},
 series = {CRPIT '03},
 year = {2003},
 isbn = {1-920682-02-3},
 location = {Melbourne, Australia},
 pages = {37--38},
 numpages = {2},
 url = {http://dl.acm.org/citation.cfm?id=857097.857108},
 acmid = {857108},
 publisher = {Australian Computer Society, Inc.},
 address = {Darlinghurst, Australia, Australia},
 keywords = {agent software, learning environments, online learning, role of the teacher},
}

@inproceedings{Davis:2011:LGC:2047594.2047600,
 author = {Davis, Donald and Jabeen, Iffat},
 title = {Learning in the GNU/Linux Community},
 booktitle = {Proceedings of the 2011 Conference on Information Technology Education},
 series = {SIGITE '11},
 year = {2011},
 isbn = {978-1-4503-1017-8},
 location = {West Point, New York, USA},
 pages = {21--26},
 numpages = {6},
 url = {http://doi.acm.org/10.1145/2047594.2047600},
 doi = {10.1145/2047594.2047600},
 acmid = {2047600},
 publisher = {ACM},
 address = {New York, NY, USA},
 keywords = {FOSS, GNU/Linux, legitimate peripheral participation},
}

@article{Unger:1976:IAC:382220.382466,
 author = {Unger, E. A. and Ahmed, N.},
 title = {An Instructionally Acceptable Cost Effective Approach to a General Introductory Course},
 journal = {SIGCSE Bull.},
 issue_date = {June 1976},
 volume = {8},
 number = {2},
 month = jun,
 year = {1976},
 issn = {0097-8418},
 pages = {28--31},
 numpages = {4},
 url = {http://doi.acm.org/10.1145/382220.382466},
 doi = {10.1145/382220.382466},
 acmid = {382466},
 publisher = {ACM},
 address = {New York, NY, USA},
}

@article{Moursund:1976:CSE:952989.803443,
 author = {Moursund, David and Neill, Mike},
 title = {Computer Science for Elementary School Teachers},
 journal = {SIGCSE Bull.},
 issue_date = {February 1976},
 volume = {8},
 number = {1},
 month = feb,
 year = {1976},
 issn = {0097-8418},
 pages = {24--28},
 numpages = {5},
 url = {http://doi.acm.org/10.1145/952989.803443},
 doi = {10.1145/952989.803443},
 acmid = {803443},
 publisher = {ACM},
 address = {New York, NY, USA},
}

@article{Moursund:1976:CSE:953026.803443,
 author = {Moursund, David and Neill, Mike},
 title = {Computer Science for Elementary School Teachers},
 journal = {SIGCUE Outlook},
 issue_date = {February 1976},
 volume = {10},
 number = {SI},
 month = feb,
 year = {1976},
 issn = {0163-5735},
 pages = {24--28},
 numpages = {5},
 url = {http://doi.acm.org/10.1145/953026.803443},
 doi = {10.1145/953026.803443},
 acmid = {803443},
 publisher = {ACM},
 address = {New York, NY, USA},
}

@inproceedings{Moursund:1976:CSE:800107.803443,
 author = {Moursund, David and Neill, Mike},
 title = {Computer Science for Elementary School Teachers},
 booktitle = {Proceedings of the ACM SIGCSE-SIGCUE Technical Symposium on Computer Science and Education},
 series = {SIGCSE '76},
 year = {1976},
 pages = {24--28},
 numpages = {5},
 url = {http://doi.acm.org/10.1145/800107.803443},
 doi = {10.1145/800107.803443},
 acmid = {803443},
 publisher = {ACM},
 address = {New York, NY, USA},
}

@inproceedings{Rutherfoord:2016:TEN:2978192.2978228,
 author = {Rutherfoord, Rebecca and Peltsverger, Svetlana and Li, Lei and Zheng, Guangzhi and Rutherfoord, James},
 title = {Transforming IT Education with No-Cost Learning Materials},
 booktitle = {Proceedings of the 17th Annual Conference on Information Technology Education},
 series = {SIGITE '16},
 year = {2016},
 isbn = {978-1-4503-4452-4},
 location = {Boston, Massachusetts, USA},
 pages = {7--11},
 numpages = {5},
 url = {http://doi.acm.org/10.1145/2978192.2978228},
 doi = {10.1145/2978192.2978228},
 acmid = {2978228},
 publisher = {ACM},
 address = {New York, NY, USA},
 keywords = {database courses, no-cost learning resources, textbook costs},
}

@inproceedings{Barnes:2008:GIM:1463673.1463674,
 author = {Barnes, Tiffany and Powell, Eve and Chaffin, Amanda and Lipford, Heather},
 title = {Game2Learn: Improving the Motivation of CS1 Students},
 booktitle = {Proceedings of the 3rd International Conference on Game Development in Computer Science Education},
 series = {GDCSE '08},
 year = {2008},
 isbn = {978-1-60558-057-9},
 location = {Miami, Florida},
 pages = {1--5},
 numpages = {5},
 url = {http://doi.acm.org/10.1145/1463673.1463674},
 doi = {10.1145/1463673.1463674},
 acmid = {1463674},
 publisher = {ACM},
 address = {New York, NY, USA},
 keywords = {education, evaluation, game development, motivation},
}

@inproceedings{Tortora:2002:MLM:568760.568856,
 author = {Tortora, Genoveffa and Sebillo, Monica and Vitiello, Giuliana and D'Ambrosio, Pietro},
 title = {A Multilevel Learning Management System},
 booktitle = {Proceedings of the 14th International Conference on Software Engineering and Knowledge Engineering},
 series = {SEKE '02},
 year = {2002},
 isbn = {1-58113-556-4},
 location = {Ischia, Italy},
 pages = {541--547},
 numpages = {7},
 url = {http://doi.acm.org/10.1145/568760.568856},
 doi = {10.1145/568760.568856},
 acmid = {568856},
 publisher = {ACM},
 address = {New York, NY, USA},
 keywords = {advanced visual interfaces, authoring environments, learning management systems, multimedia content},
}

@inproceedings{Meng:2019:APC:3318396.3318403,
 author = {Meng, Xiao Long},
 title = {Analysis and Prediction of CET4 Score Based on RNN},
 booktitle = {Proceedings of the 2019 8th International Conference on Educational and Information Technology},
 series = {ICEIT 2019},
 year = {2019},
 isbn = {978-1-4503-6267-2},
 location = {Cambridge, United Kingdom},
 pages = {12--16},
 numpages = {5},
 url = {http://doi.acm.org/10.1145/3318396.3318403},
 doi = {10.1145/3318396.3318403},
 acmid = {3318403},
 publisher = {ACM},
 address = {New York, NY, USA},
 keywords = {Analysis, CET4, Educational Data Mining, Prediction, Recurrent Neural Network},
}

@article{Teo:2006:KMP:1217862.1217865,
 author = {Teo, Chao Boon and Gay, Robert Kheng Leng},
 title = {A Knowledge-driven Model to Personalize e-Learning},
 journal = {J. Educ. Resour. Comput.},
 issue_date = {March 2006},
 volume = {6},
 number = {1},
 month = mar,
 year = {2006},
 issn = {1531-4278},
 articleno = {3},
 url = {http://doi.acm.org/10.1145/1217862.1217865},
 doi = {10.1145/1217862.1217865},
 acmid = {1217865},
 publisher = {ACM},
 address = {New York, NY, USA},
 keywords = {concept map, distance learning, e-learning, instructional design, knowledge management},
}

@inproceedings{Gaspar:2007:RCI:1324302.1324323,
 author = {Gaspar, Alessio and Langevin, Sarah},
 title = {Restoring "Coding with Intention" in Introductory Programming Courses},
 booktitle = {Proceedings of the 8th ACM SIGITE Conference on Information Technology Education},
 series = {SIGITE '07},
 year = {2007},
 isbn = {978-1-59593-920-3},
 location = {Destin, Florida, USA},
 pages = {91--98},
 numpages = {8},
 url = {http://doi.acm.org/10.1145/1324302.1324323},
 doi = {10.1145/1324302.1324323},
 acmid = {1324323},
 publisher = {ACM},
 address = {New York, NY, USA},
 keywords = {CS-1, active learning, constructive alignment theory, evolutionary computation, evolutionary epistemology, introductory programming courses, live coding, test harness},
}

@inproceedings{East:2006:MTT:1151588.1151596,
 author = {East, J. Philip},
 title = {On Models of and for Teaching: Toward Theory-based Computing Education},
 booktitle = {Proceedings of the Second International Workshop on Computing Education Research},
 series = {ICER '06},
 year = {2006},
 isbn = {1-59593-494-4},
 location = {Canterbury, United Kingdom},
 pages = {41--50},
 numpages = {10},
 url = {http://doi.acm.org/10.1145/1151588.1151596},
 doi = {10.1145/1151588.1151596},
 acmid = {1151596},
 publisher = {ACM},
 address = {New York, NY, USA},
 keywords = {learning theory, pedagogical theory, theory of instruction, theory-based research, theory-based teaching},
}

@inproceedings{Wang:2011:TWD:2047594.2047620,
 author = {Wang, Ye Diana},
 title = {Teaching Web Development at a Distance},
 booktitle = {Proceedings of the 2011 Conference on Information Technology Education},
 series = {SIGITE '11},
 year = {2011},
 isbn = {978-1-4503-1017-8},
 location = {West Point, New York, USA},
 pages = {91--96},
 numpages = {6},
 url = {http://doi.acm.org/10.1145/2047594.2047620},
 doi = {10.1145/2047594.2047620},
 acmid = {2047620},
 publisher = {ACM},
 address = {New York, NY, USA},
 keywords = {distance education, eLearning, pedagogy, problem-based learning, web development},
}

@inproceedings{Bart:2019:POI:3287324.3287428,
 author = {Bart, Austin Cory and Sarver, Allie and Friend, Michael and Cox II, Larry},
 title = {PythonSneks: An Open-Source, Instructionally-Designed Introductory Curriculum with Action-Design Research},
 booktitle = {Proceedings of the 50th ACM Technical Symposium on Computer Science Education},
 series = {SIGCSE '19},
 year = {2019},
 isbn = {978-1-4503-5890-3},
 location = {Minneapolis, MN, USA},
 pages = {307--313},
 numpages = {7},
 url = {http://doi.acm.org/10.1145/3287324.3287428},
 doi = {10.1145/3287324.3287428},
 acmid = {3287428},
 publisher = {ACM},
 address = {New York, NY, USA},
 keywords = {instructional design, open curriculum, python},
}

@article{Mason:2006:YYC:1127351.1127368,
 author = {Mason, John and Morrow, Robert Mc},
 title = {YACLD: Yet Another Computer Literacy Definition},
 journal = {J. Comput. Sci. Coll.},
 issue_date = {May 2006},
 volume = {21},
 number = {5},
 month = may,
 year = {2006},
 issn = {1937-4771},
 pages = {94--100},
 numpages = {7},
 url = {http://dl.acm.org/citation.cfm?id=1127351.1127368},
 acmid = {1127368},
 publisher = {Consortium for Computing Sciences in Colleges},
 address = {USA},
}

@inproceedings{Helps:2006:IDT:1168812.1168845,
 author = {Helps, C. Richard G.},
 title = {Instructional Design Theory Provides Insights into Evolving Information Technology Technical Curricula},
 booktitle = {Proceedings of the 7th Conference on Information Technology Education},
 series = {SIGITE '06},
 year = {2006},
 isbn = {1-59593-521-5},
 location = {Minneapolis, Minnesota, USA},
 pages = {129--134},
 numpages = {6},
 url = {http://doi.acm.org/10.1145/1168812.1168845},
 doi = {10.1145/1168812.1168845},
 acmid = {1168845},
 publisher = {ACM},
 address = {New York, NY, USA},
 keywords = {Moore's law, UML, curriculum design, instructional design theory, learning theory, technology evolution},
}

@inproceedings{Jung-Gribble:1987:IDC:41866.41875,
 author = {Jung-Gribble, Diane},
 title = {Instructional Development of Computer Workshops at Indiana University},
 booktitle = {Proceedings of the 15th Annual ACM SIGUCCS Conference on User Services},
 series = {SIGUCCS '87},
 year = {1987},
 isbn = {0-89791-241-1},
 location = {Kansas City, Missouri, USA},
 pages = {47--53},
 numpages = {7},
 url = {http://doi.acm.org/10.1145/41866.41875},
 doi = {10.1145/41866.41875},
 acmid = {41875},
 publisher = {ACM},
 address = {New York, NY, USA},
}

@inproceedings{Hampton:2019:ICS:3322385.3322399,
 author = {Hampton, Lelia and Cummings, Robert and Gosha, Kinnis},
 title = {Improving Computer Science Instruction and Computer Use for African American Secondary School Students: A Focus Group Exploration of Computer Science Identity of African American Teachers},
 booktitle = {Proceedings of the 2019 on Computers and People Research Conference},
 series = {SIGMIS-CPR '19},
 year = {2019},
 isbn = {978-1-4503-6088-3},
 location = {Nashville, TN, USA},
 pages = {78--84},
 numpages = {7},
 url = {http://doi.acm.org/10.1145/3322385.3322399},
 doi = {10.1145/3322385.3322399},
 acmid = {3322399},
 publisher = {ACM},
 address = {New York, NY, USA},
 keywords = {computing education, computing identity, k-12 education, self-efficacy, sense of belonging, underrepresented minorities},
}

@inproceedings{Lauwers:2010:SCO:1734263.1734370,
 author = {Lauwers, Tom and Hamner, Emily and Nourbakhsh, Illah},
 title = {A Strategy for Collaborative Outreach: Lessons from the CSbots Project},
 booktitle = {Proceedings of the 41st ACM Technical Symposium on Computer Science Education},
 series = {SIGCSE '10},
 year = {2010},
 isbn = {978-1-4503-0006-3},
 location = {Milwaukee, Wisconsin, USA},
 pages = {315--319},
 numpages = {5},
 url = {http://doi.acm.org/10.1145/1734263.1734370},
 doi = {10.1145/1734263.1734370},
 acmid = {1734370},
 publisher = {ACM},
 address = {New York, NY, USA},
 keywords = {computer programming, csbots, high school, outreach, participatory design, robotics, teacher training, workshop},
}

@inproceedings{Rutstein:2019:DIM:3287324.3287424,
 author = {Rutstein, Daisy W. and Xu, Yuning and McElhaney, Kevin and Bienkowski, Marie},
 title = {Developing Implementation Measures for K-12 Computer Science Curriculum Materials},
 booktitle = {Proceedings of the 50th ACM Technical Symposium on Computer Science Education},
 series = {SIGCSE '19},
 year = {2019},
 isbn = {978-1-4503-5890-3},
 location = {Minneapolis, MN, USA},
 pages = {321--327},
 numpages = {7},
 url = {http://doi.acm.org/10.1145/3287324.3287424},
 doi = {10.1145/3287324.3287424},
 acmid = {3287424},
 publisher = {ACM},
 address = {New York, NY, USA},
 keywords = {computational thinking, curriculum implementation, measurement},
}

@inproceedings{Carter:2010:IWG:1971681.1971685,
 author = {Carter, Janet and White, Su and Fraser, Karen and Kurkovsky, Stanislav and McCreesh, Colette and Wieck, Malcolm},
 title = {ITiCSE 2010 Working Group Report Motivating Our Top Students},
 booktitle = {Proceedings of the 2010 ITiCSE Working Group Reports},
 series = {ITiCSE-WGR '10},
 year = {2010},
 isbn = {978-1-4503-0677-5},
 location = {Ankara, Turkey},
 pages = {29--47},
 numpages = {19},
 url = {http://doi.acm.org/10.1145/1971681.1971685},
 doi = {10.1145/1971681.1971685},
 acmid = {1971685},
 publisher = {ACM},
 address = {New York, NY, USA},
 keywords = {differentiation in the classroom, learning programming, motivation},
}

@article{Fadde:2008:PVL:1373281.1373283,
 author = {Fadde, Peter J.},
 title = {Producing Video Learning Objects for e-Learning},
 journal = {eLearn},
 issue_date = {April 2008},
 volume = {2008},
 number = {4},
 month = apr,
 year = {2008},
 issn = {1535-394X},
 pages = {1:1--1:1},
 articleno = {1},
 numpages = {1},
 url = {http://doi.acm.org/10.1145/1373281.1373283},
 doi = {10.1145/1373281.1373283},
 acmid = {1373283},
 publisher = {ACM},
 address = {New York, NY, USA},
}

@inproceedings{Lamprou:2018:TTC:3197091.3197120,
 author = {Lamprou, Anna and Repenning, Alexander},
 title = {Teaching How to Teach Computational Thinking},
 booktitle = {Proceedings of the 23rd Annual ACM Conference on Innovation and Technology in Computer Science Education},
 series = {ITiCSE 2018},
 year = {2018},
 isbn = {978-1-4503-5707-4},
 location = {Larnaca, Cyprus},
 pages = {69--74},
 numpages = {6},
 url = {http://doi.acm.org/10.1145/3197091.3197120},
 doi = {10.1145/3197091.3197120},
 acmid = {3197120},
 publisher = {ACM},
 address = {New York, NY, USA},
 keywords = {Computational Thinking, Computer Science Education, K-12 education, Pre-service teacher, Primary school},
}

@article{Clear:2010:DYT:1805724.1805737,
 author = {Clear, Tony},
 title = {Diagnosing Your Teaching Style: How Interactive Are You?},
 journal = {ACM Inroads},
 issue_date = {June 2010},
 volume = {1},
 number = {2},
 month = jun,
 year = {2010},
 issn = {2153-2184},
 pages = {34--41},
 numpages = {8},
 url = {http://doi.acm.org/10.1145/1805724.1805737},
 doi = {10.1145/1805724.1805737},
 acmid = {1805737},
 publisher = {ACM},
 address = {New York, NY, USA},
 keywords = {CS education research, IS education research, interactive learning systems, pedagogy},
}

@article{Benda:2012:LLF:2382564.2382567,
 author = {Benda, Klara and Bruckman, Amy and Guzdial, Mark},
 title = {When Life and Learning Do Not Fit: Challenges of Workload and Communication in Introductory Computer Science Online},
 journal = {Trans. Comput. Educ.},
 issue_date = {November 2012},
 volume = {12},
 number = {4},
 month = nov,
 year = {2012},
 issn = {1946-6226},
 pages = {15:1--15:38},
 articleno = {15},
 numpages = {38},
 url = {http://doi.acm.org/10.1145/2382564.2382567},
 doi = {10.1145/2382564.2382567},
 acmid = {2382567},
 publisher = {ACM},
 address = {New York, NY, USA},
 keywords = {Online education, communication, introductory computer science, programming instruction, qualitative research, student failure, workload},
}

@inproceedings{Przybylla:2018:IPC:3279720.3279730,
 author = {Przybylla, Mareen and Romeike, Ralf},
 title = {Impact of Physical Computing on Learner Motivation},
 booktitle = {Proceedings of the 18th Koli Calling International Conference on Computing Education Research},
 series = {Koli Calling '18},
 year = {2018},
 isbn = {978-1-4503-6535-2},
 location = {Koli, Finland},
 pages = {9:1--9:10},
 articleno = {9},
 numpages = {10},
 url = {http://doi.acm.org/10.1145/3279720.3279730},
 doi = {10.1145/3279720.3279730},
 acmid = {3279730},
 publisher = {ACM},
 address = {New York, NY, USA},
 keywords = {CS education, intrinsic motivation, physical computing},
}

@inproceedings{Goumopoulos:2017:LSE:3136907.3136942,
 author = {Goumopoulos, Christos and Xanos, Nikolaos and Kameas, Achilles},
 title = {Leveraging STEM Education via UMI Technologies},
 booktitle = {Proceedings of the 16th World Conference on Mobile and Contextual Learning},
 series = {mLearn 2017},
 year = {2017},
 isbn = {978-1-4503-5255-0},
 location = {Larnaca, Cyprus},
 pages = {11:1--11:4},
 articleno = {11},
 numpages = {4},
 url = {http://doi.acm.org/10.1145/3136907.3136942},
 doi = {10.1145/3136907.3136942},
 acmid = {3136942},
 publisher = {ACM},
 address = {New York, NY, USA},
 keywords = {Internet of Things, STEM education, UMI technologies},
}

@article{Thackaberry:2011:SSW:1999651.1999659,
 author = {Thackaberry, A. Sasha},
 title = {Staying Sane While Creating Online or Hybrid Courses by Committee},
 journal = {eLearn},
 issue_date = {May 2011},
 volume = {2011},
 number = {5},
 month = may,
 year = {2011},
 issn = {1535-394X},
 articleno = {8},
 url = {http://doi.acm.org/10.1145/1999651.1999659},
 doi = {10.1145/1999651.1999659},
 acmid = {1999659},
 publisher = {ACM},
 address = {New York, NY, USA},
}

@inproceedings{Gweon:2006:PSA:1124772.1124810,
 author = {Gweon, Gahgene and Rose, Carolyn and Carey, Regan and Zaiss, Zachary},
 title = {Providing Support for Adaptive Scripting in an On-line Collaborative Learning Environment},
 booktitle = {Proceedings of the SIGCHI Conference on Human Factors in Computing Systems},
 series = {CHI '06},
 year = {2006},
 isbn = {1-59593-372-7},
 location = {Montr\&\#233;al, Qu\&\#233;bec, Canada},
 pages = {251--260},
 numpages = {10},
 url = {http://doi.acm.org/10.1145/1124772.1124810},
 doi = {10.1145/1124772.1124810},
 acmid = {1124810},
 publisher = {ACM},
 address = {New York, NY, USA},
 keywords = {adaptive support, collaborative learning, computer mediated communication},
}

@article{Burns:2010:HTU:1858579.1865476,
 author = {Burns, Mary},
 title = {How to Help Teachers Use Technology in the Classroom: The 5J Approach},
 journal = {eLearn},
 issue_date = {September 2010},
 volume = {2010},
 number = {9},
 month = sep,
 year = {2010},
 issn = {1535-394X},
 articleno = {4},
 url = {http://doi.acm.org/10.1145/1858579.1865476},
 doi = {10.1145/1858579.1865476},
 acmid = {1865476},
 publisher = {ACM},
 address = {New York, NY, USA},
}

@article{Bean:2011:ATC:1999742.1999745,
 author = {Bean, Cammy},
 title = {Avoiding the Trap of Clicky-Clicky Bling-Bling: (Part 1 of 2)},
 journal = {eLearn},
 issue_date = {June 2011},
 volume = {2011},
 number = {6},
 month = jun,
 year = {2011},
 issn = {1535-394X},
 articleno = {2},
 url = {http://doi.acm.org/10.1145/1999742.1999745},
 doi = {10.1145/1999742.1999745},
 acmid = {1999745},
 publisher = {ACM},
 address = {New York, NY, USA},
}

@article{Deden:1998:CSC:268092.268116,
 author = {Deden, Ann},
 title = {Computers and Systemic Change in Higher Education},
 journal = {Commun. ACM},
 issue_date = {Jan. 1998},
 volume = {41},
 number = {1},
 month = jan,
 year = {1998},
 issn = {0001-0782},
 pages = {58--63},
 numpages = {6},
 url = {http://doi.acm.org/10.1145/268092.268116},
 doi = {10.1145/268092.268116},
 acmid = {268116},
 publisher = {ACM},
 address = {New York, NY, USA},
}

@inproceedings{Cannings:2003:OCF:857097.857101,
 author = {Cannings, Terence and Stager, Gary S.},
 title = {Online Constructionism and the Future of Teacher Education},
 booktitle = {Proceedings of the 3.1 and 3.3 Working Groups Conference on International Federation for Information Processing: ICT and the Teacher of the Future - Volume 23},
 series = {CRPIT '03},
 year = {2003},
 isbn = {1-920682-02-3},
 location = {Melbourne, Australia},
 pages = {13--15},
 numpages = {3},
 url = {http://dl.acm.org/citation.cfm?id=857097.857101},
 acmid = {857101},
 publisher = {Australian Computer Society, Inc.},
 address = {Darlinghurst, Australia, Australia},
 keywords = {E-learning, distance education, distributed learning, online learning},
}

@inproceedings{Repenning:2019:MCS:3304221.3319758,
 author = {Repenning, Alexander and Lamprou, Anna and Petralito, Serge and Basawapatna, Ashok},
 title = {Making Computer Science Education Mandatory: Exploring a Demographic Shift in Switzerland.},
 booktitle = {Proceedings of the 2019 ACM Conference on Innovation and Technology in Computer Science Education},
 series = {ITiCSE '19},
 year = {2019},
 isbn = {978-1-4503-6301-3},
 location = {Aberdeen, Scotland Uk},
 pages = {422--428},
 numpages = {7},
 url = {http://doi.acm.org/10.1145/3304221.3319758},
 doi = {10.1145/3304221.3319758},
 acmid = {3319758},
 publisher = {ACM},
 address = {New York, NY, USA},
 keywords = {computer science education, gender issues in computer science education, k-12, mandatory computer science education, pre-service teacher education, self -efficacy},
}

@article{Agarwal:2006:DAL:1124706.1121420,
 author = {Agarwal, Rahul and Edwards, Stephen H. and P{\'e}rez-Qui\~{n}ones, Manuel A.},
 title = {Designing an Adaptive Learning Module to Teach Software Testing},
 journal = {SIGCSE Bull.},
 issue_date = {March 2006},
 volume = {38},
 number = {1},
 month = mar,
 year = {2006},
 issn = {0097-8418},
 pages = {259--263},
 numpages = {5},
 url = {http://doi.acm.org/10.1145/1124706.1121420},
 doi = {10.1145/1124706.1121420},
 acmid = {1121420},
 publisher = {ACM},
 address = {New York, NY, USA},
 keywords = {adaptive evaluation, adaptive learning, course design, netCoach, on-line, self-paced, web-based courses},
}

@inproceedings{Agarwal:2006:DAL:1121341.1121420,
 author = {Agarwal, Rahul and Edwards, Stephen H. and P{\'e}rez-Qui\~{n}ones, Manuel A.},
 title = {Designing an Adaptive Learning Module to Teach Software Testing},
 booktitle = {Proceedings of the 37th SIGCSE Technical Symposium on Computer Science Education},
 series = {SIGCSE '06},
 year = {2006},
 isbn = {1-59593-259-3},
 location = {Houston, Texas, USA},
 pages = {259--263},
 numpages = {5},
 url = {http://doi.acm.org/10.1145/1121341.1121420},
 doi = {10.1145/1121341.1121420},
 acmid = {1121420},
 publisher = {ACM},
 address = {New York, NY, USA},
 keywords = {adaptive evaluation, adaptive learning, course design, netCoach, on-line, self-paced, web-based courses},
}

@inproceedings{Stricker:2009:SGE:1639809.1639875,
 author = {Stricker, Andrew G. and Clemons, Larry},
 title = {Simulation Gaming for Education in MyBase: The Future of Air Force Education and Training with Virtual World Learning},
 booktitle = {Proceedings of the 2009 Spring Simulation Multiconference},
 series = {SpringSim '09},
 year = {2009},
 location = {San Diego, California},
 pages = {63:1--63:8},
 articleno = {63},
 numpages = {8},
 url = {http://dl.acm.org/citation.cfm?id=1639809.1639875},
 acmid = {1639875},
 publisher = {Society for Computer Simulation International},
 address = {San Diego, CA, USA},
 keywords = {MyBase, simulation gaming for education, virtual world learning},
}

@inproceedings{Zinn:1968:PCU:800186.810570,
 author = {Zinn, Karl L.},
 title = {Programming Conversational Use of Computers for Instruction},
 booktitle = {Proceedings of the 1968 23rd ACM National Conference},
 series = {ACM '68},
 year = {1968},
 pages = {85--92},
 numpages = {8},
 url = {http://doi.acm.org/10.1145/800186.810570},
 doi = {10.1145/800186.810570},
 acmid = {810570},
 publisher = {ACM},
 address = {New York, NY, USA},
}

@inproceedings{Pieschl:2008:ESC:1599871.1599898,
 author = {Pieschl, Stephanie and Bromme, Rainer and Porsch, Torsten and Stahl, Elmar},
 title = {Epistemological Sensitisation Causes Deeper Elaboration During Self-regulated Learning},
 booktitle = {Proceedings of the 8th International Conference on International Conference for the Learning Sciences - Volume 2},
 series = {ICLS'08},
 year = {2008},
 location = {Utrecht, The Netherlands},
 pages = {213--220},
 numpages = {8},
 url = {http://dl.acm.org/citation.cfm?id=1599871.1599898},
 acmid = {1599898},
 publisher = {International Society of the Learning Sciences},
}

@article{Mitchell:1979:ASC:953030.809541,
 author = {Mitchell, William},
 title = {Another Approach to Service Courses},
 journal = {SIGCSE Bull.},
 issue_date = {February 1979},
 volume = {11},
 number = {1},
 month = jan,
 year = {1979},
 issn = {0097-8418},
 pages = {6--9},
 numpages = {4},
 url = {http://doi.acm.org/10.1145/953030.809541},
 doi = {10.1145/953030.809541},
 acmid = {809541},
 publisher = {ACM},
 address = {New York, NY, USA},
}

@inproceedings{Mitchell:1979:ASC:800126.809541,
 author = {Mitchell, William},
 title = {Another Approach to Service Courses},
 booktitle = {Proceedings of the Tenth SIGCSE Technical Symposium on Computer Science Education},
 series = {SIGCSE '79},
 year = {1979},
 pages = {6--9},
 numpages = {4},
 url = {http://doi.acm.org/10.1145/800126.809541},
 doi = {10.1145/800126.809541},
 acmid = {809541},
 publisher = {ACM},
 address = {New York, NY, USA},
}

@article{Feldstein:2002:YRN:566778.566780,
 author = {Feldstein, Michael},
 title = {Do You Really Need Reusability?},
 journal = {eLearn},
 issue_date = {July 2002},
 volume = {2002},
 number = {7},
 month = jul,
 year = {2002},
 issn = {1535-394X},
 pages = {1--},
 url = {http://doi.acm.org/10.1145/566778.566780},
 doi = {10.1145/566778.566780},
 acmid = {566780},
 publisher = {ACM},
 address = {New York, NY, USA},
}

@article{Taylor:2014:LWI:2578511.2590180,
 author = {Taylor, Ann},
 title = {A Look at Web-based Instruction Today: An Interview with Badrul Khan, Part 1},
 journal = {eLearn},
 issue_date = {02-01-2014},
 volume = {2014},
 number = {2},
 month = feb,
 year = {2014},
 issn = {1535-394X},
 articleno = {5},
 url = {http://doi.acm.org/10.1145/2578511.2590180},
 doi = {10.1145/2578511.2590180},
 acmid = {2590180},
 publisher = {ACM},
 address = {New York, NY, USA},
}

@inproceedings{Harpstead:2019:ESA:3303772.3303797,
 author = {Harpstead, Erik and Richey, J. Elizabeth and Nguyen, Huy and McLaren, Bruce M.},
 title = {Exploring the Subtleties of Agency and Indirect Control in Digital Learning Games},
 booktitle = {Proceedings of the 9th International Conference on Learning Analytics \& Knowledge},
 series = {LAK19},
 year = {2019},
 isbn = {978-1-4503-6256-6},
 location = {Tempe, AZ, USA},
 pages = {121--129},
 numpages = {9},
 url = {http://doi.acm.org/10.1145/3303772.3303797},
 doi = {10.1145/3303772.3303797},
 acmid = {3303797},
 publisher = {ACM},
 address = {New York, NY, USA},
 keywords = {Digital learning games, agency, indirect control, self-regulated learning},
}

@inproceedings{Holstein:2017:ITT:3027385.3027451,
 author = {Holstein, Kenneth and McLaren, Bruce M. and Aleven, Vincent},
 title = {Intelligent Tutors As Teachers' Aides: Exploring Teacher Needs for Real-time Analytics in Blended Classrooms},
 booktitle = {Proceedings of the Seventh International Learning Analytics \&\#38; Knowledge Conference},
 series = {LAK '17},
 year = {2017},
 isbn = {978-1-4503-4870-6},
 location = {Vancouver, British Columbia, Canada},
 pages = {257--266},
 numpages = {10},
 url = {http://doi.acm.org/10.1145/3027385.3027451},
 doi = {10.1145/3027385.3027451},
 acmid = {3027451},
 publisher = {ACM},
 address = {New York, NY, USA},
 keywords = {adoption, blended learning, classrooms, intelligent tutoring systems, pedagogical decision-making, real-time analytics, teachers},
}

@inproceedings{Fidalgo-Blanco:2014:IML:2669711.2669963,
 author = {Fidalgo-Blanco, \'{A}ngel and Sein-Echaluce, Mar\'{\i}a Luisa and Garc\'{\i}a-Pe\~{n}alvo, Francisco J. and Esca\~{n}o, Javier Esteban},
 title = {Improving the MOOC Learning Outcomes Throughout Informal Learning Activities},
 booktitle = {Proceedings of the Second International Conference on Technological Ecosystems for Enhancing Multiculturality},
 series = {TEEM '14},
 year = {2014},
 isbn = {978-1-4503-2896-8},
 location = {Salamanca, Spain},
 pages = {611--617},
 numpages = {7},
 url = {http://doi.acm.org/10.1145/2669711.2669963},
 doi = {10.1145/2669711.2669963},
 acmid = {2669963},
 publisher = {ACM},
 address = {New York, NY, USA},
 keywords = {MOOC, informal learning, knowledge management, social networks},
}

@article{Ames:2018:HCC:3290265.3274287,
 author = {Ames, Morgan G.},
 title = {Hackers, Computers, and Cooperation: A Critical History of Logo and Constructionist Learning},
 journal = {Proc. ACM Hum.-Comput. Interact.},
 issue_date = {November 2018},
 volume = {2},
 number = {CSCW},
 month = nov,
 year = {2018},
 issn = {2573-0142},
 pages = {18:1--18:19},
 articleno = {18},
 numpages = {19},
 url = {http://doi.acm.org/10.1145/3274287},
 doi = {10.1145/3274287},
 acmid = {3274287},
 publisher = {ACM},
 address = {New York, NY, USA},
 keywords = {ai, constructionism, education, fablabs, hackers, ideology, learning, logo, maker movement, media lab, mindstorms, mit, olpc, piaget, robotics, scaffolding, school, scratch, seymour papert, teachers},
}

@article{Leonard:1991:USE:122697.122700,
 author = {Leonard, James R.},
 title = {Using a Software Engineering Approach to CS1: A Comparative Study of Student Performance},
 journal = {SIGCSE Bull.},
 issue_date = {Dec. 1991},
 volume = {23},
 number = {4},
 month = nov,
 year = {1991},
 issn = {0097-8418},
 pages = {23--26},
 numpages = {4},
 url = {http://doi.acm.org/10.1145/122697.122700},
 doi = {10.1145/122697.122700},
 acmid = {122700},
 publisher = {ACM},
 address = {New York, NY, USA},
}

@article{Sanders:1976:SSC:952989.803474,
 author = {Sanders, William R. and Benbassat, Gerard V. and Smith, Robert L.},
 title = {Speech Synthesis for Computer Assisted Instruction: The MISS System and Its Applications},
 journal = {SIGCSE Bull.},
 issue_date = {February 1976},
 volume = {8},
 number = {1},
 month = feb,
 year = {1976},
 issn = {0097-8418},
 pages = {200--211},
 numpages = {12},
 url = {http://doi.acm.org/10.1145/952989.803474},
 doi = {10.1145/952989.803474},
 acmid = {803474},
 publisher = {ACM},
 address = {New York, NY, USA},
}

@inproceedings{Sanders:1976:SSC:800107.803474,
 author = {Sanders, William R. and Benbassat, Gerard V. and Smith, Robert L.},
 title = {Speech Synthesis for Computer Assisted Instruction: The MISS System and Its Applications},
 booktitle = {Proceedings of the ACM SIGCSE-SIGCUE Technical Symposium on Computer Science and Education},
 series = {SIGCSE '76},
 year = {1976},
 pages = {200--211},
 numpages = {12},
 url = {http://doi.acm.org/10.1145/800107.803474},
 doi = {10.1145/800107.803474},
 acmid = {803474},
 publisher = {ACM},
 address = {New York, NY, USA},
}

@article{Sanders:1976:SSC:953026.803474,
 author = {Sanders, William R. and Benbassat, Gerard V. and Smith, Robert L.},
 title = {Speech Synthesis for Computer Assisted Instruction: The MISS System and Its Applications},
 journal = {SIGCUE Outlook},
 issue_date = {February 1976},
 volume = {10},
 number = {SI},
 month = feb,
 year = {1976},
 issn = {0163-5735},
 pages = {200--211},
 numpages = {12},
 url = {http://doi.acm.org/10.1145/953026.803474},
 doi = {10.1145/953026.803474},
 acmid = {803474},
 publisher = {ACM},
 address = {New York, NY, USA},
}

@inproceedings{delRey:2016:NIT:3012430.3012634,
 author = {del Rey, Jes\'{u}s Torres and V\'{a}zquez, Silvia Rodr\'{\i}guez},
 title = {New Insights into Translation-oriented, Technology-intensive Localiser Education: Accessibility As an Opportunity},
 booktitle = {Proceedings of the Fourth International Conference on Technological Ecosystems for Enhancing Multiculturality},
 series = {TEEM '16},
 year = {2016},
 isbn = {978-1-4503-4747-1},
 location = {Salamanca, Spain},
 pages = {971--978},
 numpages = {8},
 url = {http://doi.acm.org/10.1145/3012430.3012634},
 doi = {10.1145/3012430.3012634},
 acmid = {3012634},
 publisher = {ACM},
 address = {New York, NY, USA},
 keywords = {HCI, accessibility, competences, education, learning, localisation, localization, technology, training, translation, usability, user-centred approach},
}

@inproceedings{Cakir:2007:OCM:1599600.1599619,
 author = {\c{C}akir, Murat Perit and Zemel, Alan and Stahl, Gerry},
 title = {The Organization of Collaborative Math Problem Solving Activities Across Dual Interaction Spaces},
 booktitle = {Proceedings of the 8th Iternational Conference on Computer Supported Collaborative Learning},
 series = {CSCL'07},
 year = {2007},
 isbn = {978-0-6151-5436-7},
 location = {New Brunswick, New Jersey, USA},
 pages = {105--107},
 numpages = {3},
 url = {http://dl.acm.org/citation.cfm?id=1599600.1599619},
 acmid = {1599619},
 publisher = {International Society of the Learning Sciences},
 keywords = {dual interaction spaces, interaction analysis, shared representations},
}

@inproceedings{Becker:2007:IER:1328202.1328224,
 author = {Becker, Katrin},
 title = {Instructional Ethology: Reverse Engineering for Serious Design of Educational Games},
 booktitle = {Proceedings of the 2007 Conference on Future Play},
 series = {Future Play '07},
 year = {2007},
 isbn = {978-1-59593-943-2},
 location = {Toronto, Canada},
 pages = {121--128},
 numpages = {8},
 url = {http://doi.acm.org/10.1145/1328202.1328224},
 doi = {10.1145/1328202.1328224},
 acmid = {1328224},
 publisher = {ACM},
 address = {New York, NY, USA},
 keywords = {cognition, direct manipulation, education, human-computer interaction, learning, learnware, reflection},
}

@inproceedings{Blavier:2008:LSM:1599936.1600018,
 author = {Blavier, Ad{\'e}la\"{\i}de and Zottmann, Jan and Fischer, Frank and Aboulafia, Annette and Vadcard, Lucile and Luengo, Vanda and Dieckmann, Peter and Rall, Marcus},
 title = {Learning with Simulations in Medical Education Validity and Design of Learning Settings in Particular Contexts},
 booktitle = {Proceedings of the 8th International Conference on International Conference for the Learning Sciences - Volume 3},
 series = {ICLS'08},
 year = {2008},
 location = {Utrecht, The Netherlands},
 pages = {198--205},
 numpages = {8},
 url = {http://dl.acm.org/citation.cfm?id=1599936.1600018},
 acmid = {1600018},
 publisher = {International Society of the Learning Sciences},
}

@inproceedings{Fujita:2008:RAP:1599812.1599841,
 author = {Fujita, Nobuko and Brett, Clare},
 title = {Rethinking Analysis of Progressive Discourse in Online Learning: An Activity Theory Perspective},
 booktitle = {Proceedings of the 8th International Conference on International Conference for the Learning Sciences - Volume 1},
 series = {ICLS'08},
 year = {2008},
 location = {Utrecht, The Netherlands},
 pages = {248--256},
 numpages = {9},
 url = {http://dl.acm.org/citation.cfm?id=1599812.1599841},
 acmid = {1599841},
 publisher = {International Society of the Learning Sciences},
}

@inproceedings{Schworm:2008:HDC:1599871.1599911,
 author = {Schworm, Silke and Bradler, Pia and Renkl, Alexander},
 title = {Help Design in a Computer-based Learning Environment Teaching Argumentation Skills Through the Use of Double-content-examples},
 booktitle = {Proceedings of the 8th International Conference on International Conference for the Learning Sciences - Volume 2},
 series = {ICLS'08},
 year = {2008},
 location = {Utrecht, The Netherlands},
 pages = {319--326},
 numpages = {8},
 url = {http://dl.acm.org/citation.cfm?id=1599871.1599911},
 acmid = {1599911},
 publisher = {International Society of the Learning Sciences},
}

@inproceedings{Sami:2009:MMJ:1600053.1600066,
 author = {Sami, Paavola and Kai, Hakkarainen},
 title = {From Meaning Making to Joint Construction of Knowledge Practices and Artefacts: A Trialogical Approach to CSCL},
 booktitle = {Proceedings of the 9th International Conference on Computer Supported Collaborative Learning - Volume 1},
 series = {CSCL'09},
 year = {2009},
 isbn = {978-1-4092-8598-4},
 location = {Rhodes, Greece},
 pages = {83--92},
 numpages = {10},
 url = {http://dl.acm.org/citation.cfm?id=1600053.1600066},
 acmid = {1600066},
 publisher = {International Society of the Learning Sciences},
}

@inproceedings{Everingham:1986:DDH:324239.324293,
 author = {Everingham, Marilyn and Brown, Bill},
 title = {Developing and Delivering Hands-on Training},
 booktitle = {Proceedings of the 14th Annual ACM SIGUCCS Conference on User Services: Setting the Direction},
 series = {SIGUCCS '86},
 year = {1986},
 isbn = {0-89791-208-X},
 location = {Montreal, Quebec, Canada},
 pages = {209--223},
 numpages = {15},
 url = {http://doi.acm.org/10.1145/324239.324293},
 doi = {10.1145/324239.324293},
 acmid = {324293},
 publisher = {ACM},
 address = {New York, NY, USA},
}

@inproceedings{Gweon:2007:EEF:1599600.1599645,
 author = {Gweon, Gahgene and Ros{\'e}, Carolyn P. and Albright, Emil and Cui, Yue},
 title = {Evaluating the Effect of Feedback from a CSCL Problem Solving Environment on Learning, Interaction, and Perceived Interdependence},
 booktitle = {Proceedings of the 8th Iternational Conference on Computer Supported Collaborative Learning},
 series = {CSCL'07},
 year = {2007},
 isbn = {978-0-6151-5436-7},
 location = {New Brunswick, New Jersey, USA},
 pages = {234--243},
 numpages = {10},
 url = {http://dl.acm.org/citation.cfm?id=1599600.1599645},
 acmid = {1599645},
 publisher = {International Society of the Learning Sciences},
}

@inproceedings{Lepe-Salazar:2015:MAD:2832932.2832951,
 author = {Lepe-Salazar, Francisco},
 title = {A Model to Analyze and Design Educational Games with Pedagogical Foundations},
 booktitle = {Proceedings of the 12th International Conference on Advances in Computer Entertainment Technology},
 series = {ACE '15},
 year = {2015},
 isbn = {978-1-4503-3852-3},
 location = {Iskandar, Malaysia},
 pages = {1:1--1:14},
 articleno = {1},
 numpages = {14},
 url = {http://doi.acm.org/10.1145/2832932.2832951},
 doi = {10.1145/2832932.2832951},
 acmid = {2832951},
 publisher = {ACM},
 address = {New York, NY, USA},
 keywords = {educational games, game design, learning sciences, learning theories, model, pedagogy, serious games},
}

@inproceedings{Fullerton:2009:DHP:1581073.1581075,
 author = {Fullerton, Tracy and Malamed, Laird M. and Sharkasi, Nahil and Vigil, Jesse},
 title = {Designing History: The Path to Participation Nation},
 booktitle = {Proceedings of the 2009 ACM SIGGRAPH Symposium on Video Games},
 series = {Sandbox '09},
 year = {2009},
 isbn = {978-1-60558-514-7},
 location = {New Orleans, Louisiana},
 pages = {7--14},
 numpages = {8},
 url = {http://doi.acm.org/10.1145/1581073.1581075},
 doi = {10.1145/1581073.1581075},
 acmid = {1581075},
 publisher = {ACM},
 address = {New York, NY, USA},
 keywords = {game design, game innovation, iterative process, learning and games, playtesting, prototyping},
}

