@article{Ross:2000:IEC:356458.356462,
 author = {Ross, Rocky},
 title = {International Efforts in Computer Science Education},
 journal = {SIGACT News},
 issue_date = {Sept. 2000},
 volume = {31},
 number = {3},
 month = sep,
 year = {2000},
 issn = {0163-5700},
 pages = {50--53},
 numpages = {4},
 url = {http://doi.acm.org/10.1145/356458.356462},
 doi = {10.1145/356458.356462},
 acmid = {356462},
 publisher = {ACM},
 address = {New York, NY, USA},
}

@inproceedings{Rughinis:2016:ICS:2851581.2892580,
 author = {Rughini\c{s}, Cosima and Rughini\c{s}, Razvan and Hum\u{a}, Bogdana},
 title = {Impromptu Crowd Science and the Mystery of the Bechdel-Wallace Test Movement},
 booktitle = {Proceedings of the 2016 CHI Conference Extended Abstracts on Human Factors in Computing Systems},
 series = {CHI EA '16},
 year = {2016},
 isbn = {978-1-4503-4082-3},
 location = {San Jose, California, USA},
 pages = {487--500},
 numpages = {14},
 url = {http://doi.acm.org/10.1145/2851581.2892580},
 doi = {10.1145/2851581.2892580},
 acmid = {2892580},
 publisher = {ACM},
 address = {New York, NY, USA},
 keywords = {citizen science, crowd science, digitally distributed knowledge, gender representations, the Bechdel-Wallace test},
}

@article{Ibanez:2009:CRU:1595453.1595482,
 author = {Ib\'{a}\~{n}ez, Jes\'{u}s and S\'{a}nchez, Ana},
 title = {Constructive Reduction: Understanding Uncomputability Through Programming},
 journal = {SIGCSE Bull.},
 issue_date = {June 2009},
 volume = {41},
 number = {2},
 month = jun,
 year = {2009},
 issn = {0097-8418},
 pages = {90--94},
 numpages = {5},
 url = {http://doi.acm.org/10.1145/1595453.1595482},
 doi = {10.1145/1595453.1595482},
 acmid = {1595482},
 publisher = {ACM},
 address = {New York, NY, USA},
 keywords = {S-m-n theorem, programming approach, reduction in computability},
}

