@inproceedings{Milligan:2015:CLM:2723576.2723596,
 author = {Milligan, Sandra},
 title = {Crowd-sourced Learning in MOOCs: Learning Analytics Meets Measurement Theory},
 booktitle = {Proceedings of the Fifth International Conference on Learning Analytics And Knowledge},
 series = {LAK '15},
 year = {2015},
 isbn = {978-1-4503-3417-4},
 location = {Poughkeepsie, New York},
 pages = {151--155},
 numpages = {5},
 url = {http://doi.acm.org/10.1145/2723576.2723596},
 doi = {10.1145/2723576.2723596},
 acmid = {2723596},
 publisher = {ACM},
 address = {New York, NY, USA},
 keywords = {21st century skills, MOOC, analytics tools, collaborative learning, crowd-sourced learning, learner performance, learning analytics, learning progression, measurement theory, on-line forums, rasch analysis},
}

@inproceedings{Haaranen:2014:IBO:2538862.2538921,
 author = {Haaranen, Lassi and Ihantola, Petri and Hakulinen, Lasse and Korhonen, Ari},
 title = {How (Not) to Introduce Badges to Online Exercises},
 booktitle = {Proceedings of the 45th ACM Technical Symposium on Computer Science Education},
 series = {SIGCSE '14},
 year = {2014},
 isbn = {978-1-4503-2605-6},
 location = {Atlanta, Georgia, USA},
 pages = {33--38},
 numpages = {6},
 url = {http://doi.acm.org/10.1145/2538862.2538921},
 doi = {10.1145/2538862.2538921},
 acmid = {2538921},
 publisher = {ACM},
 address = {New York, NY, USA},
 keywords = {achievement badges, computer science education, gamification},
}

@inproceedings{Shi:2017:MSL:3132847.3132965,
 author = {Shi, Yuling and Peng, Zhiyong and Wang, Hongning},
 title = {Modeling Student Learning Styles in MOOCs},
 booktitle = {Proceedings of the 2017 ACM on Conference on Information and Knowledge Management},
 series = {CIKM '17},
 year = {2017},
 isbn = {978-1-4503-4918-5},
 location = {Singapore, Singapore},
 pages = {979--988},
 numpages = {10},
 url = {http://doi.acm.org/10.1145/3132847.3132965},
 doi = {10.1145/3132847.3132965},
 acmid = {3132965},
 publisher = {ACM},
 address = {New York, NY, USA},
 keywords = {behavior modeling, moocs, probabilistic modeling, sequential data mining},
}

