@inproceedings{Ogan:2008:PPP:1357054.1357081,
 author = {Ogan, Amy and Aleven, Vincent and Jones, Christopher},
 title = {Pause, Predict, and Ponder: Use of Narrative Videos to Improve Cultural Discussion and Learning},
 booktitle = {Proceedings of the SIGCHI Conference on Human Factors in Computing Systems},
 series = {CHI '08},
 year = {2008},
 isbn = {978-1-60558-011-1},
 location = {Florence, Italy},
 pages = {155--162},
 numpages = {8},
 url = {http://doi.acm.org/10.1145/1357054.1357081},
 doi = {10.1145/1357054.1357081},
 acmid = {1357081},
 publisher = {ACM},
 address = {New York, NY, USA},
 keywords = {computer-mediated communication, educational technology, ill-defined domains, intelligent tutoring, multimedia},
}

@inproceedings{Barendregt:2012:DEF:2307096.2307126,
 author = {Barendregt, Wolmet and Lindstr\"{o}m, Berner and Rietz-Lepp\"{a}nen, Elisabeth and Holgersson, Ingemar and Ottosson, Torgny},
 title = {Development and Evaluation of Fingu: A Mathematics iPad Game Using Multi-touch Interaction},
 booktitle = {Proceedings of the 11th International Conference on Interaction Design and Children},
 series = {IDC '12},
 year = {2012},
 isbn = {978-1-4503-1007-9},
 location = {Bremen, Germany},
 pages = {204--207},
 numpages = {4},
 url = {http://doi.acm.org/10.1145/2307096.2307126},
 doi = {10.1145/2307096.2307126},
 acmid = {2307126},
 publisher = {ACM},
 address = {New York, NY, USA},
 keywords = {Fingu, arithmetic, embodiment, finger gnosis, number sense},
}

@inproceedings{Musabirov:2017:TSI:3141880.3141907,
 author = {Musabirov, Ilya and Bakhitova, Alina},
 title = {Trajectories of Student Interaction with Learning Resources in Blended Learning: The Case of Data Science Minor},
 booktitle = {Proceedings of the 17th Koli Calling International Conference on Computing Education Research},
 series = {Koli Calling '17},
 year = {2017},
 isbn = {978-1-4503-5301-4},
 location = {Koli, Finland},
 pages = {191--192},
 numpages = {2},
 url = {http://doi.acm.org/10.1145/3141880.3141907},
 doi = {10.1145/3141880.3141907},
 acmid = {3141907},
 publisher = {ACM},
 address = {New York, NY, USA},
 keywords = {blended learning, data science, hybrid learning},
}

@inproceedings{Leeman-Munk:2014:AES:2567574.2567620,
 author = {Leeman-Munk, Samuel P. and Wiebe, Eric N. and Lester, James C.},
 title = {Assessing Elementary Students' Science Competency with Text Analytics},
 booktitle = {Proceedings of the Fourth International Conference on Learning Analytics And Knowledge},
 series = {LAK '14},
 year = {2014},
 isbn = {978-1-4503-2664-3},
 location = {Indianapolis, Indiana, USA},
 pages = {143--147},
 numpages = {5},
 url = {http://doi.acm.org/10.1145/2567574.2567620},
 doi = {10.1145/2567574.2567620},
 acmid = {2567620},
 publisher = {ACM},
 address = {New York, NY, USA},
 keywords = {automated assessment, constructed response analysis, formative assessment, text-based learning analytics, writing assessment},
}

@inproceedings{Dziallas:2015:CGC:2787622.2787739,
 author = {Dziallas, Sebastian},
 title = {Characterizing Graduateness in Computing Education},
 booktitle = {Proceedings of the Eleventh Annual International Conference on International Computing Education Research},
 series = {ICER '15},
 year = {2015},
 isbn = {978-1-4503-3630-7},
 location = {Omaha, Nebraska, USA},
 pages = {257--258},
 numpages = {2},
 url = {http://doi.acm.org/10.1145/2787622.2787739},
 doi = {10.1145/2787622.2787739},
 acmid = {2787739},
 publisher = {ACM},
 address = {New York, NY, USA},
 keywords = {narrative methodology, qualitative research, student experience},
}

@inproceedings{Guzdial:2019:CEF:3287324.3290953,
 author = {Guzdial, Mark},
 title = {Computing Education As a Foundation for 21st Century Literacy},
 booktitle = {Proceedings of the 50th ACM Technical Symposium on Computer Science Education},
 series = {SIGCSE '19},
 year = {2019},
 isbn = {978-1-4503-5890-3},
 location = {Minneapolis, MN, USA},
 pages = {502--503},
 numpages = {2},
 url = {http://doi.acm.org/10.1145/3287324.3290953},
 doi = {10.1145/3287324.3290953},
 acmid = {3290953},
 publisher = {ACM},
 address = {New York, NY, USA},
 keywords = {computational literacy, computational thinking, cs for all, history},
}

@inproceedings{Dziallas:2016:EGT:2960310.2960353,
 author = {Dziallas, Sebastian},
 title = {Examining Graduateness Through Narratives},
 booktitle = {Proceedings of the 2016 ACM Conference on International Computing Education Research},
 series = {ICER '16},
 year = {2016},
 isbn = {978-1-4503-4449-4},
 location = {Melbourne, VIC, Australia},
 pages = {291--292},
 numpages = {2},
 url = {http://doi.acm.org/10.1145/2960310.2960353},
 doi = {10.1145/2960310.2960353},
 acmid = {2960353},
 publisher = {ACM},
 address = {New York, NY, USA},
 keywords = {graduateness, narrative methodology, qualitative research},
}

@inproceedings{Mera:2017:ADE:3144826.3145415,
 author = {Mera, Carlos and Ruiz-Cagigas, Gonzalo and Navarro-Guzm\'{a}n, Jos{\'e} I. and Arag\'{o}n-Mendiz\'{a}bal, Est\'{\i}baliz and Delgado, C\'{a}ndida and Aguilar-Villagr\'{a}n, Manuel},
 title = {APP Designed for Early Math Training. Magnitudes Comparison},
 booktitle = {Proceedings of the 5th International Conference on Technological Ecosystems for Enhancing Multiculturality},
 series = {TEEM 2017},
 year = {2017},
 isbn = {978-1-4503-5386-1},
 location = {C\&aacute;diz, Spain},
 pages = {65:1--65:8},
 articleno = {65},
 numpages = {8},
 url = {http://doi.acm.org/10.1145/3144826.3145415},
 doi = {10.1145/3144826.3145415},
 acmid = {3145415},
 publisher = {ACM},
 address = {New York, NY, USA},
 keywords = {APPs, Numerical sense, magnitudes comparison},
}

@inproceedings{Wiegand:2016:DAI:2839509.2844629,
 author = {Wiegand, R. Paul and Bucci, Anthony and Kumar, Amruth N. and Albert, Jennifer L. and Gaspar, Alessio},
 title = {A Data-Driven Analysis of Informatively Hard Concepts in Introductory Programming},
 booktitle = {Proceedings of the 47th ACM Technical Symposium on Computing Science Education},
 series = {SIGCSE '16},
 year = {2016},
 isbn = {978-1-4503-3685-7},
 location = {Memphis, Tennessee, USA},
 pages = {370--375},
 numpages = {6},
 url = {http://doi.acm.org/10.1145/2839509.2844629},
 doi = {10.1145/2839509.2844629},
 acmid = {2844629},
 publisher = {ACM},
 address = {New York, NY, USA},
 keywords = {dimension extraction, introductory programming education, multiobjective optimization, performance analysis, problets},
}

@article{Pargas:2009:UIE:1539024.1508927,
 author = {Pargas, Roy P. and Bryfczynski, Samuel},
 title = {Using Ink to Expose Students' Thought Processes in CS2/CS7},
 journal = {SIGCSE Bull.},
 issue_date = {March 2009},
 volume = {41},
 number = {1},
 month = mar,
 year = {2009},
 issn = {0097-8418},
 pages = {168--172},
 numpages = {5},
 url = {http://doi.acm.org/10.1145/1539024.1508927},
 doi = {10.1145/1539024.1508927},
 acmid = {1508927},
 publisher = {ACM},
 address = {New York, NY, USA},
 keywords = {cognitive science, collaborative learning, tablet pc},
}

@inproceedings{Pargas:2009:UIE:1508865.1508927,
 author = {Pargas, Roy P. and Bryfczynski, Samuel},
 title = {Using Ink to Expose Students' Thought Processes in CS2/CS7},
 booktitle = {Proceedings of the 40th ACM Technical Symposium on Computer Science Education},
 series = {SIGCSE '09},
 year = {2009},
 isbn = {978-1-60558-183-5},
 location = {Chattanooga, TN, USA},
 pages = {168--172},
 numpages = {5},
 url = {http://doi.acm.org/10.1145/1508865.1508927},
 doi = {10.1145/1508865.1508927},
 acmid = {1508927},
 publisher = {ACM},
 address = {New York, NY, USA},
 keywords = {cognitive science, collaborative learning, tablet pc},
}

@inproceedings{Chu:2017:CFS:3141798.3141802,
 author = {Chu, Sharon Lynn and Quek, Francis and Deuermeyer, Elizabeth and Martin, Rachel},
 title = {From Classroom-Making to Functional-Making: A Study in the Development of Making Literacy},
 booktitle = {Proceedings of the 7th Annual Conference on Creativity and Fabrication in Education},
 series = {FabLearn '17},
 year = {2017},
 isbn = {978-1-4503-6349-5},
 location = {Stanford, CA, USA},
 pages = {3:1--3:8},
 articleno = {3},
 numpages = {8},
 url = {http://doi.acm.org/10.1145/3141798.3141802},
 doi = {10.1145/3141798.3141802},
 acmid = {3141802},
 publisher = {ACM},
 address = {New York, NY, USA},
 keywords = {Children, Electronics, Elementary school, Literacy, Maker, Making, Science},
}

@inproceedings{Basawapatna:2013:ZPF:2493394.2493404,
 author = {Basawapatna, Ashok R. and Repenning, Alexander and Koh, Kyu Han and Nickerson, Hilarie},
 title = {The Zones of Proximal Flow: Guiding Students Through a Space of Computational Thinking Skills and Challenges},
 booktitle = {Proceedings of the Ninth Annual International ACM Conference on International Computing Education Research},
 series = {ICER '13},
 year = {2013},
 isbn = {978-1-4503-2243-0},
 location = {San Diego, San California, USA},
 pages = {67--74},
 numpages = {8},
 url = {http://doi.acm.org/10.1145/2493394.2493404},
 doi = {10.1145/2493394.2493404},
 acmid = {2493404},
 publisher = {ACM},
 address = {New York, NY, USA},
 keywords = {computational thinking, computational thinking patterns, computer science education, flow, scalable game design, simulations, zone of proximal development, zones of proximal flow},
}

@inproceedings{Hsi:2012:MSU:2307096.2307137,
 author = {Hsi, Sherry and Eisenberg, Michael},
 title = {Math on a Sphere: Using Public Displays to Support Children's Creativity and Computational Thinking on 3D Surfaces},
 booktitle = {Proceedings of the 11th International Conference on Interaction Design and Children},
 series = {IDC '12},
 year = {2012},
 isbn = {978-1-4503-1007-9},
 location = {Bremen, Germany},
 pages = {248--251},
 numpages = {4},
 url = {http://doi.acm.org/10.1145/2307096.2307137},
 doi = {10.1145/2307096.2307137},
 acmid = {2307137},
 publisher = {ACM},
 address = {New York, NY, USA},
 keywords = {computational thinking, logo, math on a sphere, public displays, spherical geometry},
}

@inproceedings{Lee:2015:OUT:2771839.2771861,
 author = {Lee, Victor R. and Drake, Joel R. and Cain, Ryan and Thayne, Jeffrey},
 title = {Opportunistic Uses of the Traditional School Day Through Student Examination of Fitbit Activity Tracker Data},
 booktitle = {Proceedings of the 14th International Conference on Interaction Design and Children},
 series = {IDC '15},
 year = {2015},
 isbn = {978-1-4503-3590-4},
 location = {Boston, Massachusetts},
 pages = {209--218},
 numpages = {10},
 url = {http://doi.acm.org/10.1145/2771839.2771861},
 doi = {10.1145/2771839.2771861},
 acmid = {2771861},
 publisher = {ACM},
 address = {New York, NY, USA},
 keywords = {Fitbit, activity trackers, design research, elementary school, self-data, wearable technology},
}

@inproceedings{Pargas:2009:TT:1562877.1562921,
 author = {Pargas, Roy P. and Bryfczynski, Samuel},
 title = {What Were They Thinking?},
 booktitle = {Proceedings of the 14th Annual ACM SIGCSE Conference on Innovation and Technology in Computer Science Education},
 series = {ITiCSE '09},
 year = {2009},
 isbn = {978-1-60558-381-5},
 location = {Paris, France},
 pages = {134--138},
 numpages = {5},
 url = {http://doi.acm.org/10.1145/1562877.1562921},
 doi = {10.1145/1562877.1562921},
 acmid = {1562921},
 publisher = {ACM},
 address = {New York, NY, USA},
 keywords = {cognitive science, collaborative learning, tablet pc},
}

@article{Pargas:2009:TT:1595496.1562921,
 author = {Pargas, Roy P. and Bryfczynski, Samuel},
 title = {What Were They Thinking?},
 journal = {SIGCSE Bull.},
 issue_date = {September 2009},
 volume = {41},
 number = {3},
 month = jul,
 year = {2009},
 issn = {0097-8418},
 pages = {134--138},
 numpages = {5},
 url = {http://doi.acm.org/10.1145/1595496.1562921},
 doi = {10.1145/1595496.1562921},
 acmid = {1562921},
 publisher = {ACM},
 address = {New York, NY, USA},
 keywords = {cognitive science, collaborative learning, tablet pc},
}

@inproceedings{Tempelaar:2013:FAL:2460296.2460337,
 author = {Tempelaar, Dirk T. and Heck, Andr{\'e} and Cuypers, Hans and van der Kooij, Henk and van de Vrie, Evert},
 title = {Formative Assessment and Learning Analytics},
 booktitle = {Proceedings of the Third International Conference on Learning Analytics and Knowledge},
 series = {LAK '13},
 year = {2013},
 isbn = {978-1-4503-1785-6},
 location = {Leuven, Belgium},
 pages = {205--209},
 numpages = {5},
 url = {http://doi.acm.org/10.1145/2460296.2460337},
 doi = {10.1145/2460296.2460337},
 acmid = {2460337},
 publisher = {ACM},
 address = {New York, NY, USA},
 keywords = {blended learning, formative assessment, learning analytics, learning dispositions, student profiles, test directed learning},
}

@inproceedings{Buffum:2014:CPG:2538862.2538949,
 author = {Buffum, Philip Sheridan and Martinez-Arocho, Allison G. and Frankosky, Megan Hardy and Rodriguez, Fernando J. and Wiebe, Eric N. and Boyer, Kristy Elizabeth},
 title = {CS Principles Goes to Middle School: Learning How to Teach "Big Data"},
 booktitle = {Proceedings of the 45th ACM Technical Symposium on Computer Science Education},
 series = {SIGCSE '14},
 year = {2014},
 isbn = {978-1-4503-2605-6},
 location = {Atlanta, Georgia, USA},
 pages = {151--156},
 numpages = {6},
 url = {http://doi.acm.org/10.1145/2538862.2538949},
 doi = {10.1145/2538862.2538949},
 acmid = {2538949},
 publisher = {ACM},
 address = {New York, NY, USA},
 keywords = {big data, computer science education, middle school},
}

@inproceedings{Mou:2019:RLP:3318396.3318441,
 author = {Mou, Jun and Song, Huazhu and Li, Jun and Mi, Kaituo},
 title = {Refinement of the Learning Process for College Students},
 booktitle = {Proceedings of the 2019 8th International Conference on Educational and Information Technology},
 series = {ICEIT 2019},
 year = {2019},
 isbn = {978-1-4503-6267-2},
 location = {Cambridge, United Kingdom},
 pages = {113--119},
 numpages = {7},
 url = {http://doi.acm.org/10.1145/3318396.3318441},
 doi = {10.1145/3318396.3318441},
 acmid = {3318441},
 publisher = {ACM},
 address = {New York, NY, USA},
 keywords = {college student learning process, learning cycle, multi-factor, refinement management},
}

@inproceedings{Izu:2019:PCI:3304221.3325531,
 author = {Izu, Cruz and Schulte, Carsten and Aggarwal, Ashish and Cutts, Quintin and Duran, Rodrigo and Gutica, Mirela and Heinemann, Birte and Kraemer, Eileen and Lonati, Violetta and Mirolo, Claudio and Weeda, Renske},
 title = {Program Comprehension: Identifying Learning Trajectories for Novice Programmers},
 booktitle = {Proceedings of the 2019 ACM Conference on Innovation and Technology in Computer Science Education},
 series = {ITiCSE '19},
 year = {2019},
 isbn = {978-1-4503-6301-3},
 location = {Aberdeen, Scotland Uk},
 pages = {261--262},
 numpages = {2},
 url = {http://doi.acm.org/10.1145/3304221.3325531},
 doi = {10.1145/3304221.3325531},
 acmid = {3325531},
 publisher = {ACM},
 address = {New York, NY, USA},
 keywords = {cs1, learning trajectories, program comprehension},
}

@inproceedings{Dziallas:2018:ITY:3230977.3230989,
 author = {Dziallas, Sebastian and Fincher, Sally},
 title = {"I Told You This Last Time, Right?": Re-visiting Narratives of STEM Education},
 booktitle = {Proceedings of the 2018 ACM Conference on International Computing Education Research},
 series = {ICER '18},
 year = {2018},
 isbn = {978-1-4503-5628-2},
 location = {Espoo, Finland},
 pages = {223--231},
 numpages = {9},
 url = {http://doi.acm.org/10.1145/3230977.3230989},
 doi = {10.1145/3230977.3230989},
 acmid = {3230989},
 publisher = {ACM},
 address = {New York, NY, USA},
 keywords = {longitudinal work, narrative methods, qualitative research},
}

@inproceedings{Oldenburg:2011:RS:2094131.2094141,
 author = {Oldenburg, Reinhard},
 title = {Reification and Symbolization},
 booktitle = {Proceedings of the 11th Koli Calling International Conference on Computing Education Research},
 series = {Koli Calling '11},
 year = {2011},
 isbn = {978-1-4503-1052-9},
 location = {Koli, Finland},
 pages = {49--53},
 numpages = {5},
 url = {http://doi.acm.org/10.1145/2094131.2094141},
 doi = {10.1145/2094131.2094141},
 acmid = {2094141},
 publisher = {ACM},
 address = {New York, NY, USA},
 keywords = {computer science education, construction of mental objects, genetic teaching method, literals},
}

@inproceedings{Eckerdal:2011:RTA:1999747.1999760,
 author = {Eckerdal, Anna and Laakso, Mikko-Jussi and Lopez, Mike and Sarkar, Amitrajit},
 title = {Relationship Between Text and Action Conceptions of Programming: A Phenomenographic and Quantitative Perspective},
 booktitle = {Proceedings of the 16th Annual Joint Conference on Innovation and Technology in Computer Science Education},
 series = {ITiCSE '11},
 year = {2011},
 isbn = {978-1-4503-0697-3},
 location = {Darmstadt, Germany},
 pages = {33--37},
 numpages = {5},
 url = {http://doi.acm.org/10.1145/1999747.1999760},
 doi = {10.1145/1999747.1999760},
 acmid = {1999760},
 publisher = {ACM},
 address = {New York, NY, USA},
 keywords = {critical aspects, hierarchy, novice programming, phenomenographic outcome space, text and action},
}

@inproceedings{DiMitri:2019:RLA:3303772.3303776,
 author = {Di Mitri, Daniele and Schneider, Jan and Klemke, Roland and Specht, Marcus and Drachsler, Hendrik},
 title = {Read Between the Lines: An Annotation Tool for Multimodal Data for Learning},
 booktitle = {Proceedings of the 9th International Conference on Learning Analytics \& Knowledge},
 series = {LAK19},
 year = {2019},
 isbn = {978-1-4503-6256-6},
 location = {Tempe, AZ, USA},
 pages = {51--60},
 numpages = {10},
 url = {http://doi.acm.org/10.1145/3303772.3303776},
 doi = {10.1145/3303772.3303776},
 acmid = {3303776},
 publisher = {ACM},
 address = {New York, NY, USA},
 keywords = {Internet of Things, Learning Analytics, Multimodal data, sensors},
}

@inproceedings{Boustedt:2008:MES:1404520.1404524,
 author = {Boustedt, Jonas},
 title = {A Methodology for Exploring Students' Experiences and Interaction with Large-scale Software Through Role-play and Phenomenography},
 booktitle = {Proceedings of the Fourth International Workshop on Computing Education Research},
 series = {ICER '08},
 year = {2008},
 isbn = {978-1-60558-216-0},
 location = {Sydney, Australia},
 pages = {27--38},
 numpages = {12},
 url = {http://doi.acm.org/10.1145/1404520.1404524},
 doi = {10.1145/1404520.1404524},
 acmid = {1404524},
 publisher = {ACM},
 address = {New York, NY, USA},
 keywords = {phenomenography, programming, qualitative method, role-play, software},
}

@inproceedings{Xiao:2018:IEP:3180308.3180370,
 author = {Xiao, Ziang and Yao, Yuqi and Fu, Wai-Tat},
 title = {An Intelligent Educational Platform for Training Spatial Visualization Skills},
 booktitle = {Proceedings of the 23rd International Conference on Intelligent User Interfaces Companion},
 series = {IUI '18 Companion},
 year = {2018},
 isbn = {978-1-4503-5571-1},
 location = {Tokyo, Japan},
 pages = {61:1--61:2},
 articleno = {61},
 numpages = {2},
 url = {http://doi.acm.org/10.1145/3180308.3180370},
 doi = {10.1145/3180308.3180370},
 acmid = {3180370},
 publisher = {ACM},
 address = {New York, NY, USA},
 keywords = {Education, Individualized Learning, Learning Analytics, Personalized Hints, STEM, Spatial Visualization Skills},
}

@inproceedings{Duran:2018:TID:3230977.3231007,
 author = {Duran, Rodrigo},
 title = {Towards an Instructional Design of Complex Learning in Introductory Programming Courses},
 booktitle = {Proceedings of the 2018 ACM Conference on International Computing Education Research},
 series = {ICER '18},
 year = {2018},
 isbn = {978-1-4503-5628-2},
 location = {Espoo, Finland},
 pages = {262--263},
 numpages = {2},
 url = {http://doi.acm.org/10.1145/3230977.3231007},
 doi = {10.1145/3230977.3231007},
 acmid = {3231007},
 publisher = {ACM},
 address = {New York, NY, USA},
 keywords = {cognitive load theory, complexity, model of hierarchical complexity, plan-composition strategies, program cognitive complexity},
}

@inproceedings{Rich:2018:DKC:3230977.3230979,
 author = {Rich, Kathryn M. and Binkowski, T. Andrew and Strickland, Carla and Franklin, Diana},
 title = {Decomposition: A K-8 Computational Thinking Learning Trajectory},
 booktitle = {Proceedings of the 2018 ACM Conference on International Computing Education Research},
 series = {ICER '18},
 year = {2018},
 isbn = {978-1-4503-5628-2},
 location = {Espoo, Finland},
 pages = {124--132},
 numpages = {9},
 url = {http://doi.acm.org/10.1145/3230977.3230979},
 doi = {10.1145/3230977.3230979},
 acmid = {3230979},
 publisher = {ACM},
 address = {New York, NY, USA},
 keywords = {computational thinking, decomposition, k-8},
}

@inproceedings{Cunningham:2017:UTS:3105726.3106190,
 author = {Cunningham, Kathryn and Blanchard, Sarah and Ericson, Barbara and Guzdial, Mark},
 title = {Using Tracing and Sketching to Solve Programming Problems: Replicating and Extending an Analysis of What Students Draw},
 booktitle = {Proceedings of the 2017 ACM Conference on International Computing Education Research},
 series = {ICER '17},
 year = {2017},
 isbn = {978-1-4503-4968-0},
 location = {Tacoma, Washington, USA},
 pages = {164--172},
 numpages = {9},
 url = {http://doi.acm.org/10.1145/3105726.3106190},
 doi = {10.1145/3105726.3106190},
 acmid = {3106190},
 publisher = {ACM},
 address = {New York, NY, USA},
 keywords = {cs1, distributed cognition, notional machine, novice programmers, sketching, tracing},
}

@inproceedings{Fields:2016:CBD:2839509.2844631,
 author = {Fields, Deborah A. and Quirke, Lisa and Amely, Janell and Maughan, Jason},
 title = {Combining Big Data and Thick Data Analyses for Understanding Youth Learning Trajectories in a Summer Coding Camp},
 booktitle = {Proceedings of the 47th ACM Technical Symposium on Computing Science Education},
 series = {SIGCSE '16},
 year = {2016},
 isbn = {978-1-4503-3685-7},
 location = {Memphis, Tennessee, USA},
 pages = {150--155},
 numpages = {6},
 url = {http://doi.acm.org/10.1145/2839509.2844631},
 doi = {10.1145/2839509.2844631},
 acmid = {2844631},
 publisher = {ACM},
 address = {New York, NY, USA},
 keywords = {assessment, big data, computer science education, constructionism, novice programmers, scratch},
}

@article{Repenning:2008:BPT:1352322.1352242,
 author = {Repenning, Alexander and Ioannidou, Andri},
 title = {Broadening Participation Through Scalable Game Design},
 journal = {SIGCSE Bull.},
 issue_date = {March 2008},
 volume = {40},
 number = {1},
 month = mar,
 year = {2008},
 issn = {0097-8418},
 pages = {305--309},
 numpages = {5},
 url = {http://doi.acm.org/10.1145/1352322.1352242},
 doi = {10.1145/1352322.1352242},
 acmid = {1352242},
 publisher = {ACM},
 address = {New York, NY, USA},
 keywords = {flow, game design, rapid prototyping},
}

@inproceedings{Repenning:2008:BPT:1352135.1352242,
 author = {Repenning, Alexander and Ioannidou, Andri},
 title = {Broadening Participation Through Scalable Game Design},
 booktitle = {Proceedings of the 39th SIGCSE Technical Symposium on Computer Science Education},
 series = {SIGCSE '08},
 year = {2008},
 isbn = {978-1-59593-799-5},
 location = {Portland, OR, USA},
 pages = {305--309},
 numpages = {5},
 url = {http://doi.acm.org/10.1145/1352135.1352242},
 doi = {10.1145/1352135.1352242},
 acmid = {1352242},
 publisher = {ACM},
 address = {New York, NY, USA},
 keywords = {flow, game design, rapid prototyping},
}

@inproceedings{Duran:2018:TAP:3230977.3230986,
 author = {Duran, Rodrigo and Sorva, Juha and Leite, Sofia},
 title = {Towards an Analysis of Program Complexity From a Cognitive Perspective},
 booktitle = {Proceedings of the 2018 ACM Conference on International Computing Education Research},
 series = {ICER '18},
 year = {2018},
 isbn = {978-1-4503-5628-2},
 location = {Espoo, Finland},
 pages = {21--30},
 numpages = {10},
 url = {http://doi.acm.org/10.1145/3230977.3230986},
 doi = {10.1145/3230977.3230986},
 acmid = {3230986},
 publisher = {ACM},
 address = {New York, NY, USA},
 keywords = {cognitive load theory, complexity, model of hierarchical complexity, plan-composition strategies, program cognitive complexity},
}

@inproceedings{Rich:2017:KLT:3105726.3106166,
 author = {Rich, Kathryn M. and Strickland, Carla and Binkowski, T. Andrew and Moran, Cheryl and Franklin, Diana},
 title = {K-8 Learning Trajectories Derived from Research Literature: Sequence, Repetition, Conditionals},
 booktitle = {Proceedings of the 2017 ACM Conference on International Computing Education Research},
 series = {ICER '17},
 year = {2017},
 isbn = {978-1-4503-4968-0},
 location = {Tacoma, Washington, USA},
 pages = {182--190},
 numpages = {9},
 url = {http://doi.acm.org/10.1145/3105726.3106166},
 doi = {10.1145/3105726.3106166},
 acmid = {3106166},
 publisher = {ACM},
 address = {New York, NY, USA},
 keywords = {K-6, computational thinking, learning trajectories},
}

@article{Fuller:2007:DCS:1345375.1345438,
 author = {Fuller, Ursula and Johnson, Colin G. and Ahoniemi, Tuukka and Cukierman, Diana and Hern\'{a}n-Losada, Isidoro and Jackova, Jana and Lahtinen, Essi and Lewis, Tracy L. and Thompson, Donna McGee and Riedesel, Charles and Thompson, Errol},
 title = {Developing a Computer Science-specific Learning Taxonomy},
 journal = {SIGCSE Bull.},
 issue_date = {December 2007},
 volume = {39},
 number = {4},
 month = dec,
 year = {2007},
 issn = {0097-8418},
 pages = {152--170},
 numpages = {19},
 url = {http://doi.acm.org/10.1145/1345375.1345438},
 doi = {10.1145/1345375.1345438},
 acmid = {1345438},
 publisher = {ACM},
 address = {New York, NY, USA},
 keywords = {assessment, benchmarking, computer science education, credit transfer, curricula, taxonomies of learning},
}

@inproceedings{Fuller:2007:DCS:1345443.1345438,
 author = {Fuller, Ursula and Johnson, Colin G. and Ahoniemi, Tuukka and Cukierman, Diana and Hern\'{a}n-Losada, Isidoro and Jackova, Jana and Lahtinen, Essi and Lewis, Tracy L. and Thompson, Donna McGee and Riedesel, Charles and Thompson, Errol},
 title = {Developing a Computer Science-specific Learning Taxonomy},
 booktitle = {Working Group Reports on ITiCSE on Innovation and Technology in Computer Science Education},
 series = {ITiCSE-WGR '07},
 year = {2007},
 location = {Dundee, Scotland},
 pages = {152--170},
 numpages = {19},
 url = {http://doi.acm.org/10.1145/1345443.1345438},
 doi = {10.1145/1345443.1345438},
 acmid = {1345438},
 publisher = {ACM},
 address = {New York, NY, USA},
 keywords = {assessment, benchmarking, computer science education, credit transfer, curricula, taxonomies of learning},
}

@article{Apiola:2012:CLE:2275597.2275600,
 author = {Apiola, Mikko and Lattu, Matti and Pasanen, Tomi A.},
 title = {Creativity-Supporting Learning Environment---CSLE},
 journal = {Trans. Comput. Educ.},
 issue_date = {July 2012},
 volume = {12},
 number = {3},
 month = jul,
 year = {2012},
 issn = {1946-6226},
 pages = {11:1--11:25},
 articleno = {11},
 numpages = {25},
 url = {http://doi.acm.org/10.1145/2275597.2275600},
 doi = {10.1145/2275597.2275600},
 acmid = {2275600},
 publisher = {ACM},
 address = {New York, NY, USA},
 keywords = {Robotics, creativity, motivation, open learning environment},
}

@article{Fields:2017:YCP:3135995.3123815,
 author = {Fields, Deborah A. and Kafai, Yasmin B. and Giang, Michael T.},
 title = {Youth Computational Participation in the Wild: Understanding Experience and Equity in Participating and Programming in the Online Scratch Community},
 journal = {ACM Trans. Comput. Educ.},
 issue_date = {August 2017},
 volume = {17},
 number = {3},
 month = aug,
 year = {2017},
 issn = {1946-6226},
 pages = {15:1--15:22},
 articleno = {15},
 numpages = {22},
 url = {http://doi.acm.org/10.1145/3123815},
 doi = {10.1145/3123815},
 acmid = {3123815},
 publisher = {ACM},
 address = {New York, NY, USA},
 keywords = {Computer science education, collaborative learning, computer supported collaborative learning, educational data mining, equity, learning analytics, social networking forums, social networking sites},
}

@inproceedings{Webb:2012:TET:2157136.2157191,
 author = {Webb, David C. and Repenning, Alexander and Koh, Kyu Han},
 title = {Toward an Emergent Theory of Broadening Participation in Computer Science Education},
 booktitle = {Proceedings of the 43rd ACM Technical Symposium on Computer Science Education},
 series = {SIGCSE '12},
 year = {2012},
 isbn = {978-1-4503-1098-7},
 location = {Raleigh, North Carolina, USA},
 pages = {173--178},
 numpages = {6},
 url = {http://doi.acm.org/10.1145/2157136.2157191},
 doi = {10.1145/2157136.2157191},
 acmid = {2157191},
 publisher = {ACM},
 address = {New York, NY, USA},
 keywords = {guided discovery, student interest, teacher-directed instruction},
}

@inproceedings{Buffum:2018:ICS:3159450.3159545,
 author = {Buffum, Philip Sheridan and Ying, Kimberly Michelle and Zheng, Xiaoxi and Boyer, Kristy Elizabeth and Wiebe, Eric N. and Mott, Bradford W. and Blackburn, David C. and Lester, James C.},
 title = {Introducing the Computer Science Concept of Variables in Middle School Science Classrooms},
 booktitle = {Proceedings of the 49th ACM Technical Symposium on Computer Science Education},
 series = {SIGCSE '18},
 year = {2018},
 isbn = {978-1-4503-5103-4},
 location = {Baltimore, Maryland, USA},
 pages = {906--911},
 numpages = {6},
 url = {http://doi.acm.org/10.1145/3159450.3159545},
 doi = {10.1145/3159450.3159545},
 acmid = {3159545},
 publisher = {ACM},
 address = {New York, NY, USA},
 keywords = {computational thinking, middle school, science classrooms},
}

@inproceedings{Mees:2017:RAI:3130859.3131315,
 author = {Mees, Martyn and Jay, Tim and Habgood, Jacob and Howard-Jones, Paul},
 title = {Researching Adaptivity for Individual Differences in Numeracy Games},
 booktitle = {Extended Abstracts Publication of the Annual Symposium on Computer-Human Interaction in Play},
 series = {CHI PLAY '17 Extended Abstracts},
 year = {2017},
 isbn = {978-1-4503-5111-9},
 location = {Amsterdam, The Netherlands},
 pages = {247--253},
 numpages = {7},
 url = {http://doi.acm.org/10.1145/3130859.3131315},
 doi = {10.1145/3130859.3131315},
 acmid = {3131315},
 publisher = {ACM},
 address = {New York, NY, USA},
 keywords = {adaptivity, analytics, free-to-play, game based learning, mathematics cognition},
}

@article{Ryoo:2019:PSC:3345033.3322210,
 author = {Ryoo, Jean J.},
 title = {Pedagogy That Supports Computer Science for All},
 journal = {ACM Trans. Comput. Educ.},
 issue_date = {July 2019},
 volume = {19},
 number = {4},
 month = jul,
 year = {2019},
 issn = {1946-6226},
 pages = {36:1--36:23},
 articleno = {36},
 numpages = {23},
 url = {http://doi.acm.org/10.1145/3322210},
 doi = {10.1145/3322210},
 acmid = {3322210},
 publisher = {ACM},
 address = {New York, NY, USA},
 keywords = {CS for All, Pedagogy, engagement, equity},
}

@inproceedings{Dhariwal:2018:SMV:3202185.3202770,
 author = {Dhariwal, Shruti},
 title = {Scratch Memories: A Visualization Tool for Children to Celebrate and Reflect on Their Creative Trajectories},
 booktitle = {Proceedings of the 17th ACM Conference on Interaction Design and Children},
 series = {IDC '18},
 year = {2018},
 isbn = {978-1-4503-5152-2},
 location = {Trondheim, Norway},
 pages = {449--455},
 numpages = {7},
 url = {http://doi.acm.org/10.1145/3202185.3202770},
 doi = {10.1145/3202185.3202770},
 acmid = {3202770},
 publisher = {ACM},
 address = {New York, NY, USA},
 keywords = {computing education, scratch, self-reflection, social computing, technology mediated reflection, visualization},
}

@inproceedings{Wagh:2017:RCT:3141798.3141808,
 author = {Wagh, Aditi and Gravel, Brian and Tucker-Raymond, Eli},
 title = {The Role of Computational Thinking Practices in Making: How Beginning Youth Makers Encounter \& Appropriate CT Practices in Making},
 booktitle = {Proceedings of the 7th Annual Conference on Creativity and Fabrication in Education},
 series = {FabLearn '17},
 year = {2017},
 isbn = {978-1-4503-6349-5},
 location = {Stanford, CA, USA},
 pages = {9:1--9:8},
 articleno = {9},
 numpages = {8},
 url = {http://doi.acm.org/10.1145/3141798.3141808},
 doi = {10.1145/3141798.3141808},
 acmid = {3141808},
 publisher = {ACM},
 address = {New York, NY, USA},
 keywords = {Computational thinking, digital fabrication, learning, making},
}

@article{Brown:2017:NJP:3090098.2994154,
 author = {Brown, Neil C. C. and Altadmri, Amjad},
 title = {Novice Java Programming Mistakes: Large-Scale Data vs. Educator Beliefs},
 journal = {ACM Trans. Comput. Educ.},
 issue_date = {June 2017},
 volume = {17},
 number = {2},
 month = may,
 year = {2017},
 issn = {1946-6226},
 pages = {7:1--7:21},
 articleno = {7},
 numpages = {21},
 url = {http://doi.acm.org/10.1145/2994154},
 doi = {10.1145/2994154},
 acmid = {2994154},
 publisher = {ACM},
 address = {New York, NY, USA},
 keywords = {Programming mistakes, blackbox, educators, java},
}

@inproceedings{Hornung:2011:PCT:2094131.2094163,
 author = {Hornung, Malte and Schulte, Carsten},
 title = {ProspectiveTeachers@Research: CS Teacher Education Revised},
 booktitle = {Proceedings of the 11th Koli Calling International Conference on Computing Education Research},
 series = {Koli Calling '11},
 year = {2011},
 isbn = {978-1-4503-1052-9},
 location = {Koli, Finland},
 pages = {138--143},
 numpages = {6},
 url = {http://doi.acm.org/10.1145/2094131.2094163},
 doi = {10.1145/2094131.2094163},
 acmid = {2094163},
 publisher = {ACM},
 address = {New York, NY, USA},
 keywords = {CS, CS Ed research, educational research, pedagogy, school lab, teacher education},
}

@inproceedings{Kolikant:2005:SAS:1089786.1089790,
 author = {Kolikant, Yifat Ben-David},
 title = {Students' Alternative Standards for Correctness},
 booktitle = {Proceedings of the First International Workshop on Computing Education Research},
 series = {ICER '05},
 year = {2005},
 isbn = {1-59593-043-4},
 location = {Seattle, WA, USA},
 pages = {37--43},
 numpages = {7},
 url = {http://doi.acm.org/10.1145/1089786.1089790},
 doi = {10.1145/1089786.1089790},
 acmid = {1089790},
 publisher = {ACM},
 address = {New York, NY, USA},
 keywords = {conceptions, correctness, norms, practices},
}

@inproceedings{Kalmpourtzis:2014:FJG:2559206.2580101,
 author = {Kalmpourtzis, George},
 title = {Find the Jackalop: A Game Enhancing Young Children's Spatial Thinking},
 booktitle = {CHI '14 Extended Abstracts on Human Factors in Computing Systems},
 series = {CHI EA '14},
 year = {2014},
 isbn = {978-1-4503-2474-8},
 location = {Toronto, Ontario, Canada},
 pages = {273--276},
 numpages = {4},
 url = {http://doi.acm.org/10.1145/2559206.2580101},
 doi = {10.1145/2559206.2580101},
 acmid = {2580101},
 publisher = {ACM},
 address = {New York, NY, USA},
 keywords = {collaborative technology, early childhood mathematics, game-based learning, interactive tabletops, mobile learning, spatial thinking},
}

@inproceedings{Fan:2016:EDS:2839462.2854104,
 author = {Fan, Min and Antle, Alissa N. and Cramer, Emily S.},
 title = {Exploring the Design Space of Tangible Systems Supported for Early Reading Acquisition in Children with Dyslexia},
 booktitle = {Proceedings of the TEI '16: Tenth International Conference on Tangible, Embedded, and Embodied Interaction},
 series = {TEI '16},
 year = {2016},
 isbn = {978-1-4503-3582-9},
 location = {Eindhoven, Netherlands},
 pages = {689--692},
 numpages = {4},
 url = {http://doi.acm.org/10.1145/2839462.2854104},
 doi = {10.1145/2839462.2854104},
 acmid = {2854104},
 publisher = {ACM},
 address = {New York, NY, USA},
 keywords = {Children with Dyslexia, Reading, Tangible User Interface},
}

@inproceedings{Koning:2017:ICT:3141880.3141908,
 author = {Koning, Josina I. and Faber, Hylke H. and Wierdsma, Menno D. M.},
 title = {Introducing Computational Thinking to 5 and 6 Year Old Students in Dutch Primary Schools: An Educational Design Research Study},
 booktitle = {Proceedings of the 17th Koli Calling International Conference on Computing Education Research},
 series = {Koli Calling '17},
 year = {2017},
 isbn = {978-1-4503-5301-4},
 location = {Koli, Finland},
 pages = {189--190},
 numpages = {2},
 url = {http://doi.acm.org/10.1145/3141880.3141908},
 doi = {10.1145/3141880.3141908},
 acmid = {3141908},
 publisher = {ACM},
 address = {New York, NY, USA},
 keywords = {computational thinking, early childhood, educational design research, primary education, unplugged},
}

@inproceedings{Nelson:2018:UTC:3230977.3230992,
 author = {Nelson, Greg L. and Ko, Andrew J.},
 title = {On Use of Theory in Computing Education Research},
 booktitle = {Proceedings of the 2018 ACM Conference on International Computing Education Research},
 series = {ICER '18},
 year = {2018},
 isbn = {978-1-4503-5628-2},
 location = {Espoo, Finland},
 pages = {31--39},
 numpages = {9},
 url = {http://doi.acm.org/10.1145/3230977.3230992},
 doi = {10.1145/3230977.3230992},
 acmid = {3230992},
 publisher = {ACM},
 address = {New York, NY, USA},
 keywords = {cognitive load theory, design, design science, domain-specific theory, peer review, publication bias, theory},
}

@inproceedings{Aivaloglou:2019:EPE:3287324.3287358,
 author = {Aivaloglou, Efthimia and Hermans, Felienne},
 title = {Early Programming Education and Career Orientation: The Effects of Gender, Self-Efficacy, Motivation and Stereotypes},
 booktitle = {Proceedings of the 50th ACM Technical Symposium on Computer Science Education},
 series = {SIGCSE '19},
 year = {2019},
 isbn = {978-1-4503-5890-3},
 location = {Minneapolis, MN, USA},
 pages = {679--685},
 numpages = {7},
 url = {http://doi.acm.org/10.1145/3287324.3287358},
 doi = {10.1145/3287324.3287358},
 acmid = {3287358},
 publisher = {ACM},
 address = {New York, NY, USA},
 keywords = {cs career orientation, k12, programming education, scratch, self-efficacy},
}

@inproceedings{Kalmpourtzis:2014:FJG:2611780.2581506,
 author = {Kalmpourtzis, George},
 title = {Find the Jackalop: A Game Enhancing Young Children's Spatial Thinking},
 booktitle = {Proceedings of the Extended Abstracts of the 32Nd Annual ACM Conference on Human Factors in Computing Systems},
 series = {CHI EA '14},
 year = {2014},
 isbn = {978-1-4503-2474-8},
 location = {Toronto, Ontario, Canada},
 pages = {1165--1170},
 numpages = {6},
 url = {http://doi.acm.org/10.1145/2559206.2581506},
 doi = {10.1145/2559206.2581506},
 acmid = {2581506},
 publisher = {ACM},
 address = {New York, NY, USA},
 keywords = {collaborative technology, early childhood mathematics, game-based learning, interactive tabletops, mobile learning, spatial thinking},
}

@inproceedings{Kalmpourtzis:2014:FJG:2559206.2581506,
 author = {Kalmpourtzis, George},
 title = {Find the Jackalop: A Game Enhancing Young Children's Spatial Thinking},
 booktitle = {CHI '14 Extended Abstracts on Human Factors in Computing Systems},
 series = {CHI EA '14},
 year = {2014},
 isbn = {978-1-4503-2474-8},
 location = {Toronto, Ontario, Canada},
 pages = {1165--1170},
 numpages = {6},
 url = {http://doi.acm.org/10.1145/2559206.2581506},
 doi = {10.1145/2559206.2581506},
 acmid = {2581506},
 publisher = {ACM},
 address = {New York, NY, USA},
 keywords = {collaborative technology, early childhood mathematics, game-based learning, interactive tabletops, mobile learning, spatial thinking},
}

@inproceedings{Franklin:2017:UUS:3017680.3017760,
 author = {Franklin, Diana and Skifstad, Gabriela and Rolock, Reiny and Mehrotra, Isha and Ding, Valerie and Hansen, Alexandria and Weintrop, David and Harlow, Danielle},
 title = {Using Upper-Elementary Student Performance to Understand Conceptual Sequencing in a Blocks-based Curriculum},
 booktitle = {Proceedings of the 2017 ACM SIGCSE Technical Symposium on Computer Science Education},
 series = {SIGCSE '17},
 year = {2017},
 isbn = {978-1-4503-4698-6},
 location = {Seattle, Washington, USA},
 pages = {231--236},
 numpages = {6},
 url = {http://doi.acm.org/10.1145/3017680.3017760},
 doi = {10.1145/3017680.3017760},
 acmid = {3017760},
 publisher = {ACM},
 address = {New York, NY, USA},
 keywords = {computer science education, elementary school, graphical programming, middle school, novice programming languages},
}

@inproceedings{Amo:2013:MEA:2536536.2536570,
 author = {Amo, Daniel},
 title = {MOOCs: Experimental Approaches for Quality in Pedagogical and Design Fundamentals},
 booktitle = {Proceedings of the First International Conference on Technological Ecosystem for Enhancing Multiculturality},
 series = {TEEM '13},
 year = {2013},
 isbn = {978-1-4503-2345-1},
 location = {Salamanca, Spain},
 pages = {219--223},
 numpages = {5},
 url = {http://doi.acm.org/10.1145/2536536.2536570},
 doi = {10.1145/2536536.2536570},
 acmid = {2536570},
 publisher = {ACM},
 address = {New York, NY, USA},
 keywords = {MOOC, learning design, online learning, open educational resources, pedagogy},
}

@inproceedings{Pitt:2017:DTG:3078072.3079716,
 author = {Pitt, Caroline and Davis, Katie},
 title = {Designing Together?: Group Dynamics in Participatory Digital Badge Design with Teens},
 booktitle = {Proceedings of the 2017 Conference on Interaction Design and Children},
 series = {IDC '17},
 year = {2017},
 isbn = {978-1-4503-4921-5},
 location = {Stanford, California, USA},
 pages = {322--327},
 numpages = {6},
 url = {http://doi.acm.org/10.1145/3078072.3079716},
 doi = {10.1145/3078072.3079716},
 acmid = {3079716},
 publisher = {ACM},
 address = {New York, NY, USA},
 keywords = {case study, co-design, digital badges, participatory design, power dynamics, reflection-on-action},
}

@inproceedings{Weintrop:2018:SSO:3230977.3230988,
 author = {Weintrop, David and Hansen, Alexandria K. and Harlow, Danielle B. and Franklin, Diana},
 title = {Starting from Scratch: Outcomes of Early Computer Science Learning Experiences and Implications for What Comes Next},
 booktitle = {Proceedings of the 2018 ACM Conference on International Computing Education Research},
 series = {ICER '18},
 year = {2018},
 isbn = {978-1-4503-5628-2},
 location = {Espoo, Finland},
 pages = {142--150},
 numpages = {9},
 url = {http://doi.acm.org/10.1145/3230977.3230988},
 doi = {10.1145/3230977.3230988},
 acmid = {3230988},
 publisher = {ACM},
 address = {New York, NY, USA},
 keywords = {block-based programming, elementary computer science education, introductory computing curricula, learning},
}

@inproceedings{Strawhacker:2013:TGH:2485760.2485825,
 author = {Strawhacker, Amanda and Sullivan, Amanda and Bers, Marina Umaschi},
 title = {TUI, GUI, HUI: Is a Bimodal Interface Truly Worth the Sum of Its Parts?},
 booktitle = {Proceedings of the 12th International Conference on Interaction Design and Children},
 series = {IDC '13},
 year = {2013},
 isbn = {978-1-4503-1918-8},
 location = {New York, New York, USA},
 pages = {309--312},
 numpages = {4},
 url = {http://doi.acm.org/10.1145/2485760.2485825},
 doi = {10.1145/2485760.2485825},
 acmid = {2485825},
 publisher = {ACM},
 address = {New York, NY, USA},
 keywords = {early childhood, kindergarten, programming interfaces, robotics, tangible programming},
}

@inproceedings{Blikstein:2013:MMF:2485760.2485884,
 author = {Blikstein, Paulo and Krannich, Dennis},
 title = {The Makers' Movement and FabLabs in Education: Experiences, Technologies, and Research},
 booktitle = {Proceedings of the 12th International Conference on Interaction Design and Children},
 series = {IDC '13},
 year = {2013},
 isbn = {978-1-4503-1918-8},
 location = {New York, New York, USA},
 pages = {613--616},
 numpages = {4},
 url = {http://doi.acm.org/10.1145/2485760.2485884},
 doi = {10.1145/2485760.2485884},
 acmid = {2485884},
 publisher = {ACM},
 address = {New York, NY, USA},
 keywords = {FabLabs, constructionism, digital fabrication, education, making},
}

@inproceedings{Waite:2018:CKT:3265757.3265761,
 author = {Waite, Jane and Curzon, Paul and Marsh, William and Sentance, Sue},
 title = {Comparing K-5 Teachers' Reported Use of Design in Teaching Programming and Planning in Teaching Writing},
 booktitle = {Proceedings of the 13th Workshop in Primary and Secondary Computing Education},
 series = {WiPSCE '18},
 year = {2018},
 isbn = {978-1-4503-6588-8},
 location = {Potsdam, Germany},
 pages = {4:1--4:10},
 articleno = {4},
 numpages = {10},
 url = {http://doi.acm.org/10.1145/3265757.3265761},
 doi = {10.1145/3265757.3265761},
 acmid = {3265761},
 publisher = {ACM},
 address = {New York, NY, USA},
 keywords = {K-5 computing education, design, programming, teachers},
}

@inproceedings{Heiner:2018:RES:3159450.3159567,
 author = {Heiner, Cecily},
 title = {A Robotics Experience for All the Students in an Elementary School},
 booktitle = {Proceedings of the 49th ACM Technical Symposium on Computer Science Education},
 series = {SIGCSE '18},
 year = {2018},
 isbn = {978-1-4503-5103-4},
 location = {Baltimore, Maryland, USA},
 pages = {729--734},
 numpages = {6},
 url = {http://doi.acm.org/10.1145/3159450.3159567},
 doi = {10.1145/3159450.3159567},
 acmid = {3159567},
 publisher = {ACM},
 address = {New York, NY, USA},
 keywords = {elementary, k5, robotics},
}

@inproceedings{Koh:2014:EVC:2591708.2591724,
 author = {Koh, Kyu Han and Nickerson, Hilarie and Basawapatna, Ashok and Repenning, Alexander},
 title = {Early Validation of Computational Thinking Pattern Analysis},
 booktitle = {Proceedings of the 2014 Conference on Innovation \&\#38; Technology in Computer Science Education},
 series = {ITiCSE '14},
 year = {2014},
 isbn = {978-1-4503-2833-3},
 location = {Uppsala, Sweden},
 pages = {213--218},
 numpages = {6},
 url = {http://doi.acm.org/10.1145/2591708.2591724},
 doi = {10.1145/2591708.2591724},
 acmid = {2591724},
 publisher = {ACM},
 address = {New York, NY, USA},
 keywords = {computational thinking, computational thinking assessment, computational thinking pattern analysis, cyberlearning infrastructure, end user programming},
}

@inproceedings{Rich:2019:KDL:3287324.3287396,
 author = {Rich, Kathryn M. and Strickland, Carla and Binkowski, T. Andrew and Franklin, Diana},
 title = {A K-8 Debugging Learning Trajectory Derived from Research Literature},
 booktitle = {Proceedings of the 50th ACM Technical Symposium on Computer Science Education},
 series = {SIGCSE '19},
 year = {2019},
 isbn = {978-1-4503-5890-3},
 location = {Minneapolis, MN, USA},
 pages = {745--751},
 numpages = {7},
 url = {http://doi.acm.org/10.1145/3287324.3287396},
 doi = {10.1145/3287324.3287396},
 acmid = {3287396},
 publisher = {ACM},
 address = {New York, NY, USA},
 keywords = {computational thinking, debugging, k-8, learning trajectory},
}

@inproceedings{Weidler-Lewis:2019:WDM:3311890.3311916,
 author = {Weidler-Lewis, Joanna and Graville, Cynthia},
 title = {Whose Design Matters?: Co-designing Making Activities with and for Hyper-marginalized Families},
 booktitle = {Proceedings of FabLearn 2019},
 series = {FL2019},
 year = {2019},
 isbn = {978-1-4503-6244-3},
 location = {New York, NY, USA},
 pages = {160--163},
 numpages = {4},
 url = {http://doi.acm.org/10.1145/3311890.3311916},
 doi = {10.1145/3311890.3311916},
 acmid = {3311916},
 publisher = {ACM},
 address = {New York, NY, USA},
 keywords = {Critical Making, Incarcerated Women and Families, Informal Education, Research-Practice Partnerships, Tinkering},
}

@inproceedings{Long:2018:ESL:3170358.3170411,
 author = {Long, Yanjin and Holstein, Kenneth and Aleven, Vincent},
 title = {What Exactly Do Students Learn when They Practice Equation Solving?: Refining Knowledge Components with the Additive Factors Model},
 booktitle = {Proceedings of the 8th International Conference on Learning Analytics and Knowledge},
 series = {LAK '18},
 year = {2018},
 isbn = {978-1-4503-6400-3},
 location = {Sydney, New South Wales, Australia},
 pages = {399--408},
 numpages = {10},
 url = {http://doi.acm.org/10.1145/3170358.3170411},
 doi = {10.1145/3170358.3170411},
 acmid = {3170411},
 publisher = {ACM},
 address = {New York, NY, USA},
 keywords = {K-12, educational data mining, equation solving, intelligent tutoring systems, knowledge components, student modeling},
}

@inproceedings{Andrade:2017:USL:3027385.3027429,
 author = {Andrade, Alejandro},
 title = {Understanding Student Learning Trajectories Using Multimodal Learning Analytics Within an Embodied-interaction Learning Environment},
 booktitle = {Proceedings of the Seventh International Learning Analytics \&\#38; Knowledge Conference},
 series = {LAK '17},
 year = {2017},
 isbn = {978-1-4503-4870-6},
 location = {Vancouver, British Columbia, Canada},
 pages = {70--79},
 numpages = {10},
 url = {http://doi.acm.org/10.1145/3027385.3027429},
 doi = {10.1145/3027385.3027429},
 acmid = {3027429},
 publisher = {ACM},
 address = {New York, NY, USA},
 keywords = {embodied cognition, embodiment, learning environments, multimodal learning analytics, science education, sensing technologies},
}

@inproceedings{Larmuseau:2018:ISC:3170358.3170363,
 author = {Larmuseau, Charlotte and Elen, Jan and Depaepe, Fien},
 title = {The Influence of Students' Cognitive and Motivational Characteristics on Students' Use of a 4C/ID-based Online Learning Environment and Their Learning Gain},
 booktitle = {Proceedings of the 8th International Conference on Learning Analytics and Knowledge},
 series = {LAK '18},
 year = {2018},
 isbn = {978-1-4503-6400-3},
 location = {Sydney, New South Wales, Australia},
 pages = {171--180},
 numpages = {10},
 url = {http://doi.acm.org/10.1145/3170358.3170363},
 doi = {10.1145/3170358.3170363},
 acmid = {3170363},
 publisher = {ACM},
 address = {New York, NY, USA},
 keywords = {adaptive learning, instructional design, online learning},
}

@inproceedings{Rich:2018:UCT:3230977.3231010,
 author = {Rich, Kathryn M.},
 title = {Using Computational Thinking to Transform Elementary Mathematics Instruction},
 booktitle = {Proceedings of the 2018 ACM Conference on International Computing Education Research},
 series = {ICER '18},
 year = {2018},
 isbn = {978-1-4503-5628-2},
 location = {Espoo, Finland},
 pages = {286--287},
 numpages = {2},
 url = {http://doi.acm.org/10.1145/3230977.3231010},
 doi = {10.1145/3230977.3231010},
 acmid = {3231010},
 publisher = {ACM},
 address = {New York, NY, USA},
 keywords = {computational thinking, k-5, mathematics},
}

@inproceedings{Rizvi:2018:TDM:3279996.3280035,
 author = {Rizvi, Saman and Rienties, Bart and Rogaten, Jekaterina},
 title = {Temporal Dynamics of MOOC Learning Trajectories},
 booktitle = {Proceedings of the First International Conference on Data Science, E-learning and Information Systems},
 series = {DATA '18},
 year = {2018},
 isbn = {978-1-4503-6536-9},
 location = {Madrid, Spain},
 pages = {39:1--39:6},
 articleno = {39},
 numpages = {6},
 url = {http://doi.acm.org/10.1145/3279996.3280035},
 doi = {10.1145/3279996.3280035},
 acmid = {3280035},
 publisher = {ACM},
 address = {New York, NY, USA},
 keywords = {MOOCs, behavioral analysis, educational process mining, temporal modelling},
}

@article{O'Dwyer:1998:ESE:290320.282997,
 author = {O'Dwyer, Tom},
 title = {Educational Software\&Mdash;a European Perspective},
 journal = {SIGCSE Bull.},
 issue_date = {Sept. 1998},
 volume = {30},
 number = {3},
 month = aug,
 year = {1998},
 issn = {0097-8418},
 pages = {10--13},
 numpages = {4},
 url = {http://doi.acm.org/10.1145/290320.282997},
 doi = {10.1145/290320.282997},
 acmid = {282997},
 publisher = {ACM},
 address = {New York, NY, USA},
}

@inproceedings{O'Dwyer:1998:ESE:282991.282997,
 author = {O'Dwyer, Tom},
 title = {Educational Software\&Mdash;a European Perspective},
 booktitle = {Proceedings of the 6th Annual Conference on the Teaching of Computing and the 3rd Annual Conference on Integrating Technology into Computer Science Education: Changing the Delivery of Computer Science Education},
 series = {ITiCSE '98},
 year = {1998},
 isbn = {1-58113-000-7},
 location = {Dublin City Univ., Ireland},
 pages = {10--13},
 numpages = {4},
 url = {http://doi.acm.org/10.1145/282991.282997},
 doi = {10.1145/282991.282997},
 acmid = {282997},
 publisher = {ACM},
 address = {New York, NY, USA},
}

@article{Repenning:2012:PGB:2160718.2160729,
 author = {Repenning, Alexander},
 title = {Programming Goes Back to School},
 journal = {Commun. ACM},
 issue_date = {May 2012},
 volume = {55},
 number = {5},
 month = may,
 year = {2012},
 issn = {0001-0782},
 pages = {38--40},
 numpages = {3},
 url = {http://doi.acm.org/10.1145/2160718.2160729},
 doi = {10.1145/2160718.2160729},
 acmid = {2160729},
 publisher = {ACM},
 address = {New York, NY, USA},
}

@inproceedings{Grover:2014:RMC:2538862.2538934,
 author = {Grover, Shuchi and Pea, Roy and Cooper, Stephen},
 title = {Remedying Misperceptions of Computer Science Among Middle School Students},
 booktitle = {Proceedings of the 45th ACM Technical Symposium on Computer Science Education},
 series = {SIGCSE '14},
 year = {2014},
 isbn = {978-1-4503-2605-6},
 location = {Atlanta, Georgia, USA},
 pages = {343--348},
 numpages = {6},
 url = {http://doi.acm.org/10.1145/2538862.2538934},
 doi = {10.1145/2538862.2538934},
 acmid = {2538934},
 publisher = {ACM},
 address = {New York, NY, USA},
 keywords = {K-12 curriculum development, computer science education, definition of computer science, identity, middle school, perceptions of computing},
}

@inproceedings{Hui:2017:LAI:3085585.3085586,
 author = {Hui, Bowen and Farvolden, Shannon},
 title = {How Can Learning Analytics Improve a Course?},
 booktitle = {Proceedings of the 22Nd Western Canadian Conference on Computing Education},
 series = {WCCCE '17},
 year = {2017},
 isbn = {978-1-4503-5066-2},
 location = {Abbotsford, BC, Canada},
 pages = {1:1--1:6},
 articleno = {1},
 numpages = {6},
 url = {http://doi.acm.org/10.1145/3085585.3085586},
 doi = {10.1145/3085585.3085586},
 acmid = {3085586},
 publisher = {ACM},
 address = {New York, NY, USA},
 keywords = {CS1, evidence-based course design, learning analytics, needs analysis},
}

@inproceedings{Fratamico:2017:VAT:3051457.3051468,
 author = {Fratamico, Lauren and Perez, Sarah and Roll, Ido},
 title = {A Visual Approach Towards Knowledge Engineering and Understanding How Students Learn in Complex Environments},
 booktitle = {Proceedings of the Fourth (2017) ACM Conference on Learning @ Scale},
 series = {L@S '17},
 year = {2017},
 isbn = {978-1-4503-4450-0},
 location = {Cambridge, Massachusetts, USA},
 pages = {13--22},
 numpages = {10},
 url = {http://doi.acm.org/10.1145/3051457.3051468},
 doi = {10.1145/3051457.3051468},
 acmid = {3051468},
 publisher = {ACM},
 address = {New York, NY, USA},
 keywords = {educational data mining, exploratory data analysis, exploratory learning environments, interactive virtual labs, learning analytics, learning strategies, temporal data, visual analytics},
}

@inproceedings{Wise:2019:TCN:3303772.3303840,
 author = {Wise, Alyssa Friend and Cui, Yi},
 title = {Top Concept Networks of Professional Education Reflections},
 booktitle = {Proceedings of the 9th International Conference on Learning Analytics \& Knowledge},
 series = {LAK19},
 year = {2019},
 isbn = {978-1-4503-6256-6},
 location = {Tempe, AZ, USA},
 pages = {260--264},
 numpages = {5},
 url = {http://doi.acm.org/10.1145/3303772.3303840},
 doi = {10.1145/3303772.3303840},
 acmid = {3303840},
 publisher = {ACM},
 address = {New York, NY, USA},
 keywords = {Reflection, concept network, professional education},
}

@inproceedings{Bahuguna:2013:TLR:2506095.2506142,
 author = {Bahuguna, Jyoti and Chittawadigi, Rajeevlochana G. and Saha, Subir K.},
 title = {Teaching and Learning of Robot Kinematics Using RoboAnalyzer Software},
 booktitle = {Proceedings of Conference on Advances In Robotics},
 series = {AIR '13},
 year = {2013},
 isbn = {978-1-4503-2347-5},
 location = {Pune, India},
 pages = {52:1--52:6},
 articleno = {52},
 numpages = {6},
 url = {http://doi.acm.org/10.1145/2506095.2506142},
 doi = {10.1145/2506095.2506142},
 acmid = {2506142},
 publisher = {ACM},
 address = {New York, NY, USA},
 keywords = {3D Robot Models, DH Parameters, Inverse Kinematics, Robotics Learning Software},
}

@inproceedings{Thayer:2017:BFC:3105726.3106176,
 author = {Thayer, Kyle and Ko, Andrew J.},
 title = {Barriers Faced by Coding Bootcamp Students},
 booktitle = {Proceedings of the 2017 ACM Conference on International Computing Education Research},
 series = {ICER '17},
 year = {2017},
 isbn = {978-1-4503-4968-0},
 location = {Tacoma, Washington, USA},
 pages = {245--253},
 numpages = {9},
 url = {http://doi.acm.org/10.1145/3105726.3106176},
 doi = {10.1145/3105726.3106176},
 acmid = {3106176},
 publisher = {ACM},
 address = {New York, NY, USA},
 keywords = {career change, coding bootcamps, communities of practice, computer science education},
}

@inproceedings{Weintrop:2013:KYE:2485760.2485789,
 author = {Weintrop, David and Wilensky, Uri},
 title = {Know Your Enemy: Learning from In-game Opponents},
 booktitle = {Proceedings of the 12th International Conference on Interaction Design and Children},
 series = {IDC '13},
 year = {2013},
 isbn = {978-1-4503-1918-8},
 location = {New York, New York, USA},
 pages = {408--411},
 numpages = {4},
 url = {http://doi.acm.org/10.1145/2485760.2485789},
 doi = {10.1145/2485760.2485789},
 acmid = {2485789},
 publisher = {ACM},
 address = {New York, NY, USA},
 keywords = {computer science education, design, game-based learning, visual programming},
}

@inproceedings{Ferreira:2019:AAT:3297280.3297324,
 author = {Ferreira, M\'{a}rcia Val{\'e}ria Rodrigues and Garc\'{\i}a, Laura S\'{a}nchez and Guedes, Andr{\'e} Luiz Pires and Veronez, Djanira Aparecida da Luz and de Ara\'{u}jo Sandrini, Celia Regina Alves and de Araujo, Carlos Eduardo},
 title = {Anatome: Anatomy Teaching and Learning Designed for All},
 booktitle = {Proceedings of the 34th ACM/SIGAPP Symposium on Applied Computing},
 series = {SAC '19},
 year = {2019},
 isbn = {978-1-4503-5933-7},
 location = {Limassol, Cyprus},
 pages = {474--483},
 numpages = {10},
 url = {http://doi.acm.org/10.1145/3297280.3297324},
 doi = {10.1145/3297280.3297324},
 acmid = {3297324},
 publisher = {ACM},
 address = {New York, NY, USA},
 keywords = {acessibility, anatomical identification, assistive technology, educational technologies, training},
}

@inproceedings{Fernandez-Reyes:2018:IOG:3270112.3270118,
 author = {Fernandez-Reyes, Kiko and Clarke, Dave and Hornbach, Janina},
 title = {The Impact of Opt-in Gamification on Students' Grades in a Software Design Course},
 booktitle = {Proceedings of the 21st ACM/IEEE International Conference on Model Driven Engineering Languages and Systems: Companion Proceedings},
 series = {MODELS '18},
 year = {2018},
 isbn = {978-1-4503-5965-8},
 location = {Copenhagen, Denmark},
 pages = {90--97},
 numpages = {8},
 url = {http://doi.acm.org/10.1145/3270112.3270118},
 doi = {10.1145/3270112.3270118},
 acmid = {3270118},
 publisher = {ACM},
 address = {New York, NY, USA},
 keywords = {UML, education, gamification, software design},
}

@inproceedings{Niemela:2017:CTE:3141880.3141885,
 author = {Niemel\"{a}, Pia and Partanen, Tiina and Harsu, Maarit and Lepp\"{a}nen, Leo and Ihantola, Petri},
 title = {Computational Thinking As an Emergent Learning Trajectory of Mathematics},
 booktitle = {Proceedings of the 17th Koli Calling International Conference on Computing Education Research},
 series = {Koli Calling '17},
 year = {2017},
 isbn = {978-1-4503-5301-4},
 location = {Koli, Finland},
 pages = {70--79},
 numpages = {10},
 url = {http://doi.acm.org/10.1145/3141880.3141885},
 doi = {10.1145/3141880.3141885},
 acmid = {3141885},
 publisher = {ACM},
 address = {New York, NY, USA},
 keywords = {K-12 computer science curriculum, computational thinking, in-service teacher training, learning trajectory, math-integrated computing},
}

@inproceedings{Chang:2013:PFD:2485760.2485809,
 author = {Chang, Angela and Nunez, David and Roberts, Tom and Sengeh, David and Breazeal, Cynthia},
 title = {Pre-pilot Findings on Developing a Literacy Tablet},
 booktitle = {Proceedings of the 12th International Conference on Interaction Design and Children},
 series = {IDC '13},
 year = {2013},
 isbn = {978-1-4503-1918-8},
 location = {New York, New York, USA},
 pages = {471--474},
 numpages = {4},
 url = {http://doi.acm.org/10.1145/2485760.2485809},
 doi = {10.1145/2485760.2485809},
 acmid = {2485809},
 publisher = {ACM},
 address = {New York, NY, USA},
 keywords = {developing countries, literacy tablet, tablet interaction, technology implementation},
}

@inproceedings{Baker:2015:LWW:2788412.2788417,
 author = {Baker, Michael J.},
 title = {Learning in Work, Work in Learning: Relations Between Constructive Ergonomics and the Learning Sciences},
 booktitle = {Proceedings of the European Conference on Cognitive Ergonomics 2015},
 series = {ECCE '15},
 year = {2007},
 isbn = {978-1-4503-3612-3},
 location = {Warsaw, Poland},
 pages = {5:1--5:5},
 articleno = {5},
 numpages = {5},
 url = {http://doi.acm.org/10.1145/2788412.2788417},
 doi = {10.1145/2788412.2788417},
 acmid = {2788417},
 publisher = {ACM},
 address = {New York, NY, USA},
 keywords = {Constructive Ergonomics, Design-Based Research, Learning Sciences, developmental theory, situated learning},
}

@inproceedings{Reilly:2019:DST:3303772.3303832,
 author = {Reilly, Joseph M. and Dede, Chris},
 title = {Differences in Student Trajectories via Filtered Time Series Analysis in an Immersive Virtual World},
 booktitle = {Proceedings of the 9th International Conference on Learning Analytics \& Knowledge},
 series = {LAK19},
 year = {2019},
 isbn = {978-1-4503-6256-6},
 location = {Tempe, AZ, USA},
 pages = {130--134},
 numpages = {5},
 url = {http://doi.acm.org/10.1145/3303772.3303832},
 doi = {10.1145/3303772.3303832},
 acmid = {3303832},
 publisher = {ACM},
 address = {New York, NY, USA},
 keywords = {immersive virtual world, learning analytics, log file analysis, scientific inquiry, time-series analysis},
}

@inproceedings{Herman:2017:ACD:3105726.3106172,
 author = {Herman, Geoffrey L. and Choi, Dong San},
 title = {The Affordances and Constraints of Diagrams on Students' Reasoning About State Machines},
 booktitle = {Proceedings of the 2017 ACM Conference on International Computing Education Research},
 series = {ICER '17},
 year = {2017},
 isbn = {978-1-4503-4968-0},
 location = {Tacoma, Washington, USA},
 pages = {173--181},
 numpages = {9},
 url = {http://doi.acm.org/10.1145/3105726.3106172},
 doi = {10.1145/3105726.3106172},
 acmid = {3106172},
 publisher = {ACM},
 address = {New York, NY, USA},
 keywords = {diagrams, finite state machines, misconceptions, state, visual representations},
}

@inproceedings{Prinsloo:2013:EPF:2460296.2460344,
 author = {Prinsloo, Paul and Slade, Sharon},
 title = {An Evaluation of Policy Frameworks for Addressing Ethical Considerations in Learning Analytics},
 booktitle = {Proceedings of the Third International Conference on Learning Analytics and Knowledge},
 series = {LAK '13},
 year = {2013},
 isbn = {978-1-4503-1785-6},
 location = {Leuven, Belgium},
 pages = {240--244},
 numpages = {5},
 url = {http://doi.acm.org/10.1145/2460296.2460344},
 doi = {10.1145/2460296.2460344},
 acmid = {2460344},
 publisher = {ACM},
 address = {New York, NY, USA},
 keywords = {distance learning, ethics, learning analytics, policy},
}

@inproceedings{Rogier:2011:DEP:2074712.2074759,
 author = {Rogier, Els and van der Veer, Gerrit},
 title = {Designing Education for People's Understanding and Experience},
 booktitle = {Proceedings of the 29th Annual European Conference on Cognitive Ergonomics},
 series = {ECCE '11},
 year = {2011},
 isbn = {978-1-4503-1029-1},
 location = {Rostock, Germany},
 pages = {229--232},
 numpages = {4},
 url = {http://doi.acm.org/10.1145/2074712.2074759},
 doi = {10.1145/2074712.2074759},
 acmid = {2074759},
 publisher = {ACM},
 address = {New York, NY, USA},
 keywords = {e-learning, multimodality, user-centered design},
}

@inproceedings{Abrahamson:2007:CMM:1599600.1599607,
 author = {Abrahamson, Dor and Blikstein, Paulo and Wilensky, Uri},
 title = {Classroom Model, Model Classroom: Computer-supported Methodology for Investigating Collaborative-learning Pedagogy},
 booktitle = {Proceedings of the 8th Iternational Conference on Computer Supported Collaborative Learning},
 series = {CSCL'07},
 year = {2007},
 isbn = {978-0-6151-5436-7},
 location = {New Brunswick, New Jersey, USA},
 pages = {49--58},
 numpages = {10},
 url = {http://dl.acm.org/citation.cfm?id=1599600.1599607},
 acmid = {1599607},
 publisher = {International Society of the Learning Sciences},
}

@inproceedings{Yang:2015:UTI:2724660.2724674,
 author = {Yang, Seungwon and Domeniconi, Carlotta and Revelle, Matt and Sweeney, Mack and Gelman, Ben U. and Beckley, Chris and Johri, Aditya},
 title = {Uncovering Trajectories of Informal Learning in Large Online Communities of Creators},
 booktitle = {Proceedings of the Second (2015) ACM Conference on Learning @ Scale},
 series = {L@S '15},
 year = {2015},
 isbn = {978-1-4503-3411-2},
 location = {Vancouver, BC, Canada},
 pages = {131--140},
 numpages = {10},
 url = {http://doi.acm.org/10.1145/2724660.2724674},
 doi = {10.1145/2724660.2724674},
 acmid = {2724674},
 publisher = {ACM},
 address = {New York, NY, USA},
 keywords = {clustering, informal learning, learning analytics, modeling, online community, programming, scratch},
}

@inproceedings{Kim:2019:ULC:3287324.3287387,
 author = {Kim, Meen Chul and Park, Thomas H. and Liu, Ruixue and Forte, Andrea},
 title = {Understanding Learning Curves and Trajectories in CSS Layout},
 booktitle = {Proceedings of the 50th ACM Technical Symposium on Computer Science Education},
 series = {SIGCSE '19},
 year = {2019},
 isbn = {978-1-4503-5890-3},
 location = {Minneapolis, MN, USA},
 pages = {504--510},
 numpages = {7},
 url = {http://doi.acm.org/10.1145/3287324.3287387},
 doi = {10.1145/3287324.3287387},
 acmid = {3287387},
 publisher = {ACM},
 address = {New York, NY, USA},
 keywords = {clustering, css layout, educational game, learning analytics, learning curve analysis, web development},
}

@inproceedings{Fastre:2008:SSS:1599936.1599949,
 author = {Fastr{\'e}, Greet and Van Der Klink, Marcel and Van Merri\"{e}nboer, Jeroen and Sluijsmans, Dominique},
 title = {Support in Self-assessment in Secondary Vocational Education},
 booktitle = {Proceedings of the 8th International Conference on International Conference for the Learning Sciences - Volume 3},
 series = {ICLS'08},
 year = {2008},
 location = {Utrecht, The Netherlands},
 pages = {29--30},
 numpages = {2},
 url = {http://dl.acm.org/citation.cfm?id=1599936.1599949},
 acmid = {1599949},
 publisher = {International Society of the Learning Sciences},
}

@inproceedings{Harrell:2007:CLM:1599600.1599649,
 author = {Harrell, Sneha Veeragoudar and Abrahamson, Dor},
 title = {Computational Literacy and Mathematics Learning in a Virtual World: Identity, Embodiment, and Empowered Media Engagement},
 booktitle = {Proceedings of the 8th Iternational Conference on Computer Supported Collaborative Learning},
 series = {CSCL'07},
 year = {2007},
 isbn = {978-0-6151-5436-7},
 location = {New Brunswick, New Jersey, USA},
 pages = {267--269},
 numpages = {3},
 url = {http://dl.acm.org/citation.cfm?id=1599600.1599649},
 acmid = {1599649},
 publisher = {International Society of the Learning Sciences},
}

@inproceedings{Millner:2011:MBE:1999030.1999074,
 author = {Millner, Amon and Baafi, Edward},
 title = {Modkit: Blending and Extending Approachable Platforms for Creating Computer Programs and Interactive Objects},
 booktitle = {Proceedings of the 10th International Conference on Interaction Design and Children},
 series = {IDC '11},
 year = {2011},
 isbn = {978-1-4503-0751-2},
 location = {Ann Arbor, Michigan},
 pages = {250--253},
 numpages = {4},
 url = {http://doi.acm.org/10.1145/1999030.1999074},
 doi = {10.1145/1999030.1999074},
 acmid = {1999074},
 publisher = {ACM},
 address = {New York, NY, USA},
 keywords = {Arduino, Scratch, computational crafts, construction kit, graphical programming, informal learning, modkit},
}

@inproceedings{Abrahamson:2008:AAV:1599812.1599815,
 author = {Abrahamson, Dor and White, Tobin},
 title = {Artifacts and Aberrations: On the Volatility of Design Research and the Serendipity of Insight},
 booktitle = {Proceedings of the 8th International Conference on International Conference for the Learning Sciences - Volume 1},
 series = {ICLS'08},
 year = {2008},
 location = {Utrecht, The Netherlands},
 pages = {27--34},
 numpages = {8},
 url = {http://dl.acm.org/citation.cfm?id=1599812.1599815},
 acmid = {1599815},
 publisher = {International Society of the Learning Sciences},
}

@inproceedings{Hayes:2008:NPL:1599936.1600025,
 author = {Hayes, Elisabeth R. and Gee, James Paul and Games, Ivan and Torres, Robert J. and Peppler, Kylie and Kafai, Yasmin B. and Pinkard, Nichole and Klopfer, Eric and Scheintaub, Hal and Rogers, Maryanna and Forssell, Karin S. and Martin, Caitlin Kennedy and Barron, Brigid and Eugene, Wanda and Daily, Shaundra B. and Acholonu, Ugochi and Takeuchi, Lori and Walter, Sarah and Briggs, Kristen},
 title = {New Perspectives on Learning Through (Game) Design},
 booktitle = {Proceedings of the 8th International Conference on International Conference for the Learning Sciences - Volume 3},
 series = {ICLS'08},
 year = {2008},
 location = {Utrecht, The Netherlands},
 pages = {253--257},
 numpages = {5},
 url = {http://dl.acm.org/citation.cfm?id=1599936.1600025},
 acmid = {1600025},
 publisher = {International Society of the Learning Sciences},
}

@inproceedings{Zhang:2008:DAM:1599936.1600043,
 author = {Zhang, BaoHui and Jacobson, Michael J. and Kim, Beaumie and Deng, Feng and Pathak, Suneeta and Lossman, Hans G. and Lin, Xiuqin and Sengupta, Pratim and Wilensky, Uri and Hay, Kenneth E.},
 title = {Designing and Assessing Modeling and Visualization Technologies (MVT) Enhanced Learning},
 booktitle = {Proceedings of the 8th International Conference on International Conference for the Learning Sciences - Volume 3},
 series = {ICLS'08},
 year = {2008},
 location = {Utrecht, The Netherlands},
 pages = {392--399},
 numpages = {8},
 url = {http://dl.acm.org/citation.cfm?id=1599936.1600043},
 acmid = {1600043},
 publisher = {International Society of the Learning Sciences},
}

@inproceedings{Suzuki:1997:IFP:1599773.1599808,
 author = {Suzuki, Hideyuki and Kato, Hiroshi},
 title = {Identity Formation/Transformation As the Process of Collaborative Learning Through AlgoArena},
 booktitle = {Proceedings of the 2Nd International Conference on Computer Support for Collaborative Learning},
 series = {CSCL '97},
 year = {1997},
 location = {Toronto, Ontario, Canada},
 pages = {283--291},
 numpages = {9},
 url = {http://dl.acm.org/citation.cfm?id=1599773.1599808},
 acmid = {1599808},
 publisher = {International Society of the Learning Sciences},
 keywords = {identity, interaction analysis, situated learning, software education},
}

@inproceedings{Gresalfi:2008:DD:1599812.1599847,
 author = {Gresalfi, Melissa and Ingram-Goble, Adam},
 title = {Designing for Dispositions},
 booktitle = {Proceedings of the 8th International Conference on International Conference for the Learning Sciences - Volume 1},
 series = {ICLS'08},
 year = {2008},
 location = {Utrecht, The Netherlands},
 pages = {297--304},
 numpages = {8},
 url = {http://dl.acm.org/citation.cfm?id=1599812.1599847},
 acmid = {1599847},
 publisher = {International Society of the Learning Sciences},
}

@inproceedings{Wang:2019:UDA:3303772.3303781,
 author = {Wang, Yanbang and Law, Nancy and Hemberg, Erik and O'Reilly, Una-May},
 title = {Using Detailed Access Trajectories for Learning Behavior Analysis},
 booktitle = {Proceedings of the 9th International Conference on Learning Analytics \& Knowledge},
 series = {LAK19},
 year = {2019},
 isbn = {978-1-4503-6256-6},
 location = {Tempe, AZ, USA},
 pages = {290--299},
 numpages = {10},
 url = {http://doi.acm.org/10.1145/3303772.3303781},
 doi = {10.1145/3303772.3303781},
 acmid = {3303781},
 publisher = {ACM},
 address = {New York, NY, USA},
 keywords = {Detailed Access Trajectory, Massive Open Online Course, learning pattern, marginalized learner, representation learning},
}

@inproceedings{Barab:2008:CPS:1599936.1600017,
 author = {Barab, Sasha and Ingram-Goble, Adam and Gresalfi, Melissa and Arici, Anna and Siyahhan, Sinem and Dodge, Tyler and Hay, Ken},
 title = {Conceptual Play Spaces and the Quest Atlantis Project},
 booktitle = {Proceedings of the 8th International Conference on International Conference for the Learning Sciences - Volume 3},
 series = {ICLS'08},
 year = {2008},
 location = {Utrecht, The Netherlands},
 pages = {190--197},
 numpages = {8},
 url = {http://dl.acm.org/citation.cfm?id=1599936.1600017},
 acmid = {1600017},
 publisher = {International Society of the Learning Sciences},
}

@article{Grover:2017:FUH:3135995.3105910,
 author = {Grover, Shuchi and Basu, Satabdi and Bienkowski, Marie and Eagle, Michael and Diana, Nicholas and Stamper, John},
 title = {A Framework for Using Hypothesis-Driven Approaches to Support Data-Driven Learning Analytics in Measuring Computational Thinking in Block-Based Programming Environments},
 journal = {ACM Trans. Comput. Educ.},
 issue_date = {August 2017},
 volume = {17},
 number = {3},
 month = aug,
 year = {2017},
 issn = {1946-6226},
 pages = {14:1--14:25},
 articleno = {14},
 numpages = {25},
 url = {http://doi.acm.org/10.1145/3105910},
 doi = {10.1145/3105910},
 acmid = {3105910},
 publisher = {ACM},
 address = {New York, NY, USA},
 keywords = {Blended learning analytics, K-12 computer science education, block-based programming environments, computational psychometrics, data-driven, evidence-centered design, hypothesis-driven},
}

@inproceedings{Singley:2000:AJS:358916.358985,
 author = {Singley, Mark K. and Singh, Moninder and Fairweather, Peter and Farrell, Robert and Swerling, Steven},
 title = {Algebra Jam: Supporting Teamwork and Managing Roles in a Collaborative Learning Environment},
 booktitle = {Proceedings of the 2000 ACM Conference on Computer Supported Cooperative Work},
 series = {CSCW '00},
 year = {2000},
 isbn = {1-58113-222-0},
 location = {Philadelphia, Pennsylvania, USA},
 pages = {145--154},
 numpages = {10},
 url = {http://doi.acm.org/10.1145/358916.358985},
 doi = {10.1145/358916.358985},
 acmid = {358985},
 publisher = {ACM},
 address = {New York, NY, USA},
 keywords = {collabicons, object-oriented chat, role reification, team blackboard, team modeling, team tutoring systems},
}

@inproceedings{Clarke:2007:MPM:1599600.1599627,
 author = {Clarke, Jody and Dede, Chris},
 title = {MUVEs As a Powerful Means to Study Situated Learning},
 booktitle = {Proceedings of the 8th Iternational Conference on Computer Supported Collaborative Learning},
 series = {CSCL'07},
 year = {2007},
 isbn = {978-0-6151-5436-7},
 location = {New Brunswick, New Jersey, USA},
 pages = {144--147},
 numpages = {4},
 url = {http://dl.acm.org/citation.cfm?id=1599600.1599627},
 acmid = {1599627},
 publisher = {International Society of the Learning Sciences},
}

@inproceedings{Newstetter:2008:LLI:1599936.1600030,
 author = {Newstetter, Wendy and Johri, Aditya and Wulf, Volker},
 title = {Laboratory Learning: Industry and University Research As Site for Situated and Distributed Cognition},
 booktitle = {Proceedings of the 8th International Conference on International Conference for the Learning Sciences - Volume 3},
 series = {ICLS'08},
 year = {2008},
 location = {Utrecht, The Netherlands},
 pages = {290--297},
 numpages = {8},
 url = {http://dl.acm.org/citation.cfm?id=1599936.1600030},
 acmid = {1600030},
 publisher = {International Society of the Learning Sciences},
}

@inproceedings{Sipitakiat:2008:GHH:1599871.1599913,
 author = {Sipitakiat, Arnan and Cavallo, David P.},
 title = {Giving the Head a Hand: Constructing a Microworld to Build Relationships with Ideas in Balance Control},
 booktitle = {Proceedings of the 8th International Conference on International Conference for the Learning Sciences - Volume 2},
 series = {ICLS'08},
 year = {2008},
 location = {Utrecht, The Netherlands},
 pages = {335--342},
 numpages = {8},
 url = {http://dl.acm.org/citation.cfm?id=1599871.1599913},
 acmid = {1599913},
 publisher = {International Society of the Learning Sciences},
 keywords = {balance control, body motion, logo, robotics},
}

@inproceedings{Enyedy:1997:ASC:1599773.1599777,
 author = {Enyedy, Noel and Vahey, Phil and Gifford, Bernard R.},
 title = {Active and Supportive Computer-mediated Resources for Student-to-student Conversations},
 booktitle = {Proceedings of the 2Nd International Conference on Computer Support for Collaborative Learning},
 series = {CSCL '97},
 year = {1997},
 location = {Toronto, Ontario, Canada},
 pages = {28--38},
 numpages = {11},
 url = {http://dl.acm.org/citation.cfm?id=1599773.1599777},
 acmid = {1599777},
 publisher = {International Society of the Learning Sciences},
}

@inproceedings{Firssova:2016:DOL:2876034.2893426,
 author = {Firssova, Olga and Brouns, Francis and Kalz, Marco},
 title = {Designing for Open Learning: Design Principles and Scalability Affordances in Practice},
 booktitle = {Proceedings of the Third (2016) ACM Conference on Learning @ Scale},
 series = {L@S '16},
 year = {2016},
 isbn = {978-1-4503-3726-7},
 location = {Edinburgh, Scotland, UK},
 pages = {249--252},
 numpages = {4},
 url = {http://doi.acm.org/10.1145/2876034.2893426},
 doi = {10.1145/2876034.2893426},
 acmid = {2893426},
 publisher = {ACM},
 address = {New York, NY, USA},
 keywords = {active learning, design principles, moocs, open online learning, scalability},
}

@inproceedings{Zanchi:2013:NGP:2485760.2485857,
 author = {Zanchi, Christine and Presser, Ashley Lewis and Vahey, Phil},
 title = {Next Generation Preschool Math Demo: Tablet Games for Preschool Classrooms},
 booktitle = {Proceedings of the 12th International Conference on Interaction Design and Children},
 series = {IDC '13},
 year = {2013},
 isbn = {978-1-4503-1918-8},
 location = {New York, New York, USA},
 pages = {527--530},
 numpages = {4},
 url = {http://doi.acm.org/10.1145/2485760.2485857},
 doi = {10.1145/2485760.2485857},
 acmid = {2485857},
 publisher = {ACM},
 address = {New York, NY, USA},
 keywords = {co-design, collaborative learning, early childhood, mathematics, preschool, production process, social learning, tablets, technology},
}

@inproceedings{Orr:2015:EMG:2771839.2771885,
 author = {Orr, Jillian and Flannery, Louise and Presser, Ashley Lewis and Vahey, Phil and Latimore, Sonja},
 title = {Early Math with Gracie \&\#38; Friends\&Trade; Demo: App-infused Curriculum and Teacher Support for Preschool},
 booktitle = {Proceedings of the 14th International Conference on Interaction Design and Children},
 series = {IDC '15},
 year = {2015},
 isbn = {978-1-4503-3590-4},
 location = {Boston, Massachusetts},
 pages = {458--461},
 numpages = {4},
 url = {http://doi.acm.org/10.1145/2771839.2771885},
 doi = {10.1145/2771839.2771885},
 acmid = {2771885},
 publisher = {ACM},
 address = {New York, NY, USA},
 keywords = {co-design, collaborative learning, early childhood, education, mathematics, preschool, tablets, technology},
}

