@inproceedings{Surjono:2017:EVA:3175536.3175558,
 author = {Surjono, Herman D. and Muhtadi, Ali},
 title = {The Effects of Various Animation-Based Multimedia Learning in e-Learning Course},
 booktitle = {Proceedings of the 2017 9th International Conference on Education Technology and Computers},
 series = {ICETC 2017},
 year = {2017},
 isbn = {978-1-4503-5435-6},
 location = {Barcelona, Spain},
 pages = {117--121},
 numpages = {5},
 url = {http://doi.acm.org/10.1145/3175536.3175558},
 doi = {10.1145/3175536.3175558},
 acmid = {3175558},
 publisher = {ACM},
 address = {New York, NY, USA},
 keywords = {Animation, Modality, Multimedia learning, e-Learning},
}

@inproceedings{Morrison:2017:DMC:3105726.3106191,
 author = {Morrison, Briana B.},
 title = {Dual Modality Code Explanations for Novices: Unexpected Results},
 booktitle = {Proceedings of the 2017 ACM Conference on International Computing Education Research},
 series = {ICER '17},
 year = {2017},
 isbn = {978-1-4503-4968-0},
 location = {Tacoma, Washington, USA},
 pages = {226--235},
 numpages = {10},
 url = {http://doi.acm.org/10.1145/3105726.3106191},
 doi = {10.1145/3105726.3106191},
 acmid = {3106191},
 publisher = {ACM},
 address = {New York, NY, USA},
 keywords = {cognitive load, live coding, modality},
}

@inproceedings{Sabitzer:2013:ICC:2532748.2532766,
 author = {Sabitzer, Barbara and Pasterk, Stefan and Elsenbaumer, Sabrina},
 title = {Informatics is COOL: Cooperative and Computer-assisted Open Learning},
 booktitle = {Proceedings of the 8th Workshop in Primary and Secondary Computing Education},
 series = {WiPSE '13},
 year = {2013},
 isbn = {978-1-4503-2455-7},
 location = {Aarhus, Denmark},
 pages = {91--94},
 numpages = {4},
 url = {http://doi.acm.org/10.1145/2532748.2532766},
 doi = {10.1145/2532748.2532766},
 acmid = {2532766},
 publisher = {ACM},
 address = {New York, NY, USA},
 keywords = {computer-supported learning, cooperative open learning},
}

@inproceedings{Ericson:2015:AIF:2787622.2787731,
 author = {Ericson, Barbara J. and Guzdial, Mark J. and Morrison, Briana B.},
 title = {Analysis of Interactive Features Designed to Enhance Learning in an Ebook},
 booktitle = {Proceedings of the Eleventh Annual International Conference on International Computing Education Research},
 series = {ICER '15},
 year = {2015},
 isbn = {978-1-4503-3630-7},
 location = {Omaha, Nebraska, USA},
 pages = {169--178},
 numpages = {10},
 url = {http://doi.acm.org/10.1145/2787622.2787731},
 doi = {10.1145/2787622.2787731},
 acmid = {2787731},
 publisher = {ACM},
 address = {New York, NY, USA},
 keywords = {ebook, educational data mining, electronic book, learning analytics, parsons problem},
}

@inproceedings{Schueler:2008:MEM:1599871.1599910,
 author = {Schueler, Anne and Scheiter, Katharina and Gerjets, Peter and Rummer, Ralf},
 title = {The Modality Effect in Multimedia Learning: Theoretical and Empirical Limitations},
 booktitle = {Proceedings of the 8th International Conference on International Conference for the Learning Sciences - Volume 2},
 series = {ICLS'08},
 year = {2008},
 location = {Utrecht, The Netherlands},
 pages = {311--318},
 numpages = {8},
 url = {http://dl.acm.org/citation.cfm?id=1599871.1599910},
 acmid = {1599910},
 publisher = {International Society of the Learning Sciences},
}

@inproceedings{Antle:2011:TUD:1999030.1999032,
 author = {Antle, Alissa N. and Wise, Alyssa F. and Nielsen, Kristine},
 title = {Towards Utopia: Designing Tangibles for Learning},
 booktitle = {Proceedings of the 10th International Conference on Interaction Design and Children},
 series = {IDC '11},
 year = {2011},
 isbn = {978-1-4503-0751-2},
 location = {Ann Arbor, Michigan},
 pages = {11--20},
 numpages = {10},
 url = {http://doi.acm.org/10.1145/1999030.1999032},
 doi = {10.1145/1999030.1999032},
 acmid = {1999032},
 publisher = {ACM},
 address = {New York, NY, USA},
 keywords = {children, design, learning, sustainability, sustainability education, tangible computing, tangible user interfaces},
}

@inproceedings{Sharma:2014:UTM:2643572.2643584,
 author = {Sharma, Ankur and Hawkey, Kirstie},
 title = {Understanding the Tradeoffs of Mobile Device Output Modalities in Just-in-time Learning of Mechanical Tasks},
 booktitle = {Proceedings of the 2014 Mulitmedia, Interaction, Design and Innovation International Conference on Multimedia, Interaction, Design and Innovation},
 series = {MIDI '14},
 year = {2014},
 isbn = {978-1-4503-2779-4},
 location = {Warsaw, Poland},
 pages = {12:1--12:10},
 articleno = {12},
 numpages = {10},
 url = {http://doi.acm.org/10.1145/2643572.2643584},
 doi = {10.1145/2643572.2643584},
 acmid = {2643584},
 publisher = {ACM},
 address = {New York, NY, USA},
 keywords = {Multi-media-interface, cognitive load, just-in-time learning, mobile device},
}

@inproceedings{Ericson:2016:IDP:2960310.2960335,
 author = {Ericson, Barbara J. and Rogers, Kantwon and Parker, Miranda and Morrison, Briana and Guzdial, Mark},
 title = {Identifying Design Principles for CS Teacher Ebooks Through Design-Based Research},
 booktitle = {Proceedings of the 2016 ACM Conference on International Computing Education Research},
 series = {ICER '16},
 year = {2016},
 isbn = {978-1-4503-4449-4},
 location = {Melbourne, VIC, Australia},
 pages = {191--200},
 numpages = {10},
 url = {http://doi.acm.org/10.1145/2960310.2960335},
 doi = {10.1145/2960310.2960335},
 acmid = {2960335},
 publisher = {ACM},
 address = {New York, NY, USA},
 keywords = {design-based research, ebooks, electronic books, high school teacher professional development},
}

@inproceedings{Ericson:2015:UUI:2818314.2818335,
 author = {Ericson, Barbara and Moore, Steven and Morrison, Briana and Guzdial, Mark},
 title = {Usability and Usage of Interactive Features in an Online Ebook for CS Teachers},
 booktitle = {Proceedings of the Workshop in Primary and Secondary Computing Education},
 series = {WiPSCE '15},
 year = {2015},
 isbn = {978-1-4503-3753-3},
 location = {London, United Kingdom},
 pages = {111--120},
 numpages = {10},
 url = {http://doi.acm.org/10.1145/2818314.2818335},
 doi = {10.1145/2818314.2818335},
 acmid = {2818335},
 publisher = {ACM},
 address = {New York, NY, USA},
 keywords = {Online education, computer science principles, high school teachers, professional development, secondary education},
}

@article{Struve:2009:VMT:1525840.1525844,
 author = {Struve, Doreen and Wandke, Hartmut},
 title = {Video Modeling for Training Older Adults to Use New Technologies},
 journal = {ACM Trans. Access. Comput.},
 issue_date = {May 2009},
 volume = {2},
 number = {1},
 month = may,
 year = {2009},
 issn = {1936-7228},
 pages = {4:1--4:24},
 articleno = {4},
 numpages = {24},
 url = {http://doi.acm.org/10.1145/1525840.1525844},
 doi = {10.1145/1525840.1525844},
 acmid = {1525844},
 publisher = {ACM},
 address = {New York, NY, USA},
 keywords = {Instruction, guided error training, older adults, self-efficacy, technology use, video modeling},
}

@article{Hutton:2005:SRS:1060405.1060426,
 author = {Hutton, Stuart L. and Sonnier, David L.},
 title = {Super Realistic and Surrealistic Visualizations in Physics, Math and Computer Science},
 journal = {J. Comput. Sci. Coll.},
 issue_date = {June 2005},
 volume = {20},
 number = {6},
 month = jun,
 year = {2005},
 issn = {1937-4771},
 pages = {125--133},
 numpages = {9},
 url = {http://dl.acm.org/citation.cfm?id=1060405.1060426},
 acmid = {1060426},
 publisher = {Consortium for Computing Sciences in Colleges},
 address = {USA},
}

@inproceedings{Fletcher:2010:DTL:1878335.1878399,
 author = {Fletcher, Kathryn},
 title = {Diary of a Trainer: Learning to Create Online Learning Experiences},
 booktitle = {Proceedings of the 38th  Annual ACM SIGUCCS Fall Conference: Navigation and Discovery},
 series = {SIGUCCS '10},
 year = {2010},
 isbn = {978-1-4503-0003-2},
 location = {Norfolk, Virginia, USA},
 pages = {257--264},
 numpages = {8},
 url = {http://doi.acm.org/10.1145/1878335.1878399},
 doi = {10.1145/1878335.1878399},
 acmid = {1878399},
 publisher = {ACM},
 address = {New York, NY, USA},
 keywords = {blackboard vista, e-learning, instructional design,, online course development},
}

