@article{Taipalus:2018:ECS:3266362.3231712,
 author = {Taipalus, Toni and Siponen, Mikko and Vartiainen, Tero},
 title = {Errors and Complications in SQL Query Formulation},
 journal = {ACM Trans. Comput. Educ.},
 issue_date = {September 2018},
 volume = {18},
 number = {3},
 month = aug,
 year = {2018},
 issn = {1946-6226},
 pages = {15:1--15:29},
 articleno = {15},
 numpages = {29},
 url = {http://doi.acm.org/10.1145/3231712},
 doi = {10.1145/3231712},
 acmid = {3231712},
 publisher = {ACM},
 address = {New York, NY, USA},
 keywords = {Human factors, SQL, errors, exercise design, languages, query languages, standardization},
}

