@inproceedings{Stary:2017:EDC:3121283.3121287,
 author = {Stary, Christian and Weichhart, Georg},
 title = {Enabling Digital Craftsmanship Capacity Building: A Digital Dalton Plan Approach},
 booktitle = {Proceedings of the European Conference on Cognitive Ergonomics 2017},
 series = {ECCE 2017},
 year = {2017},
 isbn = {978-1-4503-5256-7},
 location = {Ume\&aring;, Sweden},
 pages = {43--50},
 numpages = {8},
 url = {http://doi.acm.org/10.1145/3121283.3121287},
 doi = {10.1145/3121283.3121287},
 acmid = {3121287},
 publisher = {ACM},
 address = {New York, NY, USA},
 keywords = {Dalton Plan, Industry 4.0, Learning support},
}

@inproceedings{Tolentino:2010:AGD:1822348.1822383,
 author = {Tolentino, Lisa and Savvides, Philippos and Birchfield, David},
 title = {Applying Game Design Principles to Social Skills Learning for Students in Special Education},
 booktitle = {Proceedings of the Fifth International Conference on the Foundations of Digital Games},
 series = {FDG '10},
 year = {2010},
 isbn = {978-1-60558-937-4},
 location = {Monterey, California},
 pages = {252--253},
 numpages = {2},
 url = {http://doi.acm.org/10.1145/1822348.1822383},
 doi = {10.1145/1822348.1822383},
 acmid = {1822383},
 publisher = {ACM},
 address = {New York, NY, USA},
 keywords = {autism, game design principles, inclusion, social interaction},
}

@article{D'mello:2013:AAA:2395123.2395128,
 author = {D'mello, Sidney and Graesser, Art},
 title = {AutoTutor and Affective Autotutor: Learning by Talking with Cognitively and Emotionally Intelligent Computers That Talk Back},
 journal = {ACM Trans. Interact. Intell. Syst.},
 issue_date = {December 2012},
 volume = {2},
 number = {4},
 month = jan,
 year = {2013},
 issn = {2160-6455},
 pages = {23:1--23:39},
 articleno = {23},
 numpages = {39},
 url = {http://doi.acm.org/10.1145/2395123.2395128},
 doi = {10.1145/2395123.2395128},
 acmid = {2395128},
 publisher = {ACM},
 address = {New York, NY, USA},
 keywords = {Intelligent tutoring systems, affect detection and synthesis, affective computing, constructivism, deep learning, natural language understanding, student modeling, user modeling},
}

@inproceedings{Minga-Vallejo:2016:OIS:3012430.3012667,
 author = {Minga-Vallejo, Ruth-Elizabeth and Ram\'{\i}rez-Montoya, Mar\'{\i}a-Soledad and Rodr\'{\i}guez-Conde, Mar\'{\i}a-Jos{\'e}},
 title = {Open Innovation and Social Construction Through MOOCs of Energy Sustainability: Contributions from Theoretical Foundation},
 booktitle = {Proceedings of the Fourth International Conference on Technological Ecosystems for Enhancing Multiculturality},
 series = {TEEM '16},
 year = {2016},
 isbn = {978-1-4503-4747-1},
 location = {Salamanca, Spain},
 pages = {1183--1188},
 numpages = {6},
 url = {http://doi.acm.org/10.1145/3012430.3012667},
 doi = {10.1145/3012430.3012667},
 acmid = {3012667},
 publisher = {ACM},
 address = {New York, NY, USA},
 keywords = {MOOC, communication, evaluation of social learning, interaction, social construction of learning},
}

@article{Kizilcec:2015:MLU:2744768.2699735,
 author = {Kizilcec, Ren{\'e} F. and Schneider, Emily},
 title = {Motivation As a Lens to Understand Online Learners: Toward Data-Driven Design with the OLEI Scale},
 journal = {ACM Trans. Comput.-Hum. Interact.},
 issue_date = {April 2015},
 volume = {22},
 number = {2},
 month = mar,
 year = {2015},
 issn = {1073-0516},
 pages = {6:1--6:24},
 articleno = {6},
 numpages = {24},
 url = {http://doi.acm.org/10.1145/2699735},
 doi = {10.1145/2699735},
 acmid = {2699735},
 publisher = {ACM},
 address = {New York, NY, USA},
 keywords = {MOOCs, Motivation, OLEI scale, Online Learning Enrollment Intentions, massive open online courses, online course design, open online learning environments, success metrics},
}

@inproceedings{Dasarathy:2014:PPF:2593882.2593897,
 author = {Dasarathy, Balakrishnan and Sullivan, Kevin and Schmidt, Douglas C. and Fisher, Douglas H. and Porter, Adam},
 title = {The Past, Present, and Future of MOOCs and Their Relevance to Software Engineering},
 booktitle = {Proceedings of the on Future of Software Engineering},
 series = {FOSE 2014},
 year = {2014},
 isbn = {978-1-4503-2865-4},
 location = {Hyderabad, India},
 pages = {212--224},
 numpages = {13},
 url = {http://doi.acm.org/10.1145/2593882.2593897},
 doi = {10.1145/2593882.2593897},
 acmid = {2593897},
 publisher = {ACM},
 address = {New York, NY, USA},
 keywords = {MOOCs, Massive open online courses, higher education},
}

@article{Seeling:2008:LAB:1473195.1473225,
 author = {Seeling, Patrick},
 title = {Labs@Home},
 journal = {SIGCSE Bull.},
 issue_date = {December 2008},
 volume = {40},
 number = {4},
 month = nov,
 year = {2008},
 issn = {0097-8418},
 pages = {75--77},
 numpages = {3},
 url = {http://doi.acm.org/10.1145/1473195.1473225},
 doi = {10.1145/1473195.1473225},
 acmid = {1473225},
 publisher = {ACM},
 address = {New York, NY, USA},
 keywords = {distance education, lab, virtual machines},
}

@inproceedings{Figueiredo:2016:NLP:3012430.3012572,
 author = {Figueiredo, Jos{\'e} and Gomes, Nat\'{a}lia and Garc\'{\i}a-Pe\~{n}alvo, Francisco Jos{\'e}},
 title = {Ne-course for Learning Programming},
 booktitle = {Proceedings of the Fourth International Conference on Technological Ecosystems for Enhancing Multiculturality},
 series = {TEEM '16},
 year = {2016},
 isbn = {978-1-4503-4747-1},
 location = {Salamanca, Spain},
 pages = {549--553},
 numpages = {5},
 url = {http://doi.acm.org/10.1145/3012430.3012572},
 doi = {10.1145/3012430.3012572},
 acmid = {3012572},
 publisher = {ACM},
 address = {New York, NY, USA},
 keywords = {cs0, cs1, introductory programming, learning programming, programming education, teaching programming},
}

@inproceedings{Wingrave:2012:ICC:2212776.2223799,
 author = {Wingrave, Chadwick and Norton, Juliet and Ross, Christopher and Ochoa, Nathan and Veazanchin, Sergiu and Charbonneau, Emiko and LaViola, Joseph},
 title = {Inspiring Creative Constructivist Play},
 booktitle = {CHI '12 Extended Abstracts on Human Factors in Computing Systems},
 series = {CHI EA '12},
 year = {2012},
 isbn = {978-1-4503-1016-1},
 location = {Austin, Texas, USA},
 pages = {2339--2344},
 numpages = {6},
 url = {http://doi.acm.org/10.1145/2212776.2223799},
 doi = {10.1145/2212776.2223799},
 acmid = {2223799},
 publisher = {ACM},
 address = {New York, NY, USA},
 keywords = {general},
}

@article{Henderson:1990:DMP:319059.319070,
 author = {Henderson, Peter B.},
 title = {Discrete Mathematics As a Precursor to Programming},
 journal = {SIGCSE Bull.},
 issue_date = {Feb. 1990},
 volume = {22},
 number = {1},
 month = feb,
 year = {1990},
 issn = {0097-8418},
 pages = {17--21},
 numpages = {5},
 url = {http://doi.acm.org/10.1145/319059.319070},
 doi = {10.1145/319059.319070},
 acmid = {319070},
 publisher = {ACM},
 address = {New York, NY, USA},
}

@inproceedings{Henderson:1990:DMP:323410.319070,
 author = {Henderson, Peter B.},
 title = {Discrete Mathematics As a Precursor to Programming},
 booktitle = {Proceedings of the Twenty-first SIGCSE Technical Symposium on Computer Science Education},
 series = {SIGCSE '90},
 year = {1990},
 isbn = {0-89791-346-9},
 location = {Washington, D.C., USA},
 pages = {17--21},
 numpages = {5},
 url = {http://doi.acm.org/10.1145/323410.319070},
 doi = {10.1145/323410.319070},
 acmid = {319070},
 publisher = {ACM},
 address = {New York, NY, USA},
}

@article{Guzdial:2014:DTP:2622628.2617658,
 author = {Guzdial, Mark and Guo, Philip},
 title = {The Difficulty of Teaching Programming Languages, and the Benefits of Hands-on Learning},
 journal = {Commun. ACM},
 issue_date = {July 2014},
 volume = {57},
 number = {7},
 month = jul,
 year = {2014},
 issn = {0001-0782},
 pages = {10--11},
 numpages = {2},
 url = {http://doi.acm.org/10.1145/2617658},
 doi = {10.1145/2617658},
 acmid = {2617658},
 publisher = {ACM},
 address = {New York, NY, USA},
}

@inproceedings{Nickel:2010:GCE:1822348.1822391,
 author = {Nickel, Andrea and Barnes, Tiffany},
 title = {Games for CS Education: Computer-supported Collaborative Learning and Multiplayer Games},
 booktitle = {Proceedings of the Fifth International Conference on the Foundations of Digital Games},
 series = {FDG '10},
 year = {2010},
 isbn = {978-1-60558-937-4},
 location = {Monterey, California},
 pages = {274--276},
 numpages = {3},
 url = {http://doi.acm.org/10.1145/1822348.1822391},
 doi = {10.1145/1822348.1822391},
 acmid = {1822391},
 publisher = {ACM},
 address = {New York, NY, USA},
 keywords = {computer-supported collaborative learning, multiplayer games, pair programming, serious games},
}

@inproceedings{Norris:2016:ELQ:2839509.2844608,
 author = {Norris, Cindy},
 title = {An Examination of Layers of Quizzing in Two Computer Systems Courses},
 booktitle = {Proceedings of the 47th ACM Technical Symposium on Computing Science Education},
 series = {SIGCSE '16},
 year = {2016},
 isbn = {978-1-4503-3685-7},
 location = {Memphis, Tennessee, USA},
 pages = {48--53},
 numpages = {6},
 url = {http://doi.acm.org/10.1145/2839509.2844608},
 doi = {10.1145/2839509.2844608},
 acmid = {2844608},
 publisher = {ACM},
 address = {New York, NY, USA},
 keywords = {computer science education, quizzing},
}

@inproceedings{Alhazmi:2018:CCD:3159450.3159464,
 author = {Alhazmi, Sohail and Hamilton, Margaret and Thevathayan, Charles},
 title = {CS for All: Catering to Diversity of Master's Students Through Assignment Choices},
 booktitle = {Proceedings of the 49th ACM Technical Symposium on Computer Science Education},
 series = {SIGCSE '18},
 year = {2018},
 isbn = {978-1-4503-5103-4},
 location = {Baltimore, Maryland, USA},
 pages = {38--43},
 numpages = {6},
 url = {http://doi.acm.org/10.1145/3159450.3159464},
 doi = {10.1145/3159450.3159464},
 acmid = {3159464},
 publisher = {ACM},
 address = {New York, NY, USA},
 keywords = {assessment design, novice programming},
}

@article{Landay:2011:LC:1943208.1944487,
 author = {Landay, Susan},
 title = {Learning for Chocolate},
 journal = {eLearn},
 issue_date = {February 2011},
 volume = {2011},
 number = {2},
 month = feb,
 year = {2011},
 issn = {1535-394X},
 articleno = {5},
 url = {http://doi.acm.org/10.1145/1943208.1944487},
 doi = {10.1145/1943208.1944487},
 acmid = {1944487},
 publisher = {ACM},
 address = {New York, NY, USA},
}

@inproceedings{Xiuqin:2019:AGE:3318396.3318434,
 author = {Xiuqin, Yang},
 title = {Achievement Gains from Educational Policy Reform: The Case of China's Education Policy},
 booktitle = {Proceedings of the 2019 8th International Conference on Educational and Information Technology},
 series = {ICEIT 2019},
 year = {2019},
 isbn = {978-1-4503-6267-2},
 location = {Cambridge, United Kingdom},
 pages = {203--208},
 numpages = {6},
 url = {http://doi.acm.org/10.1145/3318396.3318434},
 doi = {10.1145/3318396.3318434},
 acmid = {3318434},
 publisher = {ACM},
 address = {New York, NY, USA},
 keywords = {Academic achievement, Educational policy, Learning motivation, Learning strategy, Tuition policy},
}

@inproceedings{Nelson:2017:CFE:3105726.3106178,
 author = {Nelson, Greg L. and Xie, Benjamin and Ko, Andrew J.},
 title = {Comprehension First: Evaluating a Novel Pedagogy and Tutoring System for Program Tracing in CS1},
 booktitle = {Proceedings of the 2017 ACM Conference on International Computing Education Research},
 series = {ICER '17},
 year = {2017},
 isbn = {978-1-4503-4968-0},
 location = {Tacoma, Washington, USA},
 pages = {2--11},
 numpages = {10},
 url = {http://doi.acm.org/10.1145/3105726.3106178},
 doi = {10.1145/3105726.3106178},
 acmid = {3106178},
 publisher = {ACM},
 address = {New York, NY, USA},
 keywords = {knowledge representation, notional machine, program tracing},
}

@inproceedings{Qian:2017:LSM:3059009.3072983,
 author = {Qian, Kai and Shahriar, Hossain and Wu, Fan and Tao, Lixin and Bhattacharya, Prabir},
 title = {Labware for Secure Mobile Software Development (SMSD) Education},
 booktitle = {Proceedings of the 2017 ACM Conference on Innovation and Technology in Computer Science Education},
 series = {ITiCSE '17},
 year = {2017},
 isbn = {978-1-4503-4704-4},
 location = {Bologna, Italy},
 pages = {375--375},
 numpages = {1},
 url = {http://doi.acm.org/10.1145/3059009.3072983},
 doi = {10.1145/3059009.3072983},
 acmid = {3072983},
 publisher = {ACM},
 address = {New York, NY, USA},
 keywords = {android, labware, secure mobile software development},
}

@inproceedings{Papousek:2017:ELA:3079628.3079642,
 author = {Papou\v{s}ek, Jan and Pel\'{a}nek, Radek},
 title = {Evaluation of Learners' Adjustment of Question Difficulty in Adaptive Practice of Facts},
 booktitle = {Proceedings of the 25th Conference on User Modeling, Adaptation and Personalization},
 series = {UMAP '17},
 year = {2017},
 isbn = {978-1-4503-4635-1},
 location = {Bratislava, Slovakia},
 pages = {379--380},
 numpages = {2},
 url = {http://doi.acm.org/10.1145/3079628.3079642},
 doi = {10.1145/3079628.3079642},
 acmid = {3079642},
 publisher = {ACM},
 address = {New York, NY, USA},
 keywords = {adaptive practice, difficulty, engagement, evaluation, learning},
}

@inproceedings{Gao:2018:ABT:3268808.3268836,
 author = {Gao, Lei and Ma, Qingna and Shao, Fei},
 title = {Application of Blending Teaching Mode in the Course of Steel Structure Basing on SPOC Platform},
 booktitle = {Proceedings of the 2Nd International Conference on E-Society, E-Education and E-Technology},
 series = {ICSET 2018},
 year = {2018},
 isbn = {978-1-4503-6528-4},
 location = {Taipei, Taiwan},
 pages = {16--21},
 numpages = {6},
 url = {http://doi.acm.org/10.1145/3268808.3268836},
 doi = {10.1145/3268808.3268836},
 acmid = {3268836},
 publisher = {ACM},
 address = {New York, NY, USA},
 keywords = {SPOC (small private online course) platform, blending teaching mode, self-learning ability, steel structure course, teaching reform},
}

@inproceedings{Amalia:2018:UFB:3233347.3233355,
 author = {Amalia, Faizatul and Brata, Adam Hendra},
 title = {The Use of Free Blogs As Alternative Learning Media for Driving Teaching Motivation Factor of Vocational Teachers},
 booktitle = {Proceedings of the 4th International Conference on Frontiers of Educational Technologies},
 series = {ICFET '18},
 year = {2018},
 isbn = {978-1-4503-6472-0},
 location = {Moscow, Russian Federation},
 pages = {34--38},
 numpages = {5},
 url = {http://doi.acm.org/10.1145/3233347.3233355},
 doi = {10.1145/3233347.3233355},
 acmid = {3233355},
 publisher = {ACM},
 address = {New York, NY, USA},
 keywords = {blog, e-learning, teaching motivation},
}

@article{DeClue:2009:TAC:1516595.1516620,
 author = {DeClue, Tim},
 title = {A Theory of Attrition in Computer Science Education Which Explores the Effect of Learning Theory, Gender, and Context},
 journal = {J. Comput. Sci. Coll.},
 issue_date = {May 2009},
 volume = {24},
 number = {5},
 month = may,
 year = {2009},
 issn = {1937-4771},
 pages = {115--121},
 numpages = {7},
 url = {http://dl.acm.org/citation.cfm?id=1516595.1516620},
 acmid = {1516620},
 publisher = {Consortium for Computing Sciences in Colleges},
 address = {USA},
}

@inproceedings{Schmitz:2011:GBL:2043594.2043601,
 author = {Schmitz, Birgit and Czauderna, Andr{\'e} and Klemke, Roland and Specht, Marcus},
 title = {Game Based Learning for Computer Science Education},
 booktitle = {Computer Science Education Research Conference},
 series = {CSERC '11},
 year = {2011},
 isbn = {978 90 358 1987 0},
 location = {Heerlen, Netherlands},
 pages = {81--86},
 numpages = {6},
 url = {http://dl.acm.org/citation.cfm?id=2043594.2043601},
 acmid = {2043601},
 publisher = {Open Universiteit, Heerlen},
 address = {Open Univ., Heerlen, The Netherlands, The Netherlands},
 keywords = {IT knowledge, game based learning, game design, learners difficult to reach},
}

@inproceedings{Duan:2018:REM:3241748.3241762,
 author = {Duan, Tingting},
 title = {Research on the Effect of MOOC in the Ideological and Political Education Course in China},
 booktitle = {Proceedings of the 2Nd International Conference on E-Education, E-Business and E-Technology},
 series = {ICEBT 2018},
 year = {2018},
 isbn = {978-1-4503-6481-2},
 location = {Beijing, China},
 pages = {25--31},
 numpages = {7},
 url = {http://doi.acm.org/10.1145/3241748.3241762},
 doi = {10.1145/3241748.3241762},
 acmid = {3241762},
 publisher = {ACM},
 address = {New York, NY, USA},
 keywords = {Formative evaluation, Learning effect, MOOC, Summative assessment},
}

@inproceedings{Wu:2018:ESC:3183586.3183599,
 author = {Wu, Binghui and Duan, Tingting},
 title = {e-Learning Situations and Cultivation Strategies: An Example from China},
 booktitle = {Proceedings of the 9th International Conference on E-Education, E-Business, E-Management and E-Learning},
 series = {IC4E '18},
 year = {2018},
 isbn = {978-1-4503-5485-1},
 location = {San Diego, California},
 pages = {15--19},
 numpages = {5},
 url = {http://doi.acm.org/10.1145/3183586.3183599},
 doi = {10.1145/3183586.3183599},
 acmid = {3183599},
 publisher = {ACM},
 address = {New York, NY, USA},
 keywords = {cultivation strategy, e-learning, learning method, learning power theory},
}

@inproceedings{Bar-El:2016:MMT:2839462.2856556,
 author = {Bar-El, David and Zuckerman, Oren},
 title = {Maketec: A Makerspace As a Third Place for Children},
 booktitle = {Proceedings of the TEI '16: Tenth International Conference on Tangible, Embedded, and Embodied Interaction},
 series = {TEI '16},
 year = {2016},
 isbn = {978-1-4503-3582-9},
 location = {Eindhoven, Netherlands},
 pages = {380--385},
 numpages = {6},
 url = {http://doi.acm.org/10.1145/2839462.2856556},
 doi = {10.1145/2839462.2856556},
 acmid = {2856556},
 publisher = {ACM},
 address = {New York, NY, USA},
 keywords = {Collaborative Learning, Digital Fabrication, Informal Learning, Makerspace, Playful Learning},
}

@inproceedings{Blaheta:2014:RHC:2538862.2538915,
 author = {Blaheta, Don},
 title = {Reinventing Homework As Cooperative, Formative Assessment},
 booktitle = {Proceedings of the 45th ACM Technical Symposium on Computer Science Education},
 series = {SIGCSE '14},
 year = {2014},
 isbn = {978-1-4503-2605-6},
 location = {Atlanta, Georgia, USA},
 pages = {301--306},
 numpages = {6},
 url = {http://doi.acm.org/10.1145/2538862.2538915},
 doi = {10.1145/2538862.2538915},
 acmid = {2538915},
 publisher = {ACM},
 address = {New York, NY, USA},
 keywords = {cooperative learning, formative assessment, pedagogy},
}

@inproceedings{Taamallah:2014:DES:2669711.2669926,
 author = {Taamallah, Aroua and Khemaja, Maha},
 title = {Designing and eXperiencing Smart Objects Based Learning Scenarios: An Approach Combining IMS LD, XAPI and IoT},
 booktitle = {Proceedings of the Second International Conference on Technological Ecosystems for Enhancing Multiculturality},
 series = {TEEM '14},
 year = {2014},
 isbn = {978-1-4503-2896-8},
 location = {Salamanca, Spain},
 pages = {373--379},
 numpages = {7},
 url = {http://doi.acm.org/10.1145/2669711.2669926},
 doi = {10.1145/2669711.2669926},
 acmid = {2669926},
 publisher = {ACM},
 address = {New York, NY, USA},
 keywords = {IMS LD, IoT, experience (tin can) API, learning objects, learning scenarios, pervasive learning, smart learning environments},
}

@inproceedings{Bauer:2017:DAO:3102071.3102106,
 author = {Bauer, Aaron and Butler, Eric and Popovi\'{c}, Zoran},
 title = {Dragon Architect: Open Design Problems for Guided Learning in a Creative Computational Thinking Sandbox Game},
 booktitle = {Proceedings of the 12th International Conference on the Foundations of Digital Games},
 series = {FDG '17},
 year = {2017},
 isbn = {978-1-4503-5319-9},
 location = {Hyannis, Massachusetts},
 pages = {26:1--26:6},
 articleno = {26},
 numpages = {6},
 url = {http://doi.acm.org/10.1145/3102071.3102106},
 doi = {10.1145/3102071.3102106},
 acmid = {3102106},
 publisher = {ACM},
 address = {New York, NY, USA},
 keywords = {computational thinking, game-based learning, programming education},
}

@inproceedings{Fernandez:2003:UPL:947121.947130,
 author = {Fernandez, Eugenia and Williamson, David M.},
 title = {Using Project-based Learning to Teach Object Oriented Application Development},
 booktitle = {Proceedings of the 4th Conference on Information Technology Curriculum},
 series = {CITC4 '03},
 year = {2003},
 isbn = {1-58113-770-2},
 location = {Lafayette, Indiana, USA},
 pages = {37--40},
 numpages = {4},
 url = {http://doi.acm.org/10.1145/947121.947130},
 doi = {10.1145/947121.947130},
 acmid = {947130},
 publisher = {ACM},
 address = {New York, NY, USA},
 keywords = {application development, object-oriented design, project-based learning, systems analysis and design},
}

@article{McWhorter:2009:LMM:1539024.1509019,
 author = {McWhorter, William Isaac and O'Connor, Brian C.},
 title = {Do LEGO\textregistered Mindstorms\textregistered Motivate Students in CS1?},
 journal = {SIGCSE Bull.},
 issue_date = {March 2009},
 volume = {41},
 number = {1},
 month = mar,
 year = {2009},
 issn = {0097-8418},
 pages = {438--442},
 numpages = {5},
 url = {http://doi.acm.org/10.1145/1539024.1509019},
 doi = {10.1145/1539024.1509019},
 acmid = {1509019},
 publisher = {ACM},
 address = {New York, NY, USA},
 keywords = {cs1, lego, motivation, programming environments, robotics},
}

@inproceedings{McWhorter:2009:LMM:1508865.1509019,
 author = {McWhorter, William Isaac and O'Connor, Brian C.},
 title = {Do LEGO\textregistered Mindstorms\textregistered Motivate Students in CS1?},
 booktitle = {Proceedings of the 40th ACM Technical Symposium on Computer Science Education},
 series = {SIGCSE '09},
 year = {2009},
 isbn = {978-1-60558-183-5},
 location = {Chattanooga, TN, USA},
 pages = {438--442},
 numpages = {5},
 url = {http://doi.acm.org/10.1145/1508865.1509019},
 doi = {10.1145/1508865.1509019},
 acmid = {1509019},
 publisher = {ACM},
 address = {New York, NY, USA},
 keywords = {cs1, lego, motivation, programming environments, robotics},
}

@inproceedings{Przybylla:2014:PCC:2670757.2670782,
 author = {Przybylla, Mareen and Romeike, Ralf},
 title = {Physical Computing in Computer Science Education},
 booktitle = {Proceedings of the 9th Workshop in Primary and Secondary Computing Education},
 series = {WiPSCE '14},
 year = {2014},
 isbn = {978-1-4503-3250-7},
 location = {Berlin, Germany},
 pages = {136--137},
 numpages = {2},
 url = {http://doi.acm.org/10.1145/2670757.2670782},
 doi = {10.1145/2670757.2670782},
 acmid = {2670782},
 publisher = {ACM},
 address = {New York, NY, USA},
 keywords = {constructionism, creativity, curriculum, interactive objects, motivation, physical computing},
}

@inproceedings{Govindaraj:2017:BFC:3175536.3175543,
 author = {Govindaraj, Anandraj and Silverajah, V. S. Giita},
 title = {Blending Flipped Classroom and Station Rotation Models in Enhancing Students' Learning of Physics},
 booktitle = {Proceedings of the 2017 9th International Conference on Education Technology and Computers},
 series = {ICETC 2017},
 year = {2017},
 isbn = {978-1-4503-5435-6},
 location = {Barcelona, Spain},
 pages = {73--78},
 numpages = {6},
 url = {http://doi.acm.org/10.1145/3175536.3175543},
 doi = {10.1145/3175536.3175543},
 acmid = {3175543},
 publisher = {ACM},
 address = {New York, NY, USA},
 keywords = {Blended learning, Station rotation model, flipped classroom},
}

@inproceedings{Martha:2018:IMT:3290511.3290530,
 author = {Martha, Ati Suci Dian and Santoso, Harry B.},
 title = {Investigation of Motivation Theory on Pedagogical Agents Design in the Online Learning Environment},
 booktitle = {Proceedings of the 10th International Conference on Education Technology and Computers},
 series = {ICETC '18},
 year = {2018},
 isbn = {978-1-4503-6517-8},
 location = {Tokyo, Japan},
 pages = {217--222},
 numpages = {6},
 url = {http://doi.acm.org/10.1145/3290511.3290530},
 doi = {10.1145/3290511.3290530},
 acmid = {3290530},
 publisher = {ACM},
 address = {New York, NY, USA},
 keywords = {e-learning, motivation, motivator, pedagogical agent, role agent},
}

@inproceedings{Liaqat:2018:TWA:3170358.3170422,
 author = {Liaqat, Amna and Munteanu, Cosmin},
 title = {Towards a Writing Analytics Framework for Adult English Language Learners},
 booktitle = {Proceedings of the 8th International Conference on Learning Analytics and Knowledge},
 series = {LAK '18},
 year = {2018},
 isbn = {978-1-4503-6400-3},
 location = {Sydney, New South Wales, Australia},
 pages = {121--125},
 numpages = {5},
 url = {http://doi.acm.org/10.1145/3170358.3170422},
 doi = {10.1145/3170358.3170422},
 acmid = {3170422},
 publisher = {ACM},
 address = {New York, NY, USA},
 keywords = {adult learners, immigrant, learning analytics, writing},
}

@inproceedings{Abaunza:2016:BRW:3012430.3012522,
 author = {Abaunza, Geovanny and Rodr\'{\i}guez-Conde, M. Jos{\'e}},
 title = {Bibliographic Review on Web Applications Used to Learn a Foreign Language},
 booktitle = {Proceedings of the Fourth International Conference on Technological Ecosystems for Enhancing Multiculturality},
 series = {TEEM '16},
 year = {2016},
 isbn = {978-1-4503-4747-1},
 location = {Salamanca, Spain},
 pages = {229--234},
 numpages = {6},
 url = {http://doi.acm.org/10.1145/3012430.3012522},
 doi = {10.1145/3012430.3012522},
 acmid = {3012522},
 publisher = {ACM},
 address = {New York, NY, USA},
 keywords = {TIC, blearning, duolingo, elearning, mlearning, web application},
}

@inproceedings{Kinnunen:2011:CMS:2016911.2016917,
 author = {Kinnunen, P\"{a}ivi and Simon, Beth},
 title = {CS Majors' Self-efficacy Perceptions in CS1: Results in Light of Social Cognitive Theory},
 booktitle = {Proceedings of the Seventh International Workshop on Computing Education Research},
 series = {ICER '11},
 year = {2011},
 isbn = {978-1-4503-0829-8},
 location = {Providence, Rhode Island, USA},
 pages = {19--26},
 numpages = {8},
 url = {http://doi.acm.org/10.1145/2016911.2016917},
 doi = {10.1145/2016911.2016917},
 acmid = {2016917},
 publisher = {ACM},
 address = {New York, NY, USA},
 keywords = {cs1, grounded theory, programming assignments, self-efficacy},
}

@inproceedings{Wood:2015:BWB:2676723.2677249,
 author = {Wood, Zo\"{e} and Keen, Aaron},
 title = {Building Worlds: Bridging Imperative-First and Object-Oriented Programming in CS1-CS2},
 booktitle = {Proceedings of the 46th ACM Technical Symposium on Computer Science Education},
 series = {SIGCSE '15},
 year = {2015},
 isbn = {978-1-4503-2966-8},
 location = {Kansas City, Missouri, USA},
 pages = {144--149},
 numpages = {6},
 url = {http://doi.acm.org/10.1145/2676723.2677249},
 doi = {10.1145/2676723.2677249},
 acmid = {2677249},
 publisher = {ACM},
 address = {New York, NY, USA},
 keywords = {introductory programming, object-oriented programming},
}

@inproceedings{Xiaochun:2017:SEP:3175536.3175571,
 author = {Xiaochun, Gong and Yiwei, Wang and Jingming, Zhang},
 title = {The Self-assessment in E-learning and Personalized Feedback Education},
 booktitle = {Proceedings of the 2017 9th International Conference on Education Technology and Computers},
 series = {ICETC 2017},
 year = {2017},
 isbn = {978-1-4503-5435-6},
 location = {Barcelona, Spain},
 pages = {141--145},
 numpages = {5},
 url = {http://doi.acm.org/10.1145/3175536.3175571},
 doi = {10.1145/3175536.3175571},
 acmid = {3175571},
 publisher = {ACM},
 address = {New York, NY, USA},
 keywords = {E-learning, Learning-growth evaluation, Personalized education, Self-assessment, Time calculation},
}

@inproceedings{Barbatsis:2011:EGC:2038476.2038488,
 author = {Barbatsis, Kostas and Economou, Daphne and Papamagkana, Ioanna and Loukas, Dimos},
 title = {3D Environments with Games Characteristics for Teaching History: The VRLerna Case Study},
 booktitle = {Proceedings of the 29th ACM International Conference on Design of Communication},
 series = {SIGDOC '11},
 year = {2011},
 isbn = {978-1-4503-0936-3},
 location = {Pisa, Italy},
 pages = {59--66},
 numpages = {8},
 url = {http://doi.acm.org/10.1145/2038476.2038488},
 doi = {10.1145/2038476.2038488},
 acmid = {2038488},
 publisher = {ACM},
 address = {New York, NY, USA},
 keywords = {constructivism, history education, motivation, video games, virtual environments},
}

@inproceedings{Kusumastuti:2017:RMD:3176653.3176729,
 author = {Kusumastuti, Dwi Listriana and Tjhin, Viany Utami and Soraya, Kiky},
 title = {The Role of Mobile Devices to Improve Student Learning Motivation on Distance Learning},
 booktitle = {Proceedings of the 2017 International Conference on Information Technology},
 series = {ICIT 2017},
 year = {2017},
 isbn = {978-1-4503-6351-8},
 location = {Singapore, Singapore},
 pages = {325--329},
 numpages = {5},
 url = {http://doi.acm.org/10.1145/3176653.3176729},
 doi = {10.1145/3176653.3176729},
 acmid = {3176729},
 publisher = {ACM},
 address = {New York, NY, USA},
 keywords = {distance learning, learning motivation, mobile devices},
}

@inproceedings{Tirronen:2014:SDM:2591708.2591726,
 author = {Tirronen, Ville},
 title = {Study on Difficulties and Misconceptions with Modern Type Systems},
 booktitle = {Proceedings of the 2014 Conference on Innovation \&\#38; Technology in Computer Science Education},
 series = {ITiCSE '14},
 year = {2014},
 isbn = {978-1-4503-2833-3},
 location = {Uppsala, Sweden},
 pages = {303--308},
 numpages = {6},
 url = {http://doi.acm.org/10.1145/2591708.2591726},
 doi = {10.1145/2591708.2591726},
 acmid = {2591726},
 publisher = {ACM},
 address = {New York, NY, USA},
 keywords = {experiment, functional programming, misconceptions, type systems},
}

@inproceedings{Astrachan:2009:PP:1508865.1508933,
 author = {Astrachan, Owen},
 title = {Pander to Ponder},
 booktitle = {Proceedings of the 40th ACM Technical Symposium on Computer Science Education},
 series = {SIGCSE '09},
 year = {2009},
 isbn = {978-1-60558-183-5},
 location = {Chattanooga, TN, USA},
 pages = {192--196},
 numpages = {5},
 url = {http://doi.acm.org/10.1145/1508865.1508933},
 doi = {10.1145/1508865.1508933},
 acmid = {1508933},
 publisher = {ACM},
 address = {New York, NY, USA},
 keywords = {computational thinking, computers and society, ethics, non-majors, problem-centric learning},
}

@article{Astrachan:2009:PP:1539024.1508933,
 author = {Astrachan, Owen},
 title = {Pander to Ponder},
 journal = {SIGCSE Bull.},
 issue_date = {March 2009},
 volume = {41},
 number = {1},
 month = mar,
 year = {2009},
 issn = {0097-8418},
 pages = {192--196},
 numpages = {5},
 url = {http://doi.acm.org/10.1145/1539024.1508933},
 doi = {10.1145/1539024.1508933},
 acmid = {1508933},
 publisher = {ACM},
 address = {New York, NY, USA},
 keywords = {computational thinking, computers and society, ethics, non-majors, problem-centric learning},
}

@article{Witherspoon:2017:DCT:3155324.3104982,
 author = {Witherspoon, Eben B. and Higashi, Ross M. and Schunn, Christian D. and Baehr, Emily C. and Shoop, Robin},
 title = {Developing Computational Thinking Through a Virtual Robotics Programming Curriculum},
 journal = {ACM Trans. Comput. Educ.},
 issue_date = {December 2017},
 volume = {18},
 number = {1},
 month = oct,
 year = {2017},
 issn = {1946-6226},
 pages = {4:1--4:20},
 articleno = {4},
 numpages = {20},
 url = {http://doi.acm.org/10.1145/3104982},
 doi = {10.1145/3104982},
 acmid = {3104982},
 publisher = {ACM},
 address = {New York, NY, USA},
 keywords = {Computational thinking, K-12, curriculum design, programming, robotics},
}

@inproceedings{Liu:2019:SIE:3318396.3318429,
 author = {Liu, Dan and Zhu, Wenzhong},
 title = {Students' Initial Experience of Flipped Classroom in Business and Management Education in China: Perceptions and Implications},
 booktitle = {Proceedings of the 2019 8th International Conference on Educational and Information Technology},
 series = {ICEIT 2019},
 year = {2019},
 isbn = {978-1-4503-6267-2},
 location = {Cambridge, United Kingdom},
 pages = {124--130},
 numpages = {7},
 url = {http://doi.acm.org/10.1145/3318396.3318429},
 doi = {10.1145/3318396.3318429},
 acmid = {3318429},
 publisher = {ACM},
 address = {New York, NY, USA},
 keywords = {Business and Management education, China, Flipped classroom, teaching and learning},
}

@inproceedings{Fioravanti:2018:IPB:3159450.3159599,
 author = {Fioravanti, Maria Lydia and Sena, Bruno and Paschoal, Leo Natan and Silva, La\'{\i}za R. and Allian, Ana P. and Nakagawa, Elisa Y. and Souza, Simone R.S. and Isotani, Seiji and Barbosa, Ellen F.},
 title = {Integrating Project Based Learning and Project Management for Software Engineering Teaching: An Experience Report},
 booktitle = {Proceedings of the 49th ACM Technical Symposium on Computer Science Education},
 series = {SIGCSE '18},
 year = {2018},
 isbn = {978-1-4503-5103-4},
 location = {Baltimore, Maryland, USA},
 pages = {806--811},
 numpages = {6},
 url = {http://doi.acm.org/10.1145/3159450.3159599},
 doi = {10.1145/3159450.3159599},
 acmid = {3159599},
 publisher = {ACM},
 address = {New York, NY, USA},
 keywords = {pbl, se education, software project},
}

@inproceedings{Carter:2011:MOS:2078856.2078858,
 author = {Carter, Janet and Bouvier, Dennis and Cardell-Oliver, Rachel and Hamilton, Margaret and Kurkovsky, Stanislav and Markham, Stefanie and McClung, O. William and McDermott, Roger and Riedesel, Charles and Shi, Jian and White, Su},
 title = {Motivating All Our Students?},
 booktitle = {Proceedings of the 16th Annual Conference Reports on Innovation and Technology in Computer Science Education - Working Group Reports},
 series = {ITiCSE-WGR '11},
 year = {2011},
 isbn = {978-1-4503-1122-9},
 location = {Darmstadt, Germany},
 pages = {1--18},
 numpages = {18},
 url = {http://doi.acm.org/10.1145/2078856.2078858},
 doi = {10.1145/2078856.2078858},
 acmid = {2078858},
 publisher = {ACM},
 address = {New York, NY, USA},
 keywords = {differentiation in the classroom, learning programming, otivation},
}

@inproceedings{Kurtz:2014:ALD:2538862.2538907,
 author = {Kurtz, Barry L. and Fenwick, James B. and Tashakkori, Rahman and Esmail, Ahmad and Tate, Stephen R.},
 title = {Active Learning During Lecture Using Tablets},
 booktitle = {Proceedings of the 45th ACM Technical Symposium on Computer Science Education},
 series = {SIGCSE '14},
 year = {2014},
 isbn = {978-1-4503-2605-6},
 location = {Atlanta, Georgia, USA},
 pages = {121--126},
 numpages = {6},
 url = {http://doi.acm.org/10.1145/2538862.2538907},
 doi = {10.1145/2538862.2538907},
 acmid = {2538907},
 publisher = {ACM},
 address = {New York, NY, USA},
 keywords = {active learning, automated grading, tablets},
}

@inproceedings{Rahman:2018:NPL:3178158.3178184,
 author = {Rahman, Teh Faradilla binti Abdul and Anuar, Nurhilyana and Said, Raudzatul Fathiyah Mohd},
 title = {How the Nature of Programming and Learning Materials Affects Novice Learner's Motivation and Programming Ability},
 booktitle = {Proceedings of the 6th International Conference on Information and Education Technology},
 series = {ICIET '18},
 year = {2018},
 isbn = {978-1-4503-5359-5},
 location = {Osaka, Japan},
 pages = {124--128},
 numpages = {5},
 url = {http://doi.acm.org/10.1145/3178158.3178184},
 doi = {10.1145/3178158.3178184},
 acmid = {3178184},
 publisher = {ACM},
 address = {New York, NY, USA},
 keywords = {C programming, learning factor, learning problems},
}

@inproceedings{Zhao:2018:EEU:3284497.3284507,
 author = {Zhao, Lixinin and Hwang, Wu-Yuin and Shadiev, Rustam and Lin, Li-Kai and Shih, Timothy K. and Chen, Hong-Ren},
 title = {Exploring the Effects of Ubiquitous Geometry Learning in Real Situations},
 booktitle = {Proceedings of the 2Nd International Conference on Digital Technology in Education},
 series = {ICDTE 2018},
 year = {2018},
 isbn = {978-1-4503-6599-4},
 location = {Bangkok, Thailand},
 pages = {29--36},
 numpages = {8},
 url = {http://doi.acm.org/10.1145/3284497.3284507},
 doi = {10.1145/3284497.3284507},
 acmid = {3284507},
 publisher = {ACM},
 address = {New York, NY, USA},
 keywords = {Authentic context, Geometry measurement, Spatial estimation ability, Ubiquitous geometry learning},
}

@inproceedings{Membiela:2018:RCE:3284179.3284280,
 author = {Membiela, Pedro and Cal, Laura and Jim{\'e}nez, Ares and Otero, Alberto and Zemankova, Katerina},
 title = {Relationship Between Classroom Environment and Emotions in Science Students},
 booktitle = {Proceedings of the Sixth International Conference on Technological Ecosystems for Enhancing Multiculturality},
 series = {TEEM'18},
 year = {2018},
 isbn = {978-1-4503-6518-5},
 location = {Salamanca, Spain},
 pages = {613--616},
 numpages = {4},
 url = {http://doi.acm.org/10.1145/3284179.3284280},
 doi = {10.1145/3284179.3284280},
 acmid = {3284280},
 publisher = {ACM},
 address = {New York, NY, USA},
 keywords = {classroom environment, science students, student emotions},
}

@inproceedings{Summet:2009:PCR:1508865.1509018,
 author = {Summet, Jay and Kumar, Deepak and O'Hara, Keith and Walker, Daniel and Ni, Lijun and Blank, Doug and Balch, Tucker},
 title = {Personalizing CS1 with Robots},
 booktitle = {Proceedings of the 40th ACM Technical Symposium on Computer Science Education},
 series = {SIGCSE '09},
 year = {2009},
 isbn = {978-1-60558-183-5},
 location = {Chattanooga, TN, USA},
 pages = {433--437},
 numpages = {5},
 url = {http://doi.acm.org/10.1145/1508865.1509018},
 doi = {10.1145/1508865.1509018},
 acmid = {1509018},
 publisher = {ACM},
 address = {New York, NY, USA},
 keywords = {cs1, pedagogy, robots},
}

@article{Summet:2009:PCR:1539024.1509018,
 author = {Summet, Jay and Kumar, Deepak and O'Hara, Keith and Walker, Daniel and Ni, Lijun and Blank, Doug and Balch, Tucker},
 title = {Personalizing CS1 with Robots},
 journal = {SIGCSE Bull.},
 issue_date = {March 2009},
 volume = {41},
 number = {1},
 month = mar,
 year = {2009},
 issn = {0097-8418},
 pages = {433--437},
 numpages = {5},
 url = {http://doi.acm.org/10.1145/1539024.1509018},
 doi = {10.1145/1539024.1509018},
 acmid = {1509018},
 publisher = {ACM},
 address = {New York, NY, USA},
 keywords = {cs1, pedagogy, robots},
}

@inproceedings{Hijon-Neira:2014:GPI:2591708.2591737,
 author = {Hijon-Neira, Raquel B. and Vel\'{a}zquez-iturbide, \'{A}ngel and Pizarro-Romero, Celeste and Carri\c{c}o, Lu\'{\i}s},
 title = {Game Programming for Improving Learning Experience},
 booktitle = {Proceedings of the 2014 Conference on Innovation \&\#38; Technology in Computer Science Education},
 series = {ITiCSE '14},
 year = {2014},
 isbn = {978-1-4503-2833-3},
 location = {Uppsala, Sweden},
 pages = {225--230},
 numpages = {6},
 url = {http://doi.acm.org/10.1145/2591708.2591737},
 doi = {10.1145/2591708.2591737},
 acmid = {2591737},
 publisher = {ACM},
 address = {New York, NY, USA},
 keywords = {game programming, greenfoot, introductory computing courses, programming teaching, visual programming language},
}

@inproceedings{Boustedt:2008:MES:1404520.1404524,
 author = {Boustedt, Jonas},
 title = {A Methodology for Exploring Students' Experiences and Interaction with Large-scale Software Through Role-play and Phenomenography},
 booktitle = {Proceedings of the Fourth International Workshop on Computing Education Research},
 series = {ICER '08},
 year = {2008},
 isbn = {978-1-60558-216-0},
 location = {Sydney, Australia},
 pages = {27--38},
 numpages = {12},
 url = {http://doi.acm.org/10.1145/1404520.1404524},
 doi = {10.1145/1404520.1404524},
 acmid = {1404524},
 publisher = {ACM},
 address = {New York, NY, USA},
 keywords = {phenomenography, programming, qualitative method, role-play, software},
}

@inproceedings{Barker:2014:FCC:2538862.2538959,
 author = {Barker, Lecia J. and O'Neill, Melissa and Kazim, Nida},
 title = {Framing Classroom Climate for Student Learning and Retention in Computer Science},
 booktitle = {Proceedings of the 45th ACM Technical Symposium on Computer Science Education},
 series = {SIGCSE '14},
 year = {2014},
 isbn = {978-1-4503-2605-6},
 location = {Atlanta, Georgia, USA},
 pages = {319--324},
 numpages = {6},
 url = {http://doi.acm.org/10.1145/2538862.2538959},
 doi = {10.1145/2538862.2538959},
 acmid = {2538959},
 publisher = {ACM},
 address = {New York, NY, USA},
 keywords = {classroom climate, classroom management, student retention},
}

@inproceedings{Esper:2013:CEM:2462476.2465593,
 author = {Esper, Sarah and Foster, Stephen R. and Griswold, William G.},
 title = {CodeSpells: Embodying the Metaphor of Wizardry for Programming},
 booktitle = {Proceedings of the 18th ACM Conference on Innovation and Technology in Computer Science Education},
 series = {ITiCSE '13},
 year = {2013},
 isbn = {978-1-4503-2078-8},
 location = {Canterbury, England, UK},
 pages = {249--254},
 numpages = {6},
 url = {http://doi.acm.org/10.1145/2462476.2465593},
 doi = {10.1145/2462476.2465593},
 acmid = {2465593},
 publisher = {ACM},
 address = {New York, NY, USA},
 keywords = {computer science education, cs1, embodiment, metaphor},
}

@inproceedings{Lishinski:2016:LPG:2960310.2960329,
 author = {Lishinski, Alex and Yadav, Aman and Good, Jon and Enbody, Richard},
 title = {Learning to Program: Gender Differences and Interactive Effects of Students' Motivation, Goals, and Self-Efficacy on Performance},
 booktitle = {Proceedings of the 2016 ACM Conference on International Computing Education Research},
 series = {ICER '16},
 year = {2016},
 isbn = {978-1-4503-4449-4},
 location = {Melbourne, VIC, Australia},
 pages = {211--220},
 numpages = {10},
 url = {http://doi.acm.org/10.1145/2960310.2960329},
 doi = {10.1145/2960310.2960329},
 acmid = {2960329},
 publisher = {ACM},
 address = {New York, NY, USA},
 keywords = {cs1, goal orientation, metacognitive strategies, predictors, self-efficacy},
}

@inproceedings{VidalDuarte:2017:RMT:3059009.3072974,
 author = {Vidal Duarte, Elizabeth and Castro Gutierrez, Eveling and Aedo, Marco},
 title = {When the Robot Meets the Turtle: A Gentle Introduction to Algorithms and Functions},
 booktitle = {Proceedings of the 2017 ACM Conference on Innovation and Technology in Computer Science Education},
 series = {ITiCSE '17},
 year = {2017},
 isbn = {978-1-4503-4704-4},
 location = {Bologna, Italy},
 pages = {78--79},
 numpages = {2},
 url = {http://doi.acm.org/10.1145/3059009.3072974},
 doi = {10.1145/3059009.3072974},
 acmid = {3072974},
 publisher = {ACM},
 address = {New York, NY, USA},
 keywords = {first programming course, game-oriented, motivation, pedagogical tool, specific assignments, teaching},
}

@inproceedings{Liu:2008:WCL:1822258.1822285,
 author = {Liu, Ben and Chen, Hejie and He, Wei},
 title = {Wiki-based Collaborative Learning: Incorporating Self-assessment Tasks},
 booktitle = {Proceedings of the 4th International Symposium on Wikis},
 series = {WikiSym '08},
 year = {2008},
 isbn = {978-1-60558-128-6},
 location = {Porto, Portugal},
 pages = {20:1--20:7},
 articleno = {20},
 numpages = {7},
 url = {http://doi.acm.org/10.1145/1822258.1822285},
 doi = {10.1145/1822258.1822285},
 acmid = {1822285},
 publisher = {ACM},
 address = {New York, NY, USA},
 keywords = {computer assisted assessment, formative assessment, item model, wiki-based collaborative learning},
}

@inproceedings{Radenski:2009:FCM:1562877.1562891,
 author = {Radenski, Atanas},
 title = {Freedom of Choice As Motivational Factor for Active Learning},
 booktitle = {Proceedings of the 14th Annual ACM SIGCSE Conference on Innovation and Technology in Computer Science Education},
 series = {ITiCSE '09},
 year = {2009},
 isbn = {978-1-60558-381-5},
 location = {Paris, France},
 pages = {21--25},
 numpages = {5},
 url = {http://doi.acm.org/10.1145/1562877.1562891},
 doi = {10.1145/1562877.1562891},
 acmid = {1562891},
 publisher = {ACM},
 address = {New York, NY, USA},
 keywords = {CS1/2, active learning, compiler construction, java, labs, moodle, programming languages, projects, python, study pack},
}

@article{Radenski:2009:FCM:1595496.1562891,
 author = {Radenski, Atanas},
 title = {Freedom of Choice As Motivational Factor for Active Learning},
 journal = {SIGCSE Bull.},
 issue_date = {September 2009},
 volume = {41},
 number = {3},
 month = jul,
 year = {2009},
 issn = {0097-8418},
 pages = {21--25},
 numpages = {5},
 url = {http://doi.acm.org/10.1145/1595496.1562891},
 doi = {10.1145/1595496.1562891},
 acmid = {1562891},
 publisher = {ACM},
 address = {New York, NY, USA},
 keywords = {CS1/2, active learning, compiler construction, java, labs, moodle, programming languages, projects, python, study pack},
}

@article{Barr:2015:ATC:2739250.2716345,
 author = {Barr, Valerie and Guzdial, Mark},
 title = {Advice on Teaching CS, and the Learnability of Programming Languages},
 journal = {Commun. ACM},
 issue_date = {March 2015},
 volume = {58},
 number = {3},
 month = feb,
 year = {2015},
 issn = {0001-0782},
 pages = {8--9},
 numpages = {2},
 url = {http://doi.acm.org/10.1145/2716345},
 doi = {10.1145/2716345},
 acmid = {2716345},
 publisher = {ACM},
 address = {New York, NY, USA},
}

@article{Kolikant:2004:CPI:1026487.1008047,
 author = {Kolikant, Yifat Ben-David and Pollack, Sarah},
 title = {Community-oriented Pedagogy for In-service CS Teacher Training},
 journal = {SIGCSE Bull.},
 issue_date = {September 2004},
 volume = {36},
 number = {3},
 month = jun,
 year = {2004},
 issn = {0097-8418},
 pages = {191--195},
 numpages = {5},
 url = {http://doi.acm.org/10.1145/1026487.1008047},
 doi = {10.1145/1026487.1008047},
 acmid = {1008047},
 publisher = {ACM},
 address = {New York, NY, USA},
 keywords = {community of practice, community-oriented pedagogy, in-service teacher training, interaction},
}

@inproceedings{Kolikant:2004:CPI:1007996.1008047,
 author = {Kolikant, Yifat Ben-David and Pollack, Sarah},
 title = {Community-oriented Pedagogy for In-service CS Teacher Training},
 booktitle = {Proceedings of the 9th Annual SIGCSE Conference on Innovation and Technology in Computer Science Education},
 series = {ITiCSE '04},
 year = {2004},
 isbn = {1-58113-836-9},
 location = {Leeds, United Kingdom},
 pages = {191--195},
 numpages = {5},
 url = {http://doi.acm.org/10.1145/1007996.1008047},
 doi = {10.1145/1007996.1008047},
 acmid = {1008047},
 publisher = {ACM},
 address = {New York, NY, USA},
 keywords = {community of practice, community-oriented pedagogy, in-service teacher training, interaction},
}

@inproceedings{Behnke:2016:CSP:2960310.2960336,
 author = {Behnke, Kara Alexandra and Kos, Brittany Ann and Bennett, John K.},
 title = {Computer Science Principles: Impacting Student Motivation \&\#38; Learning Within and Beyond the Classroom},
 booktitle = {Proceedings of the 2016 ACM Conference on International Computing Education Research},
 series = {ICER '16},
 year = {2016},
 isbn = {978-1-4503-4449-4},
 location = {Melbourne, VIC, Australia},
 pages = {171--180},
 numpages = {10},
 url = {http://doi.acm.org/10.1145/2960310.2960336},
 doi = {10.1145/2960310.2960336},
 acmid = {2960336},
 publisher = {ACM},
 address = {New York, NY, USA},
 keywords = {computational thinking, computer science principles, connectivism, constructionism, learning outcomes., motivation, self-determination theory, self-directed learning},
}

@inproceedings{Suthaharan:2014:FCE:2656450.2656464,
 author = {Suthaharan, Shan},
 title = {FLaSKU - a Classroom Experience with Teaching Computer Networking: Is It Useful to Others in the Field?},
 booktitle = {Proceedings of the 15th Annual Conference on Information Technology Education},
 series = {SIGITE '14},
 year = {2014},
 isbn = {978-1-4503-2686-5},
 location = {Atlanta, Georgia, USA},
 pages = {15--20},
 numpages = {6},
 url = {http://doi.acm.org/10.1145/2656450.2656464},
 doi = {10.1145/2656450.2656464},
 acmid = {2656464},
 publisher = {ACM},
 address = {New York, NY, USA},
 keywords = {computer networking, conceptualized learning, incremental learning, independent learning},
}

@inproceedings{Detmer:2010:IRP:1900008.1900042,
 author = {Detmer, Richard and Li, Cen and Dong, Zhijiang and Hankins, Judy},
 title = {Incorporating Real-world Projects in Teaching Computer Science Courses},
 booktitle = {Proceedings of the 48th Annual Southeast Regional Conference},
 series = {ACM SE '10},
 year = {2010},
 isbn = {978-1-4503-0064-3},
 location = {Oxford, Mississippi},
 pages = {24:1--24:6},
 articleno = {24},
 numpages = {6},
 url = {http://doi.acm.org/10.1145/1900008.1900042},
 doi = {10.1145/1900008.1900042},
 acmid = {1900042},
 publisher = {ACM},
 address = {New York, NY, USA},
 keywords = {computer science education, project management, real-world projects, software development, team projects},
}

@article{Allan:1997:TCS:274375.274376,
 author = {Allan, V. H. and Kolesar, M. V.},
 title = {Teaching Computer Science: A Problem Solving Approach That Works},
 journal = {SIGCUE Outlook},
 issue_date = {Jan./April 1997},
 volume = {25},
 number = {1-2},
 month = jan,
 year = {1997},
 issn = {0163-5735},
 pages = {2--10},
 numpages = {9},
 url = {http://doi.acm.org/10.1145/274375.274376},
 doi = {10.1145/274375.274376},
 acmid = {274376},
 publisher = {ACM},
 address = {New York, NY, USA},
 keywords = {computer science, pre-programming, problem solving, teaching},
}

@inproceedings{Oyelere:2017:IPP:3141880.3141882,
 author = {Oyelere, Solomon Sunday and Suhonen, Jarkko and Laine, Teemu H.},
 title = {Integrating Parson's Programming Puzzles into a Game-based Mobile Learning Application},
 booktitle = {Proceedings of the 17th Koli Calling International Conference on Computing Education Research},
 series = {Koli Calling '17},
 year = {2017},
 isbn = {978-1-4503-5301-4},
 location = {Koli, Finland},
 pages = {158--162},
 numpages = {5},
 url = {http://doi.acm.org/10.1145/3141880.3141882},
 doi = {10.1145/3141880.3141882},
 acmid = {3141882},
 publisher = {ACM},
 address = {New York, NY, USA},
 keywords = {board game, computing education, game-based learning, mobile learning, mobile learning application, mobileedu, parson's programming puzzles},
}

@inproceedings{Magerko:2013:TEC:2445196.2445390,
 author = {Magerko, Brian and Freeman, Jason and McKlin, Tom and McCoid, Scott and Jenkins, Tom and Livingston, Elise},
 title = {Tackling Engagement in Computing with Computational Music Remixing},
 booktitle = {Proceeding of the 44th ACM Technical Symposium on Computer Science Education},
 series = {SIGCSE '13},
 year = {2013},
 isbn = {978-1-4503-1868-6},
 location = {Denver, Colorado, USA},
 pages = {657--662},
 numpages = {6},
 url = {http://doi.acm.org/10.1145/2445196.2445390},
 doi = {10.1145/2445196.2445390},
 acmid = {2445390},
 publisher = {ACM},
 address = {New York, NY, USA},
 keywords = {collaboration, computing principles, education, music, remixing},
}

@inproceedings{Curto:2013:RC:2536536.2536580,
 author = {Curto, B. and Moreno, V.},
 title = {A Robot in the Classroom},
 booktitle = {Proceedings of the First International Conference on Technological Ecosystem for Enhancing Multiculturality},
 series = {TEEM '13},
 year = {2013},
 isbn = {978-1-4503-2345-1},
 location = {Salamanca, Spain},
 pages = {295--296},
 numpages = {2},
 url = {http://doi.acm.org/10.1145/2536536.2536580},
 doi = {10.1145/2536536.2536580},
 acmid = {2536580},
 publisher = {ACM},
 address = {New York, NY, USA},
 keywords = {educational robotics, robot in classroom},
}

@article{Ostrander:2015:MLR:2786608.2733382,
 author = {Ostrander, Tina J.},
 title = {Making Learning Relevant for the Real World: Co-teaching with an Industry Professional},
 journal = {ACM Inroads},
 issue_date = {June 2015},
 volume = {6},
 number = {2},
 month = may,
 year = {2015},
 issn = {2153-2184},
 pages = {44--49},
 numpages = {6},
 url = {http://doi.acm.org/10.1145/2733382},
 doi = {10.1145/2733382},
 acmid = {2733382},
 publisher = {ACM},
 address = {New York, NY, USA},
}

@inproceedings{Kaczmarczyk:2007:CAF:1288580.1288583,
 author = {Kaczmarczyk, Lisa C. and Boutell, Matthew R. and Last, Mary Z.},
 title = {Challenging the Advanced First-year Student's Learning Process Through Student Presentations},
 booktitle = {Proceedings of the Third International Workshop on Computing Education Research},
 series = {ICER '07},
 year = {2007},
 isbn = {978-1-59593-841-1},
 location = {Atlanta, Georgia, USA},
 pages = {17--26},
 numpages = {10},
 url = {http://doi.acm.org/10.1145/1288580.1288583},
 doi = {10.1145/1288580.1288583},
 acmid = {1288583},
 publisher = {ACM},
 address = {New York, NY, USA},
 keywords = {advanced students, communication, peer learning},
}

@inproceedings{Mohamed:2019:DCP:3314994.3325084,
 author = {Mohamed, Abdallah},
 title = {Designing a CS1 Programming Course for a Mixed-Ability Class},
 booktitle = {Proceedings of the Western Canadian Conference on Computing Education},
 series = {WCCCE '19},
 year = {2019},
 isbn = {978-1-4503-6715-8},
 location = {Calgary, AB, Canada},
 pages = {8:1--8:6},
 articleno = {8},
 numpages = {6},
 url = {http://doi.acm.org/10.1145/3314994.3325084},
 doi = {10.1145/3314994.3325084},
 acmid = {3325084},
 publisher = {ACM},
 address = {New York, NY, USA},
 keywords = {CS1, Processing, Programming for all, flipped classroom, games for teaching, non-majors, pair programming},
}

@inproceedings{Firmin:2012:EFI:2483716.2483735,
 author = {Firmin, Sally and Sheard, Judy and Carbone, Angela and Hurst, John},
 title = {An Exploration of Factors Influencing Tertiary IT Educators' Pedagogies},
 booktitle = {Proceedings of the Fourteenth Australasian Computing Education Conference - Volume 123},
 series = {ACE '12},
 year = {2012},
 isbn = {978-1-921770-04-3},
 location = {Melbourne, Australia},
 pages = {157--166},
 numpages = {10},
 url = {http://dl.acm.org/citation.cfm?id=2483716.2483735},
 acmid = {2483735},
 publisher = {Australian Computer Society, Inc.},
 address = {Darlinghurst, Australia, Australia},
 keywords = {IT academics, grounded theory, pedagogy, qualitative research, teaching philosophy},
}

@inproceedings{Lui:2019:RWT:3311890.3311895,
 author = {Lui, Debora and Kafai, Yasmin B. and Walker, Justice T. and Hanna, Sheri and Hogan, Karen and Telhan, Orkan},
 title = {A Revaluation of How We Think About Making: Examining Assembly Practices and Artifact Imagination in Biomaking},
 booktitle = {Proceedings of FabLearn 2019},
 series = {FL2019},
 year = {2019},
 isbn = {978-1-4503-6244-3},
 location = {New York, NY, USA},
 pages = {34--41},
 numpages = {8},
 url = {http://doi.acm.org/10.1145/3311890.3311895},
 doi = {10.1145/3311890.3311895},
 acmid = {3311895},
 publisher = {ACM},
 address = {New York, NY, USA},
 keywords = {DIY, assembly, design biology, fabrication, imagination, making, synthetic biology, tinkering},
}

@inproceedings{Bryant:2003:MDC:858403.858423,
 author = {Bryant, Kay C.},
 title = {A Methodology for the Design of Courses in Information Systems},
 booktitle = {Proceedings of the Fifth Australasian Conference on Computing Education - Volume 20},
 series = {ACE '03},
 year = {2003},
 isbn = {0-909925-98-4},
 location = {Adelaide, Australia},
 pages = {159--167},
 numpages = {9},
 url = {http://dl.acm.org/citation.cfm?id=858403.858423},
 acmid = {858423},
 publisher = {Australian Computer Society, Inc.},
 address = {Darlinghurst, Australia, Australia},
 keywords = {IS education, design methodologies, educational IS},
}

@inproceedings{Pirker:2014:MAL:2591708.2591750,
 author = {Pirker, Johanna and Riffnaller-Schiefer, Maria and G\"{u}tl, Christian},
 title = {Motivational Active Learning: Engaging University Students in Computer Science Education},
 booktitle = {Proceedings of the 2014 Conference on Innovation \&\#38; Technology in Computer Science Education},
 series = {ITiCSE '14},
 year = {2014},
 isbn = {978-1-4503-2833-3},
 location = {Uppsala, Sweden},
 pages = {297--302},
 numpages = {6},
 url = {http://doi.acm.org/10.1145/2591708.2591750},
 doi = {10.1145/2591708.2591750},
 acmid = {2591750},
 publisher = {ACM},
 address = {New York, NY, USA},
 keywords = {active learning, cs education, game-based learning, gamification, interactive learning, motivation, motivational active learning, motivational learning, pedagogy},
}

@inproceedings{Zhang:2019:ECC:3311890.3311893,
 author = {Zhang, Feiran and Markopoulos, Panos and Bekker, Tilde and Sch\"{u}ll, Martine and Paule-Ru\'{\i}z, Mpuerto},
 title = {EmoForm: Capturing Children's Emotions During Design Based Learning},
 booktitle = {Proceedings of FabLearn 2019},
 series = {FL2019},
 year = {2019},
 isbn = {978-1-4503-6244-3},
 location = {New York, NY, USA},
 pages = {18--25},
 numpages = {8},
 url = {http://doi.acm.org/10.1145/3311890.3311893},
 doi = {10.1145/3311890.3311893},
 acmid = {3311893},
 publisher = {ACM},
 address = {New York, NY, USA},
 keywords = {Children, Design Based Learning, Emotion, Evaluation, Learning experience},
}

@inproceedings{Burd:2012:EMC:2426636.2426641,
 author = {Burd, Barry and Barros, Jo\~{a}o Paulo and Johnson, Chris and Kurkovsky, Stan and Rosenbloom, Arnold and Tillman, Nikolai},
 title = {Educating for Mobile Computing: Addressing the New Challenges},
 booktitle = {Proceedings of the Final Reports on Innovation and Technology in Computer Science Education 2012 Working Groups},
 series = {ITiCSE-WGR '12},
 year = {2012},
 isbn = {978-1-4503-1872-3},
 location = {Haifa, Israel},
 pages = {51--63},
 numpages = {13},
 url = {http://doi.acm.org/10.1145/2426636.2426641},
 doi = {10.1145/2426636.2426641},
 acmid = {2426641},
 publisher = {ACM},
 address = {New York, NY, USA},
 keywords = {mobile computing, mobile curriculum},
}

@inproceedings{Denis:2005:MEG:1178477.1178581,
 author = {Denis, Guillaume and Jouvelot, Pierre},
 title = {Motivation-driven Educational Game Design: Applying Best Practices to Music Education},
 booktitle = {Proceedings of the 2005 ACM SIGCHI International Conference on Advances in Computer Entertainment Technology},
 series = {ACE '05},
 year = {2005},
 isbn = {1-59593-110-4},
 location = {Valencia, Spain},
 pages = {462--465},
 numpages = {4},
 url = {http://doi.acm.org/10.1145/1178477.1178581},
 doi = {10.1145/1178477.1178581},
 acmid = {1178581},
 publisher = {ACM},
 address = {New York, NY, USA},
 keywords = {educational games, fun, learning, motivation, music},
}

@inproceedings{Scanlon:2015:TLE:2724660.2728664,
 author = {Scanlon, Eileen and O'Shea, Timothy M.M. and McAndrew, Patrick},
 title = {Technology-Enhanced Learning: Evidence-based Improvement},
 booktitle = {Proceedings of the Second (2015) ACM Conference on Learning @ Scale},
 series = {L@S '15},
 year = {2015},
 isbn = {978-1-4503-3411-2},
 location = {Vancouver, BC, Canada},
 pages = {229--232},
 numpages = {4},
 url = {http://doi.acm.org/10.1145/2724660.2728664},
 doi = {10.1145/2724660.2728664},
 acmid = {2728664},
 publisher = {ACM},
 address = {New York, NY, USA},
 keywords = {interdisciplinarity, learning analytics, technology-enhanced learning},
}

@inproceedings{Jackson:2013:PMA:2445196.2445230,
 author = {Jackson, Stoney and Kurkovsky, Stan and Mustafaraj, Eni and Postner, Lori},
 title = {Panel: Mobile Application Development in Computing Curricula},
 booktitle = {Proceeding of the 44th ACM Technical Symposium on Computer Science Education},
 series = {SIGCSE '13},
 year = {2013},
 isbn = {978-1-4503-1868-6},
 location = {Denver, Colorado, USA},
 pages = {107--108},
 numpages = {2},
 url = {http://doi.acm.org/10.1145/2445196.2445230},
 doi = {10.1145/2445196.2445230},
 acmid = {2445230},
 publisher = {ACM},
 address = {New York, NY, USA},
 keywords = {mobile application development},
}

@inproceedings{Almukadi:2015:BTI:2817721.2823482,
 author = {Almukadi, Wafa and Stephane, A. Lucas},
 title = {BlackBlocks: Tangible Interactive System for Children to Learn 3-Letter Words and Basic Math},
 booktitle = {Proceedings of the 2015 International Conference on Interactive Tabletops \& Surfaces},
 series = {ITS '15},
 year = {2015},
 isbn = {978-1-4503-3899-8},
 location = {Madeira, Portugal},
 pages = {421--424},
 numpages = {4},
 url = {http://doi.acm.org/10.1145/2817721.2823482},
 doi = {10.1145/2817721.2823482},
 acmid = {2823482},
 publisher = {ACM},
 address = {New York, NY, USA},
 keywords = {comparison, education, evaluation, human-centered design, tangible user interface, toy blocks},
}

@inproceedings{He:2019:VVD:3300115.3309514,
 author = {He, Huan and Dong, Bo and Zheng, Qinghua and Li, Guobin},
 title = {VUC: Visualizing Daily Video Utilization to Promote Student Engagement in Online Distance Education},
 booktitle = {Proceedings of the ACM Conference on Global Computing Education},
 series = {CompEd '19},
 year = {2019},
 isbn = {978-1-4503-6259-7},
 location = {Chengdu,Sichuan, China},
 pages = {99--105},
 numpages = {7},
 url = {http://doi.acm.org/10.1145/3300115.3309514},
 doi = {10.1145/3300115.3309514},
 acmid = {3309514},
 publisher = {ACM},
 address = {New York, NY, USA},
 keywords = {distance education, video utilization, visualization},
}

@article{Edwards:2010:AED:1721933.1721951,
 author = {Edwards, Richard L. and Stewart, Jennifer K. and Ferati, Mexhid},
 title = {Assessing the Effectiveness of Distributed Pair Programming for an Online Informatics Curriculum},
 journal = {ACM Inroads},
 issue_date = {March 2010},
 volume = {1},
 number = {1},
 month = mar,
 year = {2010},
 issn = {2153-2184},
 pages = {48--54},
 numpages = {7},
 url = {http://doi.acm.org/10.1145/1721933.1721951},
 doi = {10.1145/1721933.1721951},
 acmid = {1721951},
 publisher = {ACM},
 address = {New York, NY, USA},
 keywords = {collaboration, computer science education, distributed pair programming, retention, student success},
}

@inproceedings{Cosculluela:2018:SPA:3282308.3282327,
 author = {Cosculluela, Jos{\'e} Carlos Ciria},
 title = {A Set of Patterns in Adult Education},
 booktitle = {Proceedings of the 23rd European Conference on Pattern Languages of Programs},
 series = {EuroPLoP '18},
 year = {2018},
 isbn = {978-1-4503-6387-7},
 location = {Irsee, Germany},
 pages = {18:1--18:12},
 articleno = {18},
 numpages = {12},
 url = {http://doi.acm.org/10.1145/3282308.3282327},
 doi = {10.1145/3282308.3282327},
 acmid = {3282327},
 publisher = {ACM},
 address = {New York, NY, USA},
 keywords = {Adult Education, Andragogy, Educational patterns, Lifelong learning},
}

@inproceedings{Ko:2018:IMA:3159450.3159475,
 author = {Ko, Andrew J. and Hwa, Leanne and Davis, Katie and Yip, Jason C.},
 title = {Informal Mentoring of Adolescents About Computing: Relationships, Roles, Qualities, and Impact},
 booktitle = {Proceedings of the 49th ACM Technical Symposium on Computer Science Education},
 series = {SIGCSE '18},
 year = {2018},
 isbn = {978-1-4503-5103-4},
 location = {Baltimore, Maryland, USA},
 pages = {598--603},
 numpages = {6},
 url = {http://doi.acm.org/10.1145/3159450.3159475},
 doi = {10.1145/3159450.3159475},
 acmid = {3159475},
 publisher = {ACM},
 address = {New York, NY, USA},
 keywords = {adolescence, informal mentorship, interest development},
}

@inproceedings{Miyata:2017:HCD:3134368.3139219,
 author = {Miyata, Kazunori and Yuizono, Takaya and Nagai, Yukari and Kunifuji, Susumu},
 title = {Human Capital Development Through Innovation Design Education},
 booktitle = {SIGGRAPH Asia 2017 Symposium on Education},
 series = {SA '17},
 year = {2017},
 isbn = {978-1-4503-5409-7},
 location = {Bangkok, Thailand},
 pages = {4:1--4:8},
 articleno = {4},
 numpages = {8},
 url = {http://doi.acm.org/10.1145/3134368.3139219},
 doi = {10.1145/3134368.3139219},
 acmid = {3139219},
 publisher = {ACM},
 address = {New York, NY, USA},
 keywords = {creativity, design thinking, digital fabrication},
}

@article{Moyer:2002:DLE:566786.568598,
 author = {Moyer, Larry G.},
 title = {Is Digital Learning Effective in the Workplace?},
 journal = {eLearn},
 issue_date = {May 2002},
 volume = {2002},
 number = {5},
 month = may,
 year = {2002},
 issn = {1535-394X},
 pages = {5--},
 url = {http://doi.acm.org/10.1145/566786.568598},
 doi = {10.1145/566786.568598},
 acmid = {568598},
 publisher = {ACM},
 address = {New York, NY, USA},
}

@article{Papargyris:2005:LFP:1067699.1067706,
 author = {Papargyris, Anthony and Poulymenakou, Angeliki},
 title = {Learning to Fly in Persistent Digital Worlds: The Case of Massively Multiplayer Online Role Playing Games},
 journal = {SIGGROUP Bull.},
 issue_date = {January 2005},
 volume = {25},
 number = {1},
 month = jan,
 year = {2005},
 issn = {2372-7403},
 pages = {41--49},
 numpages = {9},
 url = {http://doi.acm.org/10.1145/1067699.1067706},
 doi = {10.1145/1067699.1067706},
 acmid = {1067706},
 publisher = {ACM},
 address = {New York, NY, USA},
 keywords = {communities of practice, legitimate peripheral participation, massively multiplayer online role-playing games, virtual communities},
}

@inproceedings{Tindall:2018:EYA:3167918.3167919,
 author = {Tindall, Alan and Patterson, Dale and Costain, Sean},
 title = {Educate Your Avatar, Educate Your Mind: Motivating Learning Through Play},
 booktitle = {Proceedings of the Australasian Computer Science Week Multiconference},
 series = {ACSW '18},
 year = {2018},
 isbn = {978-1-4503-5436-3},
 location = {Brisband, Queensland, Australia},
 pages = {46:1--46:7},
 articleno = {46},
 numpages = {7},
 url = {http://doi.acm.org/10.1145/3167918.3167919},
 doi = {10.1145/3167918.3167919},
 acmid = {3167919},
 publisher = {ACM},
 address = {New York, NY, USA},
 keywords = {computer game, education},
}

@inproceedings{Girard:2011:DAA:2044354.2044386,
 author = {Girard, Sylvie and Johnson, Hilary},
 title = {Designing Affective Animations with Children As Design Partners Using Role-playing},
 booktitle = {Proceedings of the 23rd Conference on L'Interaction Homme-Machine},
 series = {IHM '11},
 year = {2011},
 isbn = {978-1-4503-0822-9},
 location = {Sophia Antipolis, France},
 pages = {26:1--26:8},
 articleno = {26},
 numpages = {8},
 url = {http://doi.acm.org/10.1145/2044354.2044386},
 doi = {10.1145/2044354.2044386},
 acmid = {2044386},
 publisher = {ACM},
 address = {New York, NY, USA},
 keywords = {affect, children, design method, educational games, requirements, user-centred design},
}

@inproceedings{Costabile:2008:EPC:1357054.1357080,
 author = {Costabile, Maria F. and De Angeli, Antonella and Lanzilotti, Rosa and Ardito, Carmelo and Buono, Paolo and Pederson, Thomas},
 title = {Explore! Possibilities and Challenges of Mobile Learning},
 booktitle = {Proceedings of the SIGCHI Conference on Human Factors in Computing Systems},
 series = {CHI '08},
 year = {2008},
 isbn = {978-1-60558-011-1},
 location = {Florence, Italy},
 pages = {145--154},
 numpages = {10},
 url = {http://doi.acm.org/10.1145/1357054.1357080},
 doi = {10.1145/1357054.1357080},
 acmid = {1357080},
 publisher = {ACM},
 address = {New York, NY, USA},
 keywords = {children, cooperative inquiry, digital augmentation, edutainment, mobile learning},
}

@inproceedings{Alaoutinen:2010:SSP:1822090.1822135,
 author = {Alaoutinen, Satu and Smolander, Kari},
 title = {Student Self-assessment in a Programming Course Using Bloom's Revised Taxonomy},
 booktitle = {Proceedings of the Fifteenth Annual Conference on Innovation and Technology in Computer Science Education},
 series = {ITiCSE '10},
 year = {2010},
 isbn = {978-1-60558-820-9},
 location = {Bilkent, Ankara, Turkey},
 pages = {155--159},
 numpages = {5},
 url = {http://doi.acm.org/10.1145/1822090.1822135},
 doi = {10.1145/1822090.1822135},
 acmid = {1822135},
 publisher = {ACM},
 address = {New York, NY, USA},
 keywords = {bloom's revised taxonomy, programming, self-assessment},
}

@inproceedings{Tisza:2019:RAG:3335055.3335065,
 author = {Tisza, Gabriella and Papavlasopoulou, Sofia and Christidou, Dimitra and Voulgari, Iro and Iivari, Netta and Giannakos, Michail N. and Kinnula, Marianne and Markopoulos, Panos},
 title = {The Role of Age and Gender on Implementing Informal and Non-formal Science Learning Activities for Children},
 booktitle = {Proceedings of the FabLearn Europe 2019 Conference},
 series = {FabLearn Europe '19},
 year = {2019},
 isbn = {978-1-4503-6266-5},
 location = {Oulu, Finland},
 pages = {10:1--10:9},
 articleno = {10},
 numpages = {9},
 url = {http://doi.acm.org/10.1145/3335055.3335065},
 doi = {10.1145/3335055.3335065},
 acmid = {3335065},
 publisher = {ACM},
 address = {New York, NY, USA},
 keywords = {Age, Coding, Education, Gender, Informal, Making, Non-formal, Play, STEM, Science learning},
}

@inproceedings{Cakir:2015:OBI:2793107.2793133,
 author = {Cakir, Murat Perit and \c{C}akir, Nur Akku\c{s} and Ayaz, Hasan and Lee, Frank J.},
 title = {An Optical Brain Imaging Study on the Improvements in Mathematical Fluency from Game-based Learning},
 booktitle = {Proceedings of the 2015 Annual Symposium on Computer-Human Interaction in Play},
 series = {CHI PLAY '15},
 year = {2015},
 isbn = {978-1-4503-3466-2},
 location = {London, United Kingdom},
 pages = {209--219},
 numpages = {11},
 url = {http://doi.acm.org/10.1145/2793107.2793133},
 doi = {10.1145/2793107.2793133},
 acmid = {2793133},
 publisher = {ACM},
 address = {New York, NY, USA},
 keywords = {computational fluency, educational games, functional near-infrared spectroscopy, math education, working memory},
}

@inproceedings{Sahami:2011:EAA:1953163.1953189,
 author = {Sahami, Mehran and desJardins, Marie and Dodds, Zachary and Neller, Todd},
 title = {Educational Advances in Artificial Intelligence},
 booktitle = {Proceedings of the 42Nd ACM Technical Symposium on Computer Science Education},
 series = {SIGCSE '11},
 year = {2011},
 isbn = {978-1-4503-0500-6},
 location = {Dallas, TX, USA},
 pages = {81--82},
 numpages = {2},
 url = {http://doi.acm.org/10.1145/1953163.1953189},
 doi = {10.1145/1953163.1953189},
 acmid = {1953189},
 publisher = {ACM},
 address = {New York, NY, USA},
 keywords = {artificial intelligence education, model AI assignments},
}

@inproceedings{Ioannou:2017:RGA:3136907.3136925,
 author = {Ioannou, Ioanna and Kyza, Eleni A.},
 title = {The Role of Gamification in Activating Primary School Students' Intrinsic and Extrinsic Motivation at a Museum},
 booktitle = {Proceedings of the 16th World Conference on Mobile and Contextual Learning},
 series = {mLearn 2017},
 year = {2017},
 isbn = {978-1-4503-5255-0},
 location = {Larnaca, Cyprus},
 pages = {8:1--8:4},
 articleno = {8},
 numpages = {4},
 url = {http://doi.acm.org/10.1145/3136907.3136925},
 doi = {10.1145/3136907.3136925},
 acmid = {3136925},
 publisher = {ACM},
 address = {New York, NY, USA},
 keywords = {Gamification, extrinsic and intrinsic motivation, historical knowledge, internal motivation, learning, museum},
}

@inproceedings{Freischlad:2007:EMU:2449323.2449347,
 author = {Freischlad, Stefan},
 title = {Exploration Module for Understanding the Functionality of the Internet in Secondary Education},
 booktitle = {Proceedings of the Seventh Baltic Sea Conference on Computing Education Research - Volume 88},
 series = {Koli Calling '07},
 year = {2007},
 isbn = {978-1-920682-69-9},
 location = {Koli National Park, Finland},
 pages = {183--186},
 numpages = {4},
 url = {http://dl.acm.org/citation.cfm?id=2449323.2449347},
 acmid = {2449347},
 publisher = {Australian Computer Society, Inc.},
 address = {Darlinghurst, Australia, Australia},
 keywords = {educational software, exploration, internet applications},
}

@inproceedings{Aehnelt:2015:LBW:2809563.2809577,
 author = {Aehnelt, Mario and Wegner, Karoline},
 title = {Learn but Work!: Towards Self-directed Learning at Mobile Assembly Workplaces},
 booktitle = {Proceedings of the 15th International Conference on Knowledge Technologies and Data-driven Business},
 series = {i-KNOW '15},
 year = {2015},
 isbn = {978-1-4503-3721-2},
 location = {Graz, Austria},
 pages = {17:1--17:7},
 articleno = {17},
 numpages = {7},
 url = {http://doi.acm.org/10.1145/2809563.2809577},
 doi = {10.1145/2809563.2809577},
 acmid = {2809577},
 publisher = {ACM},
 address = {New York, NY, USA},
 keywords = {cognitive architecture, cognitive automation, learning interfaces},
}

@inproceedings{GarciaSierra:2013:IMF:2536536.2536581,
 author = {Garc\'{\i}a Sierra, Juan Felipe and Rodr\'{\i}guez Lera, Francisco J. and Llamas, Camino Fern\'{a}ndez and Olivera, Vicente Matell\'{a}n},
 title = {Inside the Maze: Who Would Find the Cheese First, a Robot or a Mouse?: Teaching IT Using Robots},
 booktitle = {Proceedings of the First International Conference on Technological Ecosystem for Enhancing Multiculturality},
 series = {TEEM '13},
 year = {2013},
 isbn = {978-1-4503-2345-1},
 location = {Salamanca, Spain},
 pages = {297--302},
 numpages = {6},
 url = {http://doi.acm.org/10.1145/2536536.2536581},
 doi = {10.1145/2536536.2536581},
 acmid = {2536581},
 publisher = {ACM},
 address = {New York, NY, USA},
 keywords = {animal-robot interaction, computer architecture teaching, motivation, robot},
}

@inproceedings{Skoogh:2012:CAS:2429759.2429943,
 author = {Skoogh, Anders and Johansson, Bj\"{o}rn and Williams, Edward J.},
 title = {Constructive Alignment in Simulation Education},
 booktitle = {Proceedings of the Winter Simulation Conference},
 series = {WSC '12},
 year = {2012},
 location = {Berlin, Germany},
 pages = {137:1--137:11},
 articleno = {137},
 numpages = {11},
 url = {http://dl.acm.org/citation.cfm?id=2429759.2429943},
 acmid = {2429943},
 publisher = {Winter Simulation Conference},
}

@inproceedings{Pamplona:2013:EMO:2526968.2526977,
 author = {Pamplona, Sonia and Medinilla, Nelson and Flores, Pamela},
 title = {Exploring Misconceptions of Operating Systems in an Online Course},
 booktitle = {Proceedings of the 13th Koli Calling International Conference on Computing Education Research},
 series = {Koli Calling '13},
 year = {2013},
 isbn = {978-1-4503-2482-3},
 location = {Koli, Finland},
 pages = {77--86},
 numpages = {10},
 url = {http://doi.acm.org/10.1145/2526968.2526977},
 doi = {10.1145/2526968.2526977},
 acmid = {2526977},
 publisher = {ACM},
 address = {New York, NY, USA},
 keywords = {e-learning, misconceptions, online learning, operating systems},
}

@inproceedings{Hammond:1995:PPE:217279.215309,
 author = {Hammond, Nick and McKendree, Jean and Reader, Will and Trapp, Annie},
 title = {The PsyCLE Project: Educational Multimedia for Conceptual Understanding},
 booktitle = {Proceedings of the Third ACM International Conference on Multimedia},
 series = {MULTIMEDIA '95},
 year = {1995},
 isbn = {0-89791-751-0},
 location = {San Francisco, California, USA},
 pages = {447--456},
 numpages = {10},
 url = {http://doi.acm.org/10.1145/217279.215309},
 doi = {10.1145/217279.215309},
 acmid = {215309},
 publisher = {ACM},
 address = {New York, NY, USA},
 keywords = {consortium project, learning principles, multimedia education, psychology},
}

@inproceedings{Beheshti:2001:TPP:374678.374736,
 author = {Beheshti, Mohsen and Gunawardena, Ananda D.},
 title = {Teaching Programming Paradigms Using a Laboratory Approach},
 booktitle = {Proceedings of the Twelfth Annual CCSC South Central Conference on The Journal of Computing in Small Colleges},
 year = {2001},
 location = {Amarillo College, Amarillo, Texas, USA},
 pages = {144--148},
 numpages = {5},
 url = {http://dl.acm.org/citation.cfm?id=374678.374736},
 acmid = {374736},
 publisher = {Consortium for Computing Sciences in Colleges},
 address = {USA},
 keywords = {closed laboratory, functional logic, object-oriented, procedural, programming language paradigms},
}

@article{Beheshti:2001:TPP:374685.374736,
 author = {Beheshti, Mohsen and Gunawardena, Ananda D.},
 title = {Teaching Programming Paradigms Using a Laboratory Approach},
 journal = {J. Comput. Sci. Coll.},
 issue_date = {March 2001},
 volume = {16},
 number = {3},
 month = mar,
 year = {2001},
 issn = {1937-4771},
 pages = {144--148},
 numpages = {5},
 url = {http://dl.acm.org/citation.cfm?id=374685.374736},
 acmid = {374736},
 publisher = {Consortium for Computing Sciences in Colleges},
 address = {USA},
 keywords = {closed laboratory, functional logic, object-oriented, procedural, programming language paradigms},
}

@inproceedings{Beheshti:2001:TPP:374824.374736,
 author = {Beheshti, Mohsen and Gunawardena, Ananda D.},
 title = {Teaching Programming Paradigms Using a Laboratory Approach},
 booktitle = {Proceedings of the Seventh Annual Consortium for Computing in Small Colleges Central Plains Conference on The Journal of Computing in Small Colleges},
 year = {2001},
 location = {Branson, Missouri, USA},
 pages = {144--148},
 numpages = {5},
 url = {http://dl.acm.org/citation.cfm?id=374824.374736},
 acmid = {374736},
 publisher = {Consortium for Computing Sciences in Colleges},
 address = {USA},
 keywords = {closed laboratory, functional logic, object-oriented, procedural, programming language paradigms},
}

@inproceedings{McBeath:2017:MGB:3078072.3079721,
 author = {McBeath, Jasmine K. and Dur\'{a}n, Richard P. and Harlow, Danielle B.},
 title = {Not My Gumdrop Buttons!: Youth Tool Use in Designing an Electronic Shrek-themed Bean Bag Toss},
 booktitle = {Proceedings of the 2017 Conference on Interaction Design and Children},
 series = {IDC '17},
 year = {2017},
 isbn = {978-1-4503-4921-5},
 location = {Stanford, California, USA},
 pages = {61--72},
 numpages = {12},
 url = {http://doi.acm.org/10.1145/3078072.3079721},
 doi = {10.1145/3078072.3079721},
 acmid = {3079721},
 publisher = {ACM},
 address = {New York, NY, USA},
 keywords = {Latino, art, craft, cultural historical activity theory, design-based research, digital fabrication, engineering education, gender, girls in stem, making, technology, tool use},
}

@inproceedings{Beam:1996:TWW:238215.238249,
 author = {Beam, Paul and Goldsworthy, Peter},
 title = {Technical Writing on the Web\&Mdash;Distributed SGML-based Learning},
 booktitle = {Proceedings of the 14th Annual International Conference on Systems Documentation: Marshaling New Technological Forces: Building a Corporate, Academic, and User-oriented Triangle},
 series = {SIGDOC '96},
 year = {1996},
 isbn = {0-89-791-799-5},
 location = {Research Triangle Park, North Carolina, USA},
 pages = {35--41},
 numpages = {7},
 url = {http://doi.acm.org/10.1145/238215.238249},
 doi = {10.1145/238215.238249},
 acmid = {238249},
 publisher = {ACM},
 address = {New York, NY, USA},
}

@article{Marin:2018:EIB:3282284.3231709,
 author = {Mar\'{\i}n, B. and Frez, J. and Cruz-Lemus, J. and Genero, M.},
 title = {An Empirical Investigation on the Benefits of Gamification in Programming Courses},
 journal = {ACM Trans. Comput. Educ.},
 issue_date = {January 2019},
 volume = {19},
 number = {1},
 month = nov,
 year = {2018},
 issn = {1946-6226},
 pages = {4:1--4:22},
 articleno = {4},
 numpages = {22},
 url = {http://doi.acm.org/10.1145/3231709},
 doi = {10.1145/3231709},
 acmid = {3231709},
 publisher = {ACM},
 address = {New York, NY, USA},
 keywords = {Gamification, programming courses, quasi-experiment, undergraduate education},
}

@article{Theodoropoulos:2016:DCS:3003827.2940330,
 author = {Theodoropoulos, Anastasios and Antoniou, Angeliki and Lepouras, George},
 title = {How Do Different Cognitive Styles Affect Learning Programming? Insights from a Game-Based Approach in Greek Schools},
 journal = {Trans. Comput. Educ.},
 issue_date = {January 2017},
 volume = {17},
 number = {1},
 month = sep,
 year = {2016},
 issn = {1946-6226},
 pages = {3:1--3:25},
 articleno = {3},
 numpages = {25},
 url = {http://doi.acm.org/10.1145/2940330},
 doi = {10.1145/2940330},
 acmid = {2940330},
 publisher = {ACM},
 address = {New York, NY, USA},
 keywords = {CS education, cognitive style, digital game-based learning, hour of code, secondary education},
}

@article{Purewal:2006:FTP:1181901.1181928,
 author = {Purewal,Jr., Tarsem S. and Bennett, Chris},
 title = {A Framework for Teaching Polymorphism Using Game Programming},
 journal = {J. Comput. Sci. Coll.},
 issue_date = {December 2006},
 volume = {22},
 number = {2},
 month = dec,
 year = {2006},
 issn = {1937-4771},
 pages = {154--161},
 numpages = {8},
 url = {http://dl.acm.org/citation.cfm?id=1181901.1181928},
 acmid = {1181928},
 publisher = {Consortium for Computing Sciences in Colleges},
 address = {USA},
}

@inproceedings{Ivanova:2017:LLV:3136273.3136287,
 author = {Ivanova, Vanya and Toskova, Asya and Stoyanova-Doycheva, Asya and Stoyanov, Stanimir and Veselinova, Magdalena},
 title = {Lifelong Learning in Virtual Education Space with Intelligent Assistants},
 booktitle = {Proceedings of the 8th Balkan Conference in Informatics},
 series = {BCI '17},
 year = {2017},
 isbn = {978-1-4503-5285-7},
 location = {Skopje, Macedonia},
 pages = {19:1--19:6},
 articleno = {19},
 numpages = {6},
 url = {http://doi.acm.org/10.1145/3136273.3136287},
 doi = {10.1145/3136273.3136287},
 acmid = {3136287},
 publisher = {ACM},
 address = {New York, NY, USA},
 keywords = {Lifelong learning, VES, intelligent agents},
}

@inproceedings{Xia:2018:IPC:3159450.3159487,
 author = {Xia, Jinyue and Wilson, David C.},
 title = {Instructor Perspectives on Comparative Heatmap Visualizations of Student Engagement with Lecture Video},
 booktitle = {Proceedings of the 49th ACM Technical Symposium on Computer Science Education},
 series = {SIGCSE '18},
 year = {2018},
 isbn = {978-1-4503-5103-4},
 location = {Baltimore, Maryland, USA},
 pages = {251--256},
 numpages = {6},
 url = {http://doi.acm.org/10.1145/3159450.3159487},
 doi = {10.1145/3159450.3159487},
 acmid = {3159487},
 publisher = {ACM},
 address = {New York, NY, USA},
 keywords = {learning analytics, video, visualization},
}

@inproceedings{Dayagdag:2019:IVT:3323716.3323755,
 author = {Dayagdag, Carlwin V. and Catanghal,Jr., Ricardo A. and Palaoag, Thelma D.},
 title = {Improving Vocational Training in the Philippines Using AR},
 booktitle = {Proceedings of the 8th International Conference on Informatics, Environment, Energy and Applications},
 series = {IEEA '19},
 year = {2019},
 isbn = {978-1-4503-6104-0},
 location = {Osaka, Japan},
 pages = {253--257},
 numpages = {5},
 url = {http://doi.acm.org/10.1145/3323716.3323755},
 doi = {10.1145/3323716.3323755},
 acmid = {3323755},
 publisher = {ACM},
 address = {New York, NY, USA},
 keywords = {AR-based training using smartphone-based HMD, augmented reality training, hands-free ar based training},
}

@inproceedings{Cruz-Benito:2014:AIF:2669711.2669977,
 author = {Cruz-Benito, Juan and Ther\'{o}n, Roberto and Garc\'{\i}a-Pe\~{n}alvo, Francisco J.},
 title = {Analytics of Information Flows and Decision Making in Heterogeneous Learning Ecosystems},
 booktitle = {Proceedings of the Second International Conference on Technological Ecosystems for Enhancing Multiculturality},
 series = {TEEM '14},
 year = {2014},
 isbn = {978-1-4503-2896-8},
 location = {Salamanca, Spain},
 pages = {703--707},
 numpages = {5},
 url = {http://doi.acm.org/10.1145/2669711.2669977},
 doi = {10.1145/2669711.2669977},
 acmid = {2669977},
 publisher = {ACM},
 address = {New York, NY, USA},
 keywords = {algorithms, data visualization, knowledge discovery, knowledge representation, learning analytics},
}

@article{Odekirk:2000:TSC:353519.343148,
 author = {Odekirk, Elizabeth and Jones, Dominic and Jensen, Peter},
 title = {Three Semesters of CSO Using Java: Assignments and Experiences},
 journal = {SIGCSE Bull.},
 issue_date = {Sept. 2000},
 volume = {32},
 number = {3},
 month = jul,
 year = {2000},
 issn = {0097-8418},
 pages = {144--147},
 numpages = {4},
 url = {http://doi.acm.org/10.1145/353519.343148},
 doi = {10.1145/353519.343148},
 acmid = {343148},
 publisher = {ACM},
 address = {New York, NY, USA},
}

@inproceedings{Odekirk:2000:TSC:343048.343148,
 author = {Odekirk, Elizabeth and Jones, Dominic and Jensen, Peter},
 title = {Three Semesters of CSO Using Java: Assignments and Experiences},
 booktitle = {Proceedings of the 5th Annual SIGCSE/SIGCUE ITiCSEconference on Innovation and Technology in Computer Science Education},
 series = {ITiCSE '00},
 year = {2000},
 isbn = {1-58113-207-7},
 location = {Helsinki, Finland},
 pages = {144--147},
 numpages = {4},
 url = {http://doi.acm.org/10.1145/343048.343148},
 doi = {10.1145/343048.343148},
 acmid = {343148},
 publisher = {ACM},
 address = {New York, NY, USA},
}

@inproceedings{LaPlante:2017:PAM:3102071.3116223,
 author = {LaPlante, Cate and Nolin, Matthew and Saulnier, Tobi},
 title = {PlayScope: Augmented Microscopy As a Tool to Increase STEM Engagement},
 booktitle = {Proceedings of the 12th International Conference on the Foundations of Digital Games},
 series = {FDG '17},
 year = {2017},
 isbn = {978-1-4503-5319-9},
 location = {Hyannis, Massachusetts},
 pages = {63:1--63:4},
 articleno = {63},
 numpages = {4},
 url = {http://doi.acm.org/10.1145/3102071.3116223},
 doi = {10.1145/3102071.3116223},
 acmid = {3116223},
 publisher = {ACM},
 address = {New York, NY, USA},
 keywords = {<i>euglena gracilis</i>, AR, K-12 education, STEM education, augmented reality, life sciences, microscopy, next generation science standards, phototaxis assay},
}

@inproceedings{Malta:2015:SAG:2695664.2695775,
 author = {Malta, Cheops Araujo and Paiva, Ranilson O. Ara\'{u}jo and da Silva, Alan Pedro and Bittencourt, Ig Ibert and de Oliveira Filho, Ananias Queiroga},
 title = {A Survey Analysis on Goal Orientation Changes in an Information Systems Distance Course: A Brazilian Case Study},
 booktitle = {Proceedings of the 30th Annual ACM Symposium on Applied Computing},
 series = {SAC '15},
 year = {2015},
 isbn = {978-1-4503-3196-8},
 location = {Salamanca, Spain},
 pages = {227--232},
 numpages = {6},
 url = {http://doi.acm.org/10.1145/2695664.2695775},
 doi = {10.1145/2695664.2695775},
 acmid = {2695775},
 publisher = {ACM},
 address = {New York, NY, USA},
 keywords = {change goals, distance learning, information systems, motivation},
}

@inproceedings{Borchers:1997:WDB:258549.258632,
 author = {Borchers, Jan O.},
 title = {WorldBeat: Designing a Baton-based Interface for an Interactive Music Exhibit},
 booktitle = {Proceedings of the ACM SIGCHI Conference on Human Factors in Computing Systems},
 series = {CHI '97},
 year = {1997},
 isbn = {0-89791-802-9},
 location = {Atlanta, Georgia, USA},
 pages = {131--138},
 numpages = {8},
 url = {http://doi.acm.org/10.1145/258549.258632},
 doi = {10.1145/258549.258632},
 acmid = {258632},
 publisher = {ACM},
 address = {New York, NY, USA},
 keywords = {baton, education, interactive exhibit, interface design, music},
}

@inproceedings{Rodero:2016:UWL:3012430.3012599,
 author = {Rodero, Luis Gonz\'{a}lez},
 title = {The Use of Wiki As a Learning Tool by Pre-service Primary Education Teachers: A Pre-placement School Study},
 booktitle = {Proceedings of the Fourth International Conference on Technological Ecosystems for Enhancing Multiculturality},
 series = {TEEM '16},
 year = {2016},
 isbn = {978-1-4503-4747-1},
 location = {Salamanca, Spain},
 pages = {729--733},
 numpages = {5},
 url = {http://doi.acm.org/10.1145/3012430.3012599},
 doi = {10.1145/3012430.3012599},
 acmid = {3012599},
 publisher = {ACM},
 address = {New York, NY, USA},
 keywords = {collaborative learning, communication technology, educational technology, lifelong learning, moodle, on-line learning, wiki},
}

@inproceedings{DantasScaico:2017:AIL:3059009.3059015,
 author = {Dantas Scaico, Pasqueline and G.B. de Queiroz, Ruy Jos{\'e} and Lima Dias,Jr., Jos{\'e} Jorge},
 title = {Analyzing How Interest in Learning Programming Changes During a CS0 Course: A Qualitative Study with Brazilian Undergraduates},
 booktitle = {Proceedings of the 2017 ACM Conference on Innovation and Technology in Computer Science Education},
 series = {ITiCSE '17},
 year = {2017},
 isbn = {978-1-4503-4704-4},
 location = {Bologna, Italy},
 pages = {16--21},
 numpages = {6},
 url = {http://doi.acm.org/10.1145/3059009.3059015},
 doi = {10.1145/3059009.3059015},
 acmid = {3059015},
 publisher = {ACM},
 address = {New York, NY, USA},
 keywords = {cs0 course, interest development, programming education, qualitative research, trajectories of interest},
}

@inproceedings{Shi:2014:CRP:2656450.2656458,
 author = {Shi, Lei and Cristea, Alexandra I. and Hadzidedic, Suncica},
 title = {The Critical Role of Profiles in Social e-Learning Design},
 booktitle = {Proceedings of the 15th Annual Conference on Information Technology Education},
 series = {SIGITE '14},
 year = {2014},
 isbn = {978-1-4503-2686-5},
 location = {Atlanta, Georgia, USA},
 pages = {71--76},
 numpages = {6},
 url = {http://doi.acm.org/10.1145/2656450.2656458},
 doi = {10.1145/2656450.2656458},
 acmid = {2656458},
 publisher = {ACM},
 address = {New York, NY, USA},
 keywords = {curriculum, evaluation, social e-learning, web-based learning},
}

@inproceedings{Tan:2016:FCL:2883851.2883965,
 author = {Tan, Jennifer Pei-Ling and Yang, Simon and Koh, Elizabeth and Jonathan, Christin},
 title = {Fostering 21st Century Literacies Through a Collaborative Critical Reading and Learning Analytics Environment: User-perceived Benefits and Problematics},
 booktitle = {Proceedings of the Sixth International Conference on Learning Analytics \& Knowledge},
 series = {LAK '16},
 year = {2016},
 isbn = {978-1-4503-4190-5},
 location = {Edinburgh, United Kingdom},
 pages = {430--434},
 numpages = {5},
 url = {http://doi.acm.org/10.1145/2883851.2883965},
 doi = {10.1145/2883851.2883965},
 acmid = {2883965},
 publisher = {ACM},
 address = {New York, NY, USA},
 keywords = {21st century skills, CSCL, critical literacy, learning analytics},
}

@inproceedings{Lorenzo:2018:SOP:3284179.3284307,
 author = {Lorenzo, Laura Sastre and S\'{a}nchez, Mar\'{\i}a Jes\'{u}s Santos and Mata, Mercedes Mart\'{\i}n},
 title = {Superhero's Other Power: Motivate Students with Difficulties},
 booktitle = {Proceedings of the Sixth International Conference on Technological Ecosystems for Enhancing Multiculturality},
 series = {TEEM'18},
 year = {2018},
 isbn = {978-1-4503-6518-5},
 location = {Salamanca, Spain},
 pages = {747--754},
 numpages = {8},
 url = {http://doi.acm.org/10.1145/3284179.3284307},
 doi = {10.1145/3284179.3284307},
 acmid = {3284307},
 publisher = {ACM},
 address = {New York, NY, USA},
 keywords = {Cooperative Learning, Motivation, Research Project, Science, Students, Superhero},
}

@inproceedings{Chung:2015:BAC:2757218.2757224,
 author = {Chung, Wingyan},
 title = {Business Analytics in Context: Evaluating New Curricular Modules in an Undergraduate Statistics Course},
 booktitle = {Proceedings of The 2015 NSF Workshop on Curricular Development for Computing in Context},
 series = {CIC '15},
 year = {2015},
 isbn = {978-1-4503-3597-3},
 location = {DeLand, FL, USA},
 pages = {3:1--3:5},
 articleno = {3},
 numpages = {5},
 url = {http://doi.acm.org/10.1145/2757218.2757224},
 doi = {10.1145/2757218.2757224},
 acmid = {2757224},
 publisher = {ACM},
 address = {New York, NY, USA},
 keywords = {Computing in context, analytics, business statistics, curricular modules, intelligence and security informatics, undergraduate courses},
}

@inproceedings{Schanzer:2018:CCO:3159450.3159471,
 author = {Schanzer, Emmanuel and Krishnamurthi, Shriram and Fisler, Kathi},
 title = {Creativity, Customization, and Ownership: Game Design in Bootstrap: Algebra},
 booktitle = {Proceedings of the 49th ACM Technical Symposium on Computer Science Education},
 series = {SIGCSE '18},
 year = {2018},
 isbn = {978-1-4503-5103-4},
 location = {Baltimore, Maryland, USA},
 pages = {161--166},
 numpages = {6},
 url = {http://doi.acm.org/10.1145/3159450.3159471},
 doi = {10.1145/3159450.3159471},
 acmid = {3159471},
 publisher = {ACM},
 address = {New York, NY, USA},
 keywords = {K-12 education, design, gender, motivation, ownership, videogames},
}

@inproceedings{Pesare:2015:SLE:2695664.2696069,
 author = {Pesare, Enrica},
 title = {Smart Learning Environments for Social Learning},
 booktitle = {Proceedings of the 30th Annual ACM Symposium on Applied Computing},
 series = {SAC '15},
 year = {2015},
 isbn = {978-1-4503-3196-8},
 location = {Salamanca, Spain},
 pages = {273--274},
 numpages = {2},
 url = {http://doi.acm.org/10.1145/2695664.2696069},
 doi = {10.1145/2695664.2696069},
 acmid = {2696069},
 publisher = {ACM},
 address = {New York, NY, USA},
}

@inproceedings{Chen:2019:GPD:3301275.3302309,
 author = {Chen, Cong and Chander, Ajay and Uchino, Kanji},
 title = {Guided Play: Digital Sensing and Coaching for Stereotypical Play Behavior in Children with Autism},
 booktitle = {Proceedings of the 24th International Conference on Intelligent User Interfaces},
 series = {IUI '19},
 year = {2019},
 isbn = {978-1-4503-6272-6},
 location = {Marina del Ray, California},
 pages = {208--217},
 numpages = {10},
 url = {http://doi.acm.org/10.1145/3301275.3302309},
 doi = {10.1145/3301275.3302309},
 acmid = {3302309},
 publisher = {ACM},
 address = {New York, NY, USA},
 keywords = {ASD, assistive technology, autism, behavior sensing, children, evaluation, health, intervention, object play, play, pretend play, symbolic play},
}

@inproceedings{Brinda:2018:SSS:3265757.3265763,
 author = {Brinda, Torsten and Napierala, Stephan and Behler, Gero Alexander},
 title = {What Do Secondary School Students Associate with the Digital World?},
 booktitle = {Proceedings of the 13th Workshop in Primary and Secondary Computing Education},
 series = {WiPSCE '18},
 year = {2018},
 isbn = {978-1-4503-6588-8},
 location = {Potsdam, Germany},
 pages = {6:1--6:10},
 articleno = {6},
 numpages = {10},
 url = {http://doi.acm.org/10.1145/3265757.3265763},
 doi = {10.1145/3265757.3265763},
 acmid = {3265763},
 publisher = {ACM},
 address = {New York, NY, USA},
 keywords = {associative spectrum, associative test, computer science, digital world, secondary education, students' interests},
}

@inproceedings{Denzler:2008:DPP:1368088.1368202,
 author = {Denzler, Christoph and Gruntz, Dominik},
 title = {Design Patterns: Between Programming and Software Design},
 booktitle = {Proceedings of the 30th International Conference on Software Engineering},
 series = {ICSE '08},
 year = {2008},
 isbn = {978-1-60558-079-1},
 location = {Leipzig, Germany},
 pages = {801--804},
 numpages = {4},
 url = {http://doi.acm.org/10.1145/1368088.1368202},
 doi = {10.1145/1368088.1368202},
 acmid = {1368202},
 publisher = {ACM},
 address = {New York, NY, USA},
 keywords = {design patterns, software engineering curriculum},
}

@article{Korn:2016:EPC:3029062.3012951,
 author = {Korn, Oliver and Dix, Alan},
 title = {Educational Playgrounds: How Context-aware Systems Enable Playful Coached Learning},
 journal = {Interactions},
 issue_date = {January - February 2017},
 volume = {24},
 number = {1},
 month = dec,
 year = {2016},
 issn = {1072-5520},
 pages = {54--57},
 numpages = {4},
 url = {http://doi.acm.org/10.1145/3012951},
 doi = {10.1145/3012951},
 acmid = {3012951},
 publisher = {ACM},
 address = {New York, NY, USA},
}

@article{Lambrix:1998:CSI:290320.283105,
 author = {Lambrix, Patrick and Kamkar, Mariam},
 title = {Computer Science As an Integrated Part of Engineering Education},
 journal = {SIGCSE Bull.},
 issue_date = {Sept. 1998},
 volume = {30},
 number = {3},
 month = aug,
 year = {1998},
 issn = {0097-8418},
 pages = {153--156},
 numpages = {4},
 url = {http://doi.acm.org/10.1145/290320.283105},
 doi = {10.1145/290320.283105},
 acmid = {283105},
 publisher = {ACM},
 address = {New York, NY, USA},
 keywords = {evaluating teaching methods, examination issues, gender issues},
}

@inproceedings{Lambrix:1998:CSI:282991.283105,
 author = {Lambrix, Patrick and Kamkar, Mariam},
 title = {Computer Science As an Integrated Part of Engineering Education},
 booktitle = {Proceedings of the 6th Annual Conference on the Teaching of Computing and the 3rd Annual Conference on Integrating Technology into Computer Science Education: Changing the Delivery of Computer Science Education},
 series = {ITiCSE '98},
 year = {1998},
 isbn = {1-58113-000-7},
 location = {Dublin City Univ., Ireland},
 pages = {153--156},
 numpages = {4},
 url = {http://doi.acm.org/10.1145/282991.283105},
 doi = {10.1145/282991.283105},
 acmid = {283105},
 publisher = {ACM},
 address = {New York, NY, USA},
 keywords = {evaluating teaching methods, examination issues, gender issues},
}

@inproceedings{Bromwich:2012:CGT:2379256.2379266,
 author = {Bromwich, Kohl and Masoodian, Masood and Rogers, Bill},
 title = {Crossing the Game Threshold: A System for Teaching Basic Programming Constructs},
 booktitle = {Proceedings of the 13th International Conference of the NZ Chapter of the ACM's Special Interest Group on Human-Computer Interaction},
 series = {CHINZ '12},
 year = {2012},
 isbn = {978-1-4503-1474-9},
 location = {Dunedin, New Zealand},
 pages = {56--63},
 numpages = {8},
 url = {http://doi.acm.org/10.1145/2379256.2379266},
 doi = {10.1145/2379256.2379266},
 acmid = {2379266},
 publisher = {ACM},
 address = {New York, NY, USA},
 keywords = {beginner, programming, teaching, visual programming},
}

@inproceedings{Lee:2011:PPT:2016911.2016934,
 author = {Lee, Michael J. and Ko, Andrew J.},
 title = {Personifying Programming Tool Feedback Improves Novice Programmers' Learning},
 booktitle = {Proceedings of the Seventh International Workshop on Computing Education Research},
 series = {ICER '11},
 year = {2011},
 isbn = {978-1-4503-0829-8},
 location = {Providence, Rhode Island, USA},
 pages = {109--116},
 numpages = {8},
 url = {http://doi.acm.org/10.1145/2016911.2016934},
 doi = {10.1145/2016911.2016934},
 acmid = {2016934},
 publisher = {ACM},
 address = {New York, NY, USA},
 keywords = {debugging, education, motivation, personification, programming},
}

@article{Surkan:1998:ADG:327600.327723,
 author = {Surkan, Alvin J.},
 title = {APL Design of Graphic Displays for Motivation in Distance Education},
 journal = {SIGAPL APL Quote Quad},
 issue_date = {March 1999},
 volume = {29},
 number = {3},
 month = jul,
 year = {1998},
 issn = {0163-6006},
 pages = {205--213},
 numpages = {9},
 url = {http://doi.acm.org/10.1145/327600.327723},
 doi = {10.1145/327600.327723},
 acmid = {327723},
 publisher = {ACM},
 address = {New York, NY, USA},
 keywords = {display, distance education, feedback, graphic, histogram, motivation, online learning, plots},
}

@inproceedings{Surkan:1998:ADG:327559.327723,
 author = {Surkan, Alvin J.},
 title = {APL Design of Graphic Displays for Motivation in Distance Education},
 booktitle = {Proceedings of the APL98 Conference on Array Processing Languages},
 series = {APL '98},
 year = {1998},
 isbn = {1-58113-181-X},
 location = {Rome, Italy},
 pages = {205--213},
 numpages = {9},
 url = {http://doi.acm.org/10.1145/327559.327723},
 doi = {10.1145/327559.327723},
 acmid = {327723},
 publisher = {ACM},
 address = {New York, NY, USA},
 keywords = {display, distance education, feedback, graphic, histogram, motivation, online learning, plots},
}

@article{Boulet:2012:GLB:2407138.2421596,
 author = {Boulet, Guy},
 title = {Gamification: The Latest Buzzword and the Next Fad},
 journal = {eLearn},
 issue_date = {December 2012},
 volume = {2012},
 number = {12},
 month = dec,
 year = {2012},
 issn = {1535-394X},
 articleno = {3},
 url = {http://doi.acm.org/10.1145/2407138.2421596},
 doi = {10.1145/2407138.2421596},
 acmid = {2421596},
 publisher = {ACM},
 address = {New York, NY, USA},
}

@inproceedings{Price:2017:DPF:3139513.3139517,
 author = {Price, Sara and Duffy, Sam and Gori, Monica},
 title = {Developing a Pedagogical Framework for Designing a Multisensory Serious Gaming Environment},
 booktitle = {Proceedings of the 1st ACM SIGCHI International Workshop on Multimodal Interaction for Education},
 series = {MIE 2017},
 year = {2017},
 isbn = {978-1-4503-5557-5},
 location = {Glasgow, UK},
 pages = {1--9},
 numpages = {9},
 url = {http://doi.acm.org/10.1145/3139513.3139517},
 doi = {10.1145/3139513.3139517},
 acmid = {3139517},
 publisher = {ACM},
 address = {New York, NY, USA},
 keywords = {Education, Interaction design, Participatory design, Ubiquitous and mobile computing},
}

@inproceedings{Nam:2011:TRM:1940761.1940812,
 author = {Nam, Chaebong and Bishop, Ann Peterson},
 title = {This is the Real Me: A Community Informatics Researcher Joins the Barrio Arts, Culture, and Communication Academy in a Health Information Campaign},
 booktitle = {Proceedings of the 2011 iConference},
 series = {iConference '11},
 year = {2011},
 isbn = {978-1-4503-0121-3},
 location = {Seattle, Washington, USA},
 pages = {371--378},
 numpages = {8},
 url = {http://doi.acm.org/10.1145/1940761.1940812},
 doi = {10.1145/1940761.1940812},
 acmid = {1940812},
 publisher = {ACM},
 address = {New York, NY, USA},
 keywords = {community informatics, community-based participatory research, digital media literacy, health information campaigns, positive youth development, social inclusion},
}

@inproceedings{Baloian:2013:TGM:2535597.2535622,
 author = {Baloian, Nelson and Pino, Jos{\'e} A. and Vargas, Roberto},
 title = {Tablet Gestures As a Motivating Factor for Learning},
 booktitle = {Proceedings of the 2013 Chilean Conference on Human - Computer Interaction},
 series = {ChileCHI '13},
 year = {2013},
 isbn = {978-1-4503-2200-3},
 location = {Temuco, Chile},
 pages = {98--103},
 numpages = {6},
 url = {http://doi.acm.org/10.1145/2535597.2535622},
 doi = {10.1145/2535597.2535622},
 acmid = {2535622},
 publisher = {ACM},
 address = {New York, NY, USA},
 keywords = {english as a foreign language educaction, gestures evaluation, iPad, natural user interfaces, tablet gestures},
}

@article{Bhatti:2000:VTT:355354.355371,
 author = {Bhatti, M. Afzal},
 title = {Visual Tool for Teaching Synchronization Problems in Operating Systems},
 journal = {SIGCSE Bull.},
 issue_date = {June 2000},
 volume = {32},
 number = {2},
 month = jun,
 year = {2000},
 issn = {0097-8418},
 pages = {44--45},
 numpages = {2},
 url = {http://doi.acm.org/10.1145/355354.355371},
 doi = {10.1145/355354.355371},
 acmid = {355371},
 publisher = {ACM},
 address = {New York, NY, USA},
}

@article{Distasio:2007:ICS:1269900.1268820,
 author = {Distasio, Joseph and Way, Thomas},
 title = {Inclusive Computer Science Education Using a Ready-made Computer Game Framework},
 journal = {SIGCSE Bull.},
 issue_date = {September 2007},
 volume = {39},
 number = {3},
 month = jun,
 year = {2007},
 issn = {0097-8418},
 pages = {116--120},
 numpages = {5},
 url = {http://doi.acm.org/10.1145/1269900.1268820},
 doi = {10.1145/1269900.1268820},
 acmid = {1268820},
 publisher = {ACM},
 address = {New York, NY, USA},
 keywords = {artificial intelligence, computer graphics, computer science education, game programming, user interface design},
}

@inproceedings{Distasio:2007:ICS:1268784.1268820,
 author = {Distasio, Joseph and Way, Thomas},
 title = {Inclusive Computer Science Education Using a Ready-made Computer Game Framework},
 booktitle = {Proceedings of the 12th Annual SIGCSE Conference on Innovation and Technology in Computer Science Education},
 series = {ITiCSE '07},
 year = {2007},
 isbn = {978-1-59593-610-3},
 location = {Dundee, Scotland},
 pages = {116--120},
 numpages = {5},
 url = {http://doi.acm.org/10.1145/1268784.1268820},
 doi = {10.1145/1268784.1268820},
 acmid = {1268820},
 publisher = {ACM},
 address = {New York, NY, USA},
 keywords = {artificial intelligence, computer graphics, computer science education, game programming, user interface design},
}

@inproceedings{Minovic:2016:GE:3012430.3012600,
 author = {Minovi\'{c}, Miroslav and Milovanovi\'{c}, Milo\v{s} and Gallego, Francisco},
 title = {Gamification Ecosystems},
 booktitle = {Proceedings of the Fourth International Conference on Technological Ecosystems for Enhancing Multiculturality},
 series = {TEEM '16},
 year = {2016},
 isbn = {978-1-4503-4747-1},
 location = {Salamanca, Spain},
 pages = {737--738},
 numpages = {2},
 url = {http://doi.acm.org/10.1145/3012430.3012600},
 doi = {10.1145/3012430.3012600},
 acmid = {3012600},
 publisher = {ACM},
 address = {New York, NY, USA},
 keywords = {e-learning, educational games, gamification},
}

@inproceedings{Grove:1998:UPS:282991.283046,
 author = {Grove, Ralph F.},
 title = {Using the Personal Software Process to Motivate Good Programming Practices},
 booktitle = {Proceedings of the 6th Annual Conference on the Teaching of Computing and the 3rd Annual Conference on Integrating Technology into Computer Science Education: Changing the Delivery of Computer Science Education},
 series = {ITiCSE '98},
 year = {1998},
 isbn = {1-58113-000-7},
 location = {Dublin City Univ., Ireland},
 pages = {98--101},
 numpages = {4},
 url = {http://doi.acm.org/10.1145/282991.283046},
 doi = {10.1145/282991.283046},
 acmid = {283046},
 publisher = {ACM},
 address = {New York, NY, USA},
}

@article{Grove:1998:UPS:290320.283046,
 author = {Grove, Ralph F.},
 title = {Using the Personal Software Process to Motivate Good Programming Practices},
 journal = {SIGCSE Bull.},
 issue_date = {Sept. 1998},
 volume = {30},
 number = {3},
 month = aug,
 year = {1998},
 issn = {0097-8418},
 pages = {98--101},
 numpages = {4},
 url = {http://doi.acm.org/10.1145/290320.283046},
 doi = {10.1145/290320.283046},
 acmid = {283046},
 publisher = {ACM},
 address = {New York, NY, USA},
}

@article{Harley:1998:FES:332925.332931,
 author = {Harley, Hope D. and Seals, Cheryl D. and Rosson, Mary Beth},
 title = {A Formative Evaluation of Scenario-based Tools for Learning Object-oriented Design},
 journal = {XRDS},
 issue_date = {September 1998},
 volume = {5},
 number = {1},
 month = sep,
 year = {1998},
 issn = {1528-4972},
 pages = {9--15},
 numpages = {7},
 url = {http://doi.acm.org/10.1145/332925.332931},
 doi = {10.1145/332925.332931},
 acmid = {332931},
 publisher = {ACM},
 address = {New York, NY, USA},
}

@inproceedings{Patterson:2019:HFP:3290688.3290751,
 author = {Patterson, Dale},
 title = {The Human Face in Play Based, Shared, Digital Learning Experiences},
 booktitle = {Proceedings of the Australasian Computer Science Week Multiconference},
 series = {ACSW 2019},
 year = {2019},
 isbn = {978-1-4503-6603-8},
 location = {Sydney, NSW, Australia},
 pages = {46:1--46:7},
 articleno = {46},
 numpages = {7},
 url = {http://doi.acm.org/10.1145/3290688.3290751},
 doi = {10.1145/3290688.3290751},
 acmid = {3290751},
 publisher = {ACM},
 address = {New York, NY, USA},
 keywords = {Computer Game, Human Face, Interactive Learning Environments},
}

@inproceedings{Stark:2008:CBL:1599871.1599916,
 author = {Stark, Robin and Kopp, Veronika and Fischer, Martin},
 title = {Case Based Learning with Worked Examples in Medicine: Effects of Errors and Feedback},
 booktitle = {Proceedings of the 8th International Conference on International Conference for the Learning Sciences - Volume 2},
 series = {ICLS'08},
 year = {2008},
 location = {Utrecht, The Netherlands},
 pages = {359--365},
 numpages = {7},
 url = {http://dl.acm.org/citation.cfm?id=1599871.1599916},
 acmid = {1599916},
 publisher = {International Society of the Learning Sciences},
}

@inproceedings{Christinaki:2013:FER:2490257.2490262,
 author = {Christinaki, Eirini and Vidakis, Nikolas and Triantafyllidis, Georgios},
 title = {Facial Expression Recognition Teaching to Preschoolers with Autism: A Natural User Interface Approach},
 booktitle = {Proceedings of the 6th Balkan Conference in Informatics},
 series = {BCI '13},
 year = {2013},
 isbn = {978-1-4503-1851-8},
 location = {Thessaloniki, Greece},
 pages = {141--148},
 numpages = {8},
 url = {http://doi.acm.org/10.1145/2490257.2490262},
 doi = {10.1145/2490257.2490262},
 acmid = {2490262},
 publisher = {ACM},
 address = {New York, NY, USA},
 keywords = {Kinect, autism, facial emotion recognition, gesture-based interaction, natural user interface},
}

@article{Wang:2018:ETL:3290265.3274447,
 author = {Wang, Nai-Ching and Hicks, David and Luther, Kurt},
 title = {Exploring Trade-Offs Between Learning and Productivity in Crowdsourced History},
 journal = {Proc. ACM Hum.-Comput. Interact.},
 issue_date = {November 2018},
 volume = {2},
 number = {CSCW},
 month = nov,
 year = {2018},
 issn = {2573-0142},
 pages = {178:1--178:24},
 articleno = {178},
 numpages = {24},
 url = {http://doi.acm.org/10.1145/3274447},
 doi = {10.1145/3274447},
 acmid = {3274447},
 publisher = {ACM},
 address = {New York, NY, USA},
 keywords = {analytical thinking, crowdsourcing, domain expertise, historical thinking, history, learning, productivity, scim-c},
}

@article{Greitzer:2007:CSI:1281320.1281322,
 author = {Greitzer, Frank L. and Kuchar, Olga Anna and Huston, Kristy},
 title = {Cognitive Science Implications for Enhancing Training Effectiveness in a Serious Gaming Context},
 journal = {J. Educ. Resour. Comput.},
 issue_date = {November 2007},
 volume = {7},
 number = {3},
 month = nov,
 year = {2007},
 issn = {1531-4278},
 articleno = {2},
 url = {http://doi.acm.org/10.1145/1281320.1281322},
 doi = {10.1145/1281320.1281322},
 acmid = {1281322},
 publisher = {ACM},
 address = {New York, NY, USA},
 keywords = {Serious gaming, cognitive principles, computer-based training, cyber security education, training effectiveness},
}

@inproceedings{Kurkovsky:2012:MGD:2325296.2325405,
 author = {Kurkovsky, Stan},
 title = {Mobile Game Development Projects in CS 1},
 booktitle = {Proceedings of the 17th ACM Annual Conference on Innovation and Technology in Computer Science Education},
 series = {ITiCSE '12},
 year = {2012},
 isbn = {978-1-4503-1246-2},
 location = {Haifa, Israel},
 pages = {388--388},
 numpages = {1},
 url = {http://doi.acm.org/10.1145/2325296.2325405},
 doi = {10.1145/2325296.2325405},
 acmid = {2325405},
 publisher = {ACM},
 address = {New York, NY, USA},
 keywords = {curriculum, engagement, mobile games, motivation, project},
}

@inproceedings{Laru:2009:SSF:1600053.1600121,
 author = {Laru, Jari and N\"{a}ykki, Piia and J\"{a}rvel\"{a}, Sanna},
 title = {Does Social Software Fit for All? Examining Students' Profiles and Activities in Collaborative Learning Mediated by Social Software},
 booktitle = {Proceedings of the 9th International Conference on Computer Supported Collaborative Learning - Volume 1},
 series = {CSCL'09},
 year = {2009},
 isbn = {978-1-4092-8598-4},
 location = {Rhodes, Greece},
 pages = {469--473},
 numpages = {5},
 url = {http://dl.acm.org/citation.cfm?id=1600053.1600121},
 acmid = {1600121},
 publisher = {International Society of the Learning Sciences},
}

@inproceedings{Notari:2013:EFA:2491055.2491096,
 author = {Notari, Michele and Sch\"{a}r, Sonja and Chu, Samuel Kai Wah and Schellenberg, Martin},
 title = {Empowering Formative Assessment Using Embedded Web Widgets in Wikis},
 booktitle = {Proceedings of the 9th International Symposium on Open Collaboration},
 series = {WikiSym '13},
 year = {2013},
 isbn = {978-1-4503-1852-5},
 location = {Hong Kong, China},
 pages = {41:1--41:7},
 articleno = {41},
 numpages = {7},
 url = {http://doi.acm.org/10.1145/2491055.2491096},
 doi = {10.1145/2491055.2491096},
 acmid = {2491096},
 publisher = {ACM},
 address = {New York, NY, USA},
 keywords = {collaboration, formative evaluation, inter-group collaboration, large scale collaboration, long term projects, project-based learning, web widget},
}

@inproceedings{Songer:2014:PAM:2669711.2669901,
 author = {Songer, Robert W. and Miyata, Kazunori},
 title = {A Playful Affordances Model for Gameful Learning},
 booktitle = {Proceedings of the Second International Conference on Technological Ecosystems for Enhancing Multiculturality},
 series = {TEEM '14},
 year = {2014},
 isbn = {978-1-4503-2896-8},
 location = {Salamanca, Spain},
 pages = {205--213},
 numpages = {9},
 url = {http://doi.acm.org/10.1145/2669711.2669901},
 doi = {10.1145/2669711.2669901},
 acmid = {2669901},
 publisher = {ACM},
 address = {New York, NY, USA},
 keywords = {gameful design, gamification, learning, motivation, play},
}

@inproceedings{Magerko:2008:IAD:1496984.1497021,
 author = {Magerko, Brian and Heeter, Carrie and Fitzgerald, Joe and Medler, Ben},
 title = {Intelligent Adaptation of Digital Game-based Learning},
 booktitle = {Proceedings of the 2008 Conference on Future Play: Research, Play, Share},
 series = {Future Play '08},
 year = {2008},
 isbn = {978-1-60558-218-4},
 location = {Toronto, Ontario, Canada},
 pages = {200--203},
 numpages = {4},
 url = {http://doi.acm.org/10.1145/1496984.1497021},
 doi = {10.1145/1496984.1497021},
 acmid = {1497021},
 publisher = {ACM},
 address = {New York, NY, USA},
 keywords = {adaptive games, player types, user modeling},
}

@inproceedings{Rienties:2008:SMC:1599871.1599903,
 author = {Rienties, Bart and Tempelaar, Dirk and Van Den Bossche, Piet and Gijselaers, Wim and Segers, Mien},
 title = {Students' Motivations and Their Contributions to Virtual Learning},
 booktitle = {Proceedings of the 8th International Conference on International Conference for the Learning Sciences - Volume 2},
 series = {ICLS'08},
 year = {2008},
 location = {Utrecht, The Netherlands},
 pages = {254--261},
 numpages = {8},
 url = {http://dl.acm.org/citation.cfm?id=1599871.1599903},
 acmid = {1599903},
 publisher = {International Society of the Learning Sciences},
}

@inproceedings{Lilly:1995:UCA:224170.224204,
 author = {Lilly, H. Albert},
 title = {The Use of Cellular Automata in the Classroom},
 booktitle = {Proceedings of the 1995 ACM/IEEE Conference on Supercomputing},
 series = {Supercomputing '95},
 year = {1995},
 isbn = {0-89791-816-9},
 location = {San Diego, California, USA},
 articleno = {16},
 url = {http://doi.acm.org/10.1145/224170.224204},
 doi = {10.1145/224170.224204},
 acmid = {224204},
 publisher = {ACM},
 address = {New York, NY, USA},
 keywords = {cellular automata, electrical engineering, genetic drift, diffusion, simulated annealing,nucleation, percolation, soil erosion, fluid dynamics, temperature, glider, interior design},
}

