@inproceedings{Adam:2019:DMV:3304221.3319738,
 author = {Adam, Michel and Daoud, Moncef and Frison, Patrice},
 title = {Direct Manipulation Versus Text-based Programming: An Experiment Report},
 booktitle = {Proceedings of the 2019 ACM Conference on Innovation and Technology in Computer Science Education},
 series = {ITiCSE '19},
 year = {2019},
 isbn = {978-1-4503-6301-3},
 location = {Aberdeen, Scotland Uk},
 pages = {353--359},
 numpages = {7},
 url = {http://doi.acm.org/10.1145/3304221.3319738},
 doi = {10.1145/3304221.3319738},
 acmid = {3319738},
 publisher = {ACM},
 address = {New York, NY, USA},
 keywords = {designing algorithms, programming by direct manipulation, programming for beginners, visualization of algorithms},
}

@inproceedings{Rivers:2016:LCA:2960310.2960333,
 author = {Rivers, Kelly and Harpstead, Erik and Koedinger, Ken},
 title = {Learning Curve Analysis for Programming: Which Concepts Do Students Struggle With?},
 booktitle = {Proceedings of the 2016 ACM Conference on International Computing Education Research},
 series = {ICER '16},
 year = {2016},
 isbn = {978-1-4503-4449-4},
 location = {Melbourne, VIC, Australia},
 pages = {143--151},
 numpages = {9},
 url = {http://doi.acm.org/10.1145/2960310.2960333},
 doi = {10.1145/2960310.2960333},
 acmid = {2960333},
 publisher = {ACM},
 address = {New York, NY, USA},
 keywords = {educational data mining, knowledge components, learning curve analysis, programming syntax},
}

@inproceedings{Chen:2018:UEG:3178158.3178188,
 author = {Chen, Yang},
 title = {Understanding How Educational Gamification Impacts Users' Behavior: A Theoretical Analysis},
 booktitle = {Proceedings of the 6th International Conference on Information and Education Technology},
 series = {ICIET '18},
 year = {2018},
 isbn = {978-1-4503-5359-5},
 location = {Osaka, Japan},
 pages = {154--159},
 numpages = {6},
 url = {http://doi.acm.org/10.1145/3178158.3178188},
 doi = {10.1145/3178158.3178188},
 acmid = {3178188},
 publisher = {ACM},
 address = {New York, NY, USA},
 keywords = {behavior, gamification, motivation, theory of planned behavior},
}

@inproceedings{Nelson:2017:CFE:3105726.3106178,
 author = {Nelson, Greg L. and Xie, Benjamin and Ko, Andrew J.},
 title = {Comprehension First: Evaluating a Novel Pedagogy and Tutoring System for Program Tracing in CS1},
 booktitle = {Proceedings of the 2017 ACM Conference on International Computing Education Research},
 series = {ICER '17},
 year = {2017},
 isbn = {978-1-4503-4968-0},
 location = {Tacoma, Washington, USA},
 pages = {2--11},
 numpages = {10},
 url = {http://doi.acm.org/10.1145/3105726.3106178},
 doi = {10.1145/3105726.3106178},
 acmid = {3106178},
 publisher = {ACM},
 address = {New York, NY, USA},
 keywords = {knowledge representation, notional machine, program tracing},
}

@article{VanMeer:1989:EGI:74091.74102,
 author = {Van Meer, G. L. and Sigwart, C. D.},
 title = {Effective Group Interactions: Some Aspects of Group Projects in Computer Science Courses},
 journal = {SIGCSE Bull.},
 issue_date = {Dec. 1989},
 volume = {21},
 number = {4},
 month = dec,
 year = {1989},
 issn = {0097-8418},
 pages = {52--56},
 numpages = {5},
 url = {http://doi.acm.org/10.1145/74091.74102},
 doi = {10.1145/74091.74102},
 acmid = {74102},
 publisher = {ACM},
 address = {New York, NY, USA},
}

@inproceedings{Feldman:2018:ADS:3173574.3173838,
 author = {Feldman, Molly Q. and Cho, Ji Yong and Ong, Monica and Gulwani, Sumit and Popovi\'{c}, Zoran and Andersen, Erik},
 title = {Automatic Diagnosis of Students' Misconceptions in K-8 Mathematics},
 booktitle = {Proceedings of the 2018 CHI Conference on Human Factors in Computing Systems},
 series = {CHI '18},
 year = {2018},
 isbn = {978-1-4503-5620-6},
 location = {Montreal QC, Canada},
 pages = {264:1--264:12},
 articleno = {264},
 numpages = {12},
 url = {http://doi.acm.org/10.1145/3173574.3173838},
 doi = {10.1145/3173574.3173838},
 acmid = {3173838},
 publisher = {ACM},
 address = {New York, NY, USA},
 keywords = {elementary education, programming by demonstration},
}

@inproceedings{Gerdes:2007:COV:1324302.1324320,
 author = {Gerdes, John and Tilley, Scott},
 title = {A Conceptual Overview of the Virtual Networking Laboratory},
 booktitle = {Proceedings of the 8th ACM SIGITE Conference on Information Technology Education},
 series = {SIGITE '07},
 year = {2007},
 isbn = {978-1-59593-920-3},
 location = {Destin, Florida, USA},
 pages = {75--82},
 numpages = {8},
 url = {http://doi.acm.org/10.1145/1324302.1324320},
 doi = {10.1145/1324302.1324320},
 acmid = {1324320},
 publisher = {ACM},
 address = {New York, NY, USA},
 keywords = {emulation, network configuration, networking hardware, simulation, training, virtual networking lab (VNL), virtualization},
}

@inproceedings{Denny:2015:GPQ:2676723.2677253,
 author = {Denny, Paul},
 title = {Generating Practice Questions As a Preparation Strategy for Introductory Programming Exams},
 booktitle = {Proceedings of the 46th ACM Technical Symposium on Computer Science Education},
 series = {SIGCSE '15},
 year = {2015},
 isbn = {978-1-4503-2966-8},
 location = {Kansas City, Missouri, USA},
 pages = {278--283},
 numpages = {6},
 url = {http://doi.acm.org/10.1145/2676723.2677253},
 doi = {10.1145/2676723.2677253},
 acmid = {2677253},
 publisher = {ACM},
 address = {New York, NY, USA},
 keywords = {exams, multiple-choice, peerwise, programming, student authored questions},
}

@inproceedings{East:2006:MTT:1151588.1151596,
 author = {East, J. Philip},
 title = {On Models of and for Teaching: Toward Theory-based Computing Education},
 booktitle = {Proceedings of the Second International Workshop on Computing Education Research},
 series = {ICER '06},
 year = {2006},
 isbn = {1-59593-494-4},
 location = {Canterbury, United Kingdom},
 pages = {41--50},
 numpages = {10},
 url = {http://doi.acm.org/10.1145/1151588.1151596},
 doi = {10.1145/1151588.1151596},
 acmid = {1151596},
 publisher = {ACM},
 address = {New York, NY, USA},
 keywords = {learning theory, pedagogical theory, theory of instruction, theory-based research, theory-based teaching},
}

@article{Hnatyshin:2008:UDC:1352322.1352222,
 author = {Hnatyshin, Vasil Y. and Lobo, Andrea F.},
 title = {Undergraduate Data Communications and Networking Projects Using Opnet and Wireshark Software},
 journal = {SIGCSE Bull.},
 issue_date = {March 2008},
 volume = {40},
 number = {1},
 month = mar,
 year = {2008},
 issn = {0097-8418},
 pages = {241--245},
 numpages = {5},
 url = {http://doi.acm.org/10.1145/1352322.1352222},
 doi = {10.1145/1352322.1352222},
 acmid = {1352222},
 publisher = {ACM},
 address = {New York, NY, USA},
 keywords = {computer science education research, data communications, laboratory environments, modeling, networks, opnet, simulation, software tools, wireshark},
}

@inproceedings{Hnatyshin:2008:UDC:1352135.1352222,
 author = {Hnatyshin, Vasil Y. and Lobo, Andrea F.},
 title = {Undergraduate Data Communications and Networking Projects Using Opnet and Wireshark Software},
 booktitle = {Proceedings of the 39th SIGCSE Technical Symposium on Computer Science Education},
 series = {SIGCSE '08},
 year = {2008},
 isbn = {978-1-59593-799-5},
 location = {Portland, OR, USA},
 pages = {241--245},
 numpages = {5},
 url = {http://doi.acm.org/10.1145/1352135.1352222},
 doi = {10.1145/1352135.1352222},
 acmid = {1352222},
 publisher = {ACM},
 address = {New York, NY, USA},
 keywords = {computer science education research, data communications, laboratory environments, modeling, networks, opnet, simulation, software tools, wireshark},
}

@inproceedings{Rankin:2019:FTS:3287324.3287484,
 author = {Rankin, Yolanda A. and Thomas, Jakita O. and Irish, India},
 title = {Food for Thought: Supporting African American Women's Computational Algorithmic Thinking in an Intro CS Course},
 booktitle = {Proceedings of the 50th ACM Technical Symposium on Computer Science Education},
 series = {SIGCSE '19},
 year = {2019},
 isbn = {978-1-4503-5890-3},
 location = {Minneapolis, MN, USA},
 pages = {641--646},
 numpages = {6},
 url = {http://doi.acm.org/10.1145/3287324.3287484},
 doi = {10.1145/3287324.3287484},
 acmid = {3287484},
 publisher = {ACM},
 address = {New York, NY, USA},
 keywords = {african american women, computational algorithmic thinking, food},
}

@article{McKenna:2004:CIP:1026487.1008041,
 author = {McKenna, Peter and Laycock, Ben},
 title = {Constructivist or Instructivist: Pedagogical Concepts Practically Applied to a Computer Learning Environment},
 journal = {SIGCSE Bull.},
 issue_date = {September 2004},
 volume = {36},
 number = {3},
 month = jun,
 year = {2004},
 issn = {0097-8418},
 pages = {166--170},
 numpages = {5},
 url = {http://doi.acm.org/10.1145/1026487.1008041},
 doi = {10.1145/1026487.1008041},
 acmid = {1008041},
 publisher = {ACM},
 address = {New York, NY, USA},
 keywords = {CAI, computer assisted instruction, constructivism, e-learning, learning models, learning technology},
}

@inproceedings{McKenna:2004:CIP:1007996.1008041,
 author = {McKenna, Peter and Laycock, Ben},
 title = {Constructivist or Instructivist: Pedagogical Concepts Practically Applied to a Computer Learning Environment},
 booktitle = {Proceedings of the 9th Annual SIGCSE Conference on Innovation and Technology in Computer Science Education},
 series = {ITiCSE '04},
 year = {2004},
 isbn = {1-58113-836-9},
 location = {Leeds, United Kingdom},
 pages = {166--170},
 numpages = {5},
 url = {http://doi.acm.org/10.1145/1007996.1008041},
 doi = {10.1145/1007996.1008041},
 acmid = {1008041},
 publisher = {ACM},
 address = {New York, NY, USA},
 keywords = {CAI, computer assisted instruction, constructivism, e-learning, learning models, learning technology},
}

@inproceedings{Seiter:2013:MLP:2493394.2493403,
 author = {Seiter, Linda and Foreman, Brendan},
 title = {Modeling the Learning Progressions of Computational Thinking of Primary Grade Students},
 booktitle = {Proceedings of the Ninth Annual International ACM Conference on International Computing Education Research},
 series = {ICER '13},
 year = {2013},
 isbn = {978-1-4503-2243-0},
 location = {San Diego, San California, USA},
 pages = {59--66},
 numpages = {8},
 url = {http://doi.acm.org/10.1145/2493394.2493403},
 doi = {10.1145/2493394.2493403},
 acmid = {2493403},
 publisher = {ACM},
 address = {New York, NY, USA},
 keywords = {assessment, computational thinking, programming, scratch},
}

@article{Miller:2007:TAI:1269900.1268797,
 author = {Miller, James and Smith, Michael},
 title = {A TDD Approach to Introducing Students to Embedded Programming},
 journal = {SIGCSE Bull.},
 issue_date = {September 2007},
 volume = {39},
 number = {3},
 month = jun,
 year = {2007},
 issn = {0097-8418},
 pages = {33--37},
 numpages = {5},
 url = {http://doi.acm.org/10.1145/1269900.1268797},
 doi = {10.1145/1269900.1268797},
 acmid = {1268797},
 publisher = {ACM},
 address = {New York, NY, USA},
 keywords = {TDD, education, embedded programming},
}

@inproceedings{Miller:2007:TAI:1268784.1268797,
 author = {Miller, James and Smith, Michael},
 title = {A TDD Approach to Introducing Students to Embedded Programming},
 booktitle = {Proceedings of the 12th Annual SIGCSE Conference on Innovation and Technology in Computer Science Education},
 series = {ITiCSE '07},
 year = {2007},
 isbn = {978-1-59593-610-3},
 location = {Dundee, Scotland},
 pages = {33--37},
 numpages = {5},
 url = {http://doi.acm.org/10.1145/1268784.1268797},
 doi = {10.1145/1268784.1268797},
 acmid = {1268797},
 publisher = {ACM},
 address = {New York, NY, USA},
 keywords = {TDD, education, embedded programming},
}

@inproceedings{Ficocelli:2011:CJC:1989622.1989632,
 author = {Ficocelli, Libero and Gregg, David},
 title = {Coping with Java As the Core CS Educational Language: An Evolutionary Experience},
 booktitle = {Proceedings of the 16th Western Canadian Conference on Computing Education},
 series = {WCCCE '11},
 year = {2011},
 isbn = {978-1-4503-0792-5},
 location = {Prince George, British Columbia, Canada},
 pages = {38--42},
 numpages = {5},
 url = {http://doi.acm.org/10.1145/1989622.1989632},
 doi = {10.1145/1989622.1989632},
 acmid = {1989632},
 publisher = {ACM},
 address = {New York, NY, USA},
 keywords = {CS1, CS2, Java, OOP, fundamentals first, objects first},
}

@inproceedings{Ginat:2017:MLA:3017680.3017801,
 author = {Ginat, David and Blau, Yoav},
 title = {Multiple Levels of Abstraction in Algorithmic Problem Solving},
 booktitle = {Proceedings of the 2017 ACM SIGCSE Technical Symposium on Computer Science Education},
 series = {SIGCSE '17},
 year = {2017},
 isbn = {978-1-4503-4698-6},
 location = {Seattle, Washington, USA},
 pages = {237--242},
 numpages = {6},
 url = {http://doi.acm.org/10.1145/3017680.3017801},
 doi = {10.1145/3017680.3017801},
 acmid = {3017801},
 publisher = {ACM},
 address = {New York, NY, USA},
 keywords = {abstraction, algorithm design},
}

@techreport{Little:1981:RGV:2594492,
 author = {Little, Joyce Currie},
 title = {Recommendations and Guidelines for Vocational-Technical Career Programs for Computer Personnel in Operations: Two Reports of the ACM Committee on Curriculum for Community and Junior College Education},
 year = {1981},
 isbn = {0-89791-048-6},
 note = {ACM Order No.: 201811},
 publisher = {ACM},
 address = {New York, NY, USA},
}

@article{McGill:2012:LPP:2133797.2133801,
 author = {McGill, Monica M.},
 title = {Learning to Program with Personal Robots: Influences on Student Motivation},
 journal = {Trans. Comput. Educ.},
 issue_date = {March 2012},
 volume = {12},
 number = {1},
 month = mar,
 year = {2012},
 issn = {1946-6226},
 pages = {4:1--4:32},
 articleno = {4},
 numpages = {32},
 url = {http://doi.acm.org/10.1145/2133797.2133801},
 doi = {10.1145/2133797.2133801},
 acmid = {2133801},
 publisher = {ACM},
 address = {New York, NY, USA},
 keywords = {CS0, CS1, Motivation, Myro, curriculum, education, personal robots, programming},
}

@inproceedings{Joyner:2019:RUP:3300115.3309533,
 author = {Joyner, David and McDaniel, Melinda},
 title = {Replicating and Unraveling Performance and Behavioral Differences Between an Online and a Traditional CS Course},
 booktitle = {Proceedings of the ACM Conference on Global Computing Education},
 series = {CompEd '19},
 year = {2019},
 isbn = {978-1-4503-6259-7},
 location = {Chengdu,Sichuan, China},
 pages = {157--163},
 numpages = {7},
 url = {http://doi.acm.org/10.1145/3300115.3309533},
 doi = {10.1145/3300115.3309533},
 acmid = {3309533},
 publisher = {ACM},
 address = {New York, NY, USA},
 keywords = {CS1, learning at scale, online learning},
}

@inproceedings{Freudenthal:2010:MMP:1734263.1734276,
 author = {Freudenthal, Eric Andrew and Roy, Mary K. and Ogrey, Alexandria Nicole and Magoc, Tanja and Siegel, Alan},
 title = {MPCT: Media Propelled Computational Thinking},
 booktitle = {Proceedings of the 41st ACM Technical Symposium on Computer Science Education},
 series = {SIGCSE '10},
 year = {2010},
 isbn = {978-1-4503-0006-3},
 location = {Milwaukee, Wisconsin, USA},
 pages = {37--41},
 numpages = {5},
 url = {http://doi.acm.org/10.1145/1734263.1734276},
 doi = {10.1145/1734263.1734276},
 acmid = {1734276},
 publisher = {ACM},
 address = {New York, NY, USA},
 keywords = {computational thinking, cs-zero, first year programs},
}

@article{Beidler:1985:CPS:3812.214933,
 author = {Beidler, John and Austing, Richard H. and Cassel, Lillian N.},
 title = {Computing Programs in Small Colleges},
 journal = {Commun. ACM},
 issue_date = {June 1985},
 volume = {28},
 number = {6},
 month = jun,
 year = {1985},
 issn = {0001-0782},
 pages = {605--611},
 numpages = {7},
 url = {http://doi.acm.org/10.1145/3812.214933},
 doi = {10.1145/3812.214933},
 acmid = {214933},
 publisher = {ACM},
 address = {New York, NY, USA},
}

@inproceedings{Herold:2014:LTA:2662253.2662303,
 author = {H{\'e}rold, Jean-Fran\c{c}ois},
 title = {Learning with an IT Tool: Analysis of the Student's Activity},
 booktitle = {Proceedings of the XV International Conference on Human Computer Interaction},
 series = {Interacci\&\#243;n '14},
 year = {2014},
 isbn = {978-1-4503-2880-7},
 location = {Puerto de la Cruz, Tenerife, Spain},
 pages = {50:1--50:4},
 articleno = {50},
 numpages = {4},
 url = {http://doi.acm.org/10.1145/2662253.2662303},
 doi = {10.1145/2662253.2662303},
 acmid = {2662303},
 publisher = {ACM},
 address = {New York, NY, USA},
 keywords = {Analysis of activity, Cognitive load theory, Information Technology, Interaction, Learning},
}

@article{Baron:2014:CSE:2642651.2602486,
 author = {Baron, Georges-Louis and Drot-Delange, Beatrice and Grandbastien, Monique and Tort, Fran\c{c}oise},
 title = {Computer Science Education in French Secondary Schools: Historical and Didactical Perspectives},
 journal = {ACM Trans. Comput. Educ.},
 issue_date = {June 2014},
 volume = {14},
 number = {2},
 month = jun,
 year = {2014},
 issn = {1946-6226},
 pages = {11:1--11:27},
 articleno = {11},
 numpages = {27},
 url = {http://doi.acm.org/10.1145/2602486},
 doi = {10.1145/2602486},
 acmid = {2602486},
 publisher = {ACM},
 address = {New York, NY, USA},
 keywords = {Computer science curriculum in French high schools, computer science teachers},
}

@techreport{CompiledbytheACMEducationBoard:1983:ACR:2594500,
 author = {Compiled by the ACM Education Board},
 title = {ACM Curricula Recommendations for Related Computer Science Programs in Vocational-Technical Schools, Community and Junior Colleges, and Health Computing},
 year = {1983},
 isbn = {0-89791-119-9},
 note = {ACM Order No.: 201833},
 publisher = {ACM},
 address = {New York, NY, USA},
}

@inproceedings{Parra:2014:WLC:2669711.2669888,
 author = {Parra, M. T. and P{\'e}rez, J. R. and Castro, F.},
 title = {Workshops for Learning in Computational Fluid Mechanics},
 booktitle = {Proceedings of the Second International Conference on Technological Ecosystems for Enhancing Multiculturality},
 series = {TEEM '14},
 year = {2014},
 isbn = {978-1-4503-2896-8},
 location = {Salamanca, Spain},
 pages = {113--117},
 numpages = {5},
 url = {http://doi.acm.org/10.1145/2669711.2669888},
 doi = {10.1145/2669711.2669888},
 acmid = {2669888},
 publisher = {ACM},
 address = {New York, NY, USA},
 keywords = {computational fluid dynamics (CFD), moodle, workshop},
}

@inproceedings{Parker:2016:RVU:2960310.2960316,
 author = {Parker, Miranda C. and Guzdial, Mark and Engleman, Shelly},
 title = {Replication, Validation, and Use of a Language Independent CS1 Knowledge Assessment},
 booktitle = {Proceedings of the 2016 ACM Conference on International Computing Education Research},
 series = {ICER '16},
 year = {2016},
 isbn = {978-1-4503-4449-4},
 location = {Melbourne, VIC, Australia},
 pages = {93--101},
 numpages = {9},
 url = {http://doi.acm.org/10.1145/2960310.2960316},
 doi = {10.1145/2960310.2960316},
 acmid = {2960316},
 publisher = {ACM},
 address = {New York, NY, USA},
 keywords = {assessment, cs1, replication, validity},
}

@inproceedings{Lee:1995:MTE:223355.223455,
 author = {Lee, Adrienne Y. and Gillan, Douglas J. and Upchurch, Evan E. and Melton, Jeffrey S.},
 title = {Is Multimedia-based Training Effective?: Yes and No},
 booktitle = {Conference Companion on Human Factors in Computing Systems},
 series = {CHI '95},
 year = {1995},
 isbn = {0-89791-755-3},
 location = {Denver, Colorado, USA},
 pages = {111--112},
 numpages = {2},
 url = {http://doi.acm.org/10.1145/223355.223455},
 doi = {10.1145/223355.223455},
 acmid = {223455},
 publisher = {ACM},
 address = {New York, NY, USA},
}

@inproceedings{Nicou:2017:CLI:3059009.3073002,
 author = {Nicou, Giorgos and Andreou, Panayiotis and Polycarpou, Irene},
 title = {CodeAdventure: Learning Introductory Programming},
 booktitle = {Proceedings of the 2017 ACM Conference on Innovation and Technology in Computer Science Education},
 series = {ITiCSE '17},
 year = {2017},
 isbn = {978-1-4503-4704-4},
 location = {Bologna, Italy},
 pages = {368--368},
 numpages = {1},
 url = {http://doi.acm.org/10.1145/3059009.3073002},
 doi = {10.1145/3059009.3073002},
 acmid = {3073002},
 publisher = {ACM},
 address = {New York, NY, USA},
 keywords = {adventure games for education., educational games, educational technologies, programming},
}

@article{Miura:2009:AGI:1595496.1562925,
 author = {Miura, Motoki and Sugihara, Taro and Kunifuji, Susumu},
 title = {Anchor Garden: An Interactive Workbenchfor Basic Data Concept Learningin Object Oriented Programming Languages},
 journal = {SIGCSE Bull.},
 issue_date = {September 2009},
 volume = {41},
 number = {3},
 month = jul,
 year = {2009},
 issn = {0097-8418},
 pages = {141--145},
 numpages = {5},
 url = {http://doi.acm.org/10.1145/1595496.1562925},
 doi = {10.1145/1595496.1562925},
 acmid = {1562925},
 publisher = {ACM},
 address = {New York, NY, USA},
 keywords = {CS1, data type, object-orientation, reference},
}

@inproceedings{Miura:2009:AGI:1562877.1562925,
 author = {Miura, Motoki and Sugihara, Taro and Kunifuji, Susumu},
 title = {Anchor Garden: An Interactive Workbenchfor Basic Data Concept Learningin Object Oriented Programming Languages},
 booktitle = {Proceedings of the 14th Annual ACM SIGCSE Conference on Innovation and Technology in Computer Science Education},
 series = {ITiCSE '09},
 year = {2009},
 isbn = {978-1-60558-381-5},
 location = {Paris, France},
 pages = {141--145},
 numpages = {5},
 url = {http://doi.acm.org/10.1145/1562877.1562925},
 doi = {10.1145/1562877.1562925},
 acmid = {1562925},
 publisher = {ACM},
 address = {New York, NY, USA},
 keywords = {CS1, data type, object-orientation, reference},
}

@inproceedings{Brunvand:2014:WGP:2614028.2615421,
 author = {Brunvand, Erik and Chatterjee, Niladrish and Kopta, Daniel},
 title = {Why Graphics Programmers Need to Know About DRAM},
 booktitle = {ACM SIGGRAPH 2014 Courses},
 series = {SIGGRAPH '14},
 year = {2014},
 isbn = {978-1-4503-2962-0},
 location = {Vancouver, Canada},
 pages = {21:1--21:75},
 articleno = {21},
 numpages = {75},
 url = {http://doi.acm.org/10.1145/2614028.2615421},
 doi = {10.1145/2614028.2615421},
 acmid = {2615421},
 publisher = {ACM},
 address = {New York, NY, USA},
}

@article{Bosse:2000:RPP:369295.369332,
 author = {Boss{\'e}, Michael J. and Nandakumar, N. R.},
 title = {Real-world Problem-solving, Pedagogy, and Efficient Programming Algorithms in Computer Education},
 journal = {SIGCSE Bull.},
 issue_date = {Dec. 2000},
 volume = {32},
 number = {4},
 month = dec,
 year = {2000},
 issn = {0097-8418},
 pages = {66--69},
 numpages = {4},
 url = {http://doi.acm.org/10.1145/369295.369332},
 doi = {10.1145/369295.369332},
 acmid = {369332},
 publisher = {ACM},
 address = {New York, NY, USA},
}

@article{Landry:2006:DCD:1248453.1248459,
 author = {Landry, Brett J. L. and Koger, M. Scott},
 title = {Dispelling 10 Common Disaster Recovery Myths: Lessons Learned from Hurricane Katrina and Other Disasters},
 journal = {J. Educ. Resour. Comput.},
 issue_date = {December 2006},
 volume = {6},
 number = {4},
 month = dec,
 year = {2006},
 issn = {1531-4278},
 articleno = {6},
 url = {http://doi.acm.org/10.1145/1248453.1248459},
 doi = {10.1145/1248453.1248459},
 acmid = {1248459},
 publisher = {ACM},
 address = {New York, NY, USA},
 keywords = {Hardware failures, IT curricula, backups, business continuity, disaster recovery, network attacks, software failures, viruses, worms},
}

@inproceedings{Montero:2018:FCT:3279720.3279750,
 author = {Montero, Calkin Suero},
 title = {Facilitating Computational Thinking Through Digital Fabrication},
 booktitle = {Proceedings of the 18th Koli Calling International Conference on Computing Education Research},
 series = {Koli Calling '18},
 year = {2018},
 isbn = {978-1-4503-6535-2},
 location = {Koli, Finland},
 pages = {32:1--32:2},
 articleno = {32},
 numpages = {2},
 url = {http://doi.acm.org/10.1145/3279720.3279750},
 doi = {10.1145/3279720.3279750},
 acmid = {3279750},
 publisher = {ACM},
 address = {New York, NY, USA},
 keywords = {Craft- and project-based pedagogy, comprehensive education, digital fabrication, making},
}

@inproceedings{Thompson:2006:ELC:1151869.1151896,
 author = {Thompson, Errol and Hunt, Lynn and Kinshuk, Kinshuk},
 title = {Exploring Learner Conceptions of Programming},
 booktitle = {Proceedings of the 8th Australasian Conference on Computing Education - Volume 52},
 series = {ACE '06},
 year = {2006},
 isbn = {1-920682-34-1},
 location = {Hobart, Australia},
 pages = {205--211},
 numpages = {7},
 url = {http://dl.acm.org/citation.cfm?id=1151869.1151896},
 acmid = {1151896},
 publisher = {Australian Computer Society, Inc.},
 address = {Darlinghurst, Australia, Australia},
 keywords = {conceptions of programming, learning process, task representation},
}

@inproceedings{Muhling:2015:DFR:2818314.2818320,
 author = {M\"{u}hling, Andreas and Ruf, Alexander and Hubwieser, Peter},
 title = {Design and First Results of a Psychometric Test for Measuring Basic Programming Abilities},
 booktitle = {Proceedings of the Workshop in Primary and Secondary Computing Education},
 series = {WiPSCE '15},
 year = {2015},
 isbn = {978-1-4503-3753-3},
 location = {London, United Kingdom},
 pages = {2--10},
 numpages = {9},
 url = {http://doi.acm.org/10.1145/2818314.2818320},
 doi = {10.1145/2818314.2818320},
 acmid = {2818320},
 publisher = {ACM},
 address = {New York, NY, USA},
 keywords = {Algorithmic control structures, assessment, computer science education, computing concepts, latent-trait, novice programmer, program flow, psychometric test},
}

@inproceedings{Yukselturk:2010:OEE:1822090.1822115,
 author = {Y\"{u}kselt\"{u}rk, Erman and Yazici, Adnan and Sa\c{c}an, Ahmet and Kaya, \"{O}zg\"{u}r},
 title = {Online Education Experiences: Information Technologies Certificate Program at METU},
 booktitle = {Proceedings of the Fifteenth Annual Conference on Innovation and Technology in Computer Science Education},
 series = {ITiCSE '10},
 year = {2010},
 isbn = {978-1-60558-820-9},
 location = {Bilkent, Ankara, Turkey},
 pages = {83--87},
 numpages = {5},
 url = {http://doi.acm.org/10.1145/1822090.1822115},
 doi = {10.1145/1822090.1822115},
 acmid = {1822115},
 publisher = {ACM},
 address = {New York, NY, USA},
 keywords = {computer engineering education, online education, online information technologies certificate program},
}

@inproceedings{Ssekakubo:2011:IAE:2072221.2072248,
 author = {Ssekakubo, Grace and Suleman, Hussein and Marsden, Gary},
 title = {Issues of Adoption: Have e-Learning Management Systems Fulfilled Their Potential in Developing Countries?},
 booktitle = {Proceedings of the South African Institute of Computer Scientists and Information Technologists Conference on Knowledge, Innovation and Leadership in a Diverse, Multidisciplinary Environment},
 series = {SAICSIT '11},
 year = {2011},
 isbn = {978-1-4503-0878-6},
 location = {Cape Town, South Africa},
 pages = {231--238},
 numpages = {8},
 url = {http://doi.acm.org/10.1145/2072221.2072248},
 doi = {10.1145/2072221.2072248},
 acmid = {2072248},
 publisher = {ACM},
 address = {New York, NY, USA},
 keywords = {developing countries, e-learning, learning management systems},
}

@inproceedings{Buffardi:2014:RAF:2591708.2591756,
 author = {Buffardi, Kevin and Edwards, Stephen H.},
 title = {Responses to Adaptive Feedback for Software Testing},
 booktitle = {Proceedings of the 2014 Conference on Innovation \&\#38; Technology in Computer Science Education},
 series = {ITiCSE '14},
 year = {2014},
 isbn = {978-1-4503-2833-3},
 location = {Uppsala, Sweden},
 pages = {165--170},
 numpages = {6},
 url = {http://doi.acm.org/10.1145/2591708.2591756},
 doi = {10.1145/2591708.2591756},
 acmid = {2591756},
 publisher = {ACM},
 address = {New York, NY, USA},
 keywords = {adaptive feedback, automated assessment, behavioral change, instructional technolgy, operant conditioning, punishment, reinforcement, test-driven development (tdd)},
}

@inproceedings{Kocher:2011:CCS:2024724.2024803,
 author = {Kocher, Paul},
 title = {Complexity and the Challenges of Securing SoCs},
 booktitle = {Proceedings of the 48th Design Automation Conference},
 series = {DAC '11},
 year = {2011},
 isbn = {978-1-4503-0636-2},
 location = {San Diego, California},
 pages = {328--331},
 numpages = {4},
 url = {http://doi.acm.org/10.1145/2024724.2024803},
 doi = {10.1145/2024724.2024803},
 acmid = {2024803},
 publisher = {ACM},
 address = {New York, NY, USA},
 keywords = {anti-tamper, differential power analysis, hardware security, security, side channel attack, tamper evidence, tamper resistance},
}

@article{Baker:2009:LTR:1578012.1578013,
 author = {Baker, Ken A.},
 title = {Learning Theory and the Re-education of Older Software Engineers},
 journal = {SIGITERes. IT},
 issue_date = {July 2009},
 volume = {6},
 number = {2},
 month = jul,
 year = {2009},
 issn = {1944-0278},
 pages = {2--10},
 numpages = {9},
 url = {http://doi.acm.org/10.1145/1578012.1578013},
 doi = {10.1145/1578012.1578013},
 acmid = {1578013},
 publisher = {ACM},
 address = {New York, NY, USA},
 keywords = {behaviorist, cognitive, cognitive load theory, learning theory, memory and motivation, paradigm shift, social learning},
}

@inproceedings{Buffardi:2014:FSI:2538862.2538982,
 author = {Buffardi, Kevin and Edwards, Stephen H.},
 title = {A Formative Study of Influences on Student Testing Behaviors},
 booktitle = {Proceedings of the 45th ACM Technical Symposium on Computer Science Education},
 series = {SIGCSE '14},
 year = {2014},
 isbn = {978-1-4503-2605-6},
 location = {Atlanta, Georgia, USA},
 pages = {597--602},
 numpages = {6},
 url = {http://doi.acm.org/10.1145/2538862.2538982},
 doi = {10.1145/2538862.2538982},
 acmid = {2538982},
 publisher = {ACM},
 address = {New York, NY, USA},
 keywords = {adaptive feedback, automated testing, instructional technology, software development process, test-driven development, test-first, unit testing, web-cat},
}

@inproceedings{James:1992:SLS:142750.142918,
 author = {James, Arthur and Spohrer, James C.},
 title = {Simulation-based Learning Systems: Prototypes and Experiences},
 booktitle = {Proceedings of the SIGCHI Conference on Human Factors in Computing Systems},
 series = {CHI '92},
 year = {1992},
 isbn = {0-89791-513-5},
 location = {Monterey, California, USA},
 pages = {523--524},
 numpages = {2},
 url = {http://doi.acm.org/10.1145/142750.142918},
 doi = {10.1145/142750.142918},
 acmid = {142918},
 publisher = {ACM},
 address = {New York, NY, USA},
 keywords = {authoring, learning},
}

@article{Carissimo:1995:XEU:216511.216541,
 author = {Carissimo, Joel W.},
 title = {XINU\&Mdash;an Easy to Use Prototype for an Operating System Course},
 journal = {SIGCSE Bull.},
 issue_date = {Dec. 1995},
 volume = {27},
 number = {4},
 month = dec,
 year = {1995},
 issn = {0097-8418},
 pages = {54--56},
 numpages = {3},
 url = {http://doi.acm.org/10.1145/216511.216541},
 doi = {10.1145/216511.216541},
 acmid = {216541},
 publisher = {ACM},
 address = {New York, NY, USA},
}

@inproceedings{Ramadhan:1992:IDP:143559.143630,
 author = {Ramadhan, Haider},
 title = {An Intelligent Discovery Programming System},
 booktitle = {Proceedings of the 1992 ACM/SIGAPP Symposium on Applied Computing: Technological Challenges of the 1990's},
 series = {SAC '92},
 year = {1992},
 isbn = {0-89791-502-X},
 location = {Kansas City, Missouri, USA},
 pages = {149--159},
 numpages = {11},
 url = {http://doi.acm.org/10.1145/143559.143630},
 doi = {10.1145/143559.143630},
 acmid = {143630},
 publisher = {ACM},
 address = {New York, NY, USA},
}

@inproceedings{Kheriaty:1973:MII:800192.805719,
 author = {Kheriaty, Larry},
 title = {A MULTILINGUAL INTERPRETER for Interactive Computing in an Academic Environment},
 booktitle = {Proceedings of the ACM Annual Conference},
 series = {ACM '73},
 year = {1973},
 location = {Atlanta, Georgia, USA},
 pages = {290--294},
 numpages = {5},
 url = {http://doi.acm.org/10.1145/800192.805719},
 doi = {10.1145/800192.805719},
 acmid = {805719},
 publisher = {ACM},
 address = {New York, NY, USA},
}

@article{Herrmann:1994:ISA:191033.191068,
 author = {Herrmann, Nira and Popyack, Jeffrey L.},
 title = {An Integrated, Software-based Approach to Teaching Introductory Computer Programming},
 journal = {SIGCSE Bull.},
 issue_date = {March 1994},
 volume = {26},
 number = {1},
 month = mar,
 year = {1994},
 issn = {0097-8418},
 pages = {92--96},
 numpages = {5},
 url = {http://doi.acm.org/10.1145/191033.191068},
 doi = {10.1145/191033.191068},
 acmid = {191068},
 publisher = {ACM},
 address = {New York, NY, USA},
}

@inproceedings{Herrmann:1994:ISA:191029.191068,
 author = {Herrmann, Nira and Popyack, Jeffrey L.},
 title = {An Integrated, Software-based Approach to Teaching Introductory Computer Programming},
 booktitle = {Proceedings of the Twenty-fifth SIGCSE Symposium on Computer Science Education},
 series = {SIGCSE '94},
 year = {1994},
 isbn = {0-89791-646-8},
 location = {Phoenix, Arizona, USA},
 pages = {92--96},
 numpages = {5},
 url = {http://doi.acm.org/10.1145/191029.191068},
 doi = {10.1145/191029.191068},
 acmid = {191068},
 publisher = {ACM},
 address = {New York, NY, USA},
}

@inproceedings{Donovan:1996:WCL:262051.262063,
 author = {Donovan, Peter and Ruefle, Robin},
 title = {The Wireless Computing Lab Prototype Project at the University of Pittsburgh},
 booktitle = {Proceedings of the 24th Annual ACM SIGUCCS Conference on User Services},
 series = {SIGUCCS '96},
 year = {1997},
 isbn = {0-89791-810-X},
 location = {Chicago, Illinois, USA},
 pages = {43--49},
 numpages = {7},
 url = {http://doi.acm.org/10.1145/262051.262063},
 doi = {10.1145/262051.262063},
 acmid = {262063},
 publisher = {ACM},
 address = {New York, NY, USA},
}

@article{Carswell:1996:AGA:237477.237560,
 author = {Carswell, Linda and Benyon, David},
 title = {An Adventure Game Approach to Multimedia Distance Education},
 journal = {SIGCSE Bull.},
 issue_date = {1996},
 volume = {28},
 number = {SI},
 month = jan,
 year = {1996},
 issn = {0097-8418},
 pages = {122--124},
 numpages = {3},
 url = {http://doi.acm.org/10.1145/237477.237560},
 doi = {10.1145/237477.237560},
 acmid = {237560},
 publisher = {ACM},
 address = {New York, NY, USA},
}

@inproceedings{Carswell:1996:AGA:237466.237560,
 author = {Carswell, Linda and Benyon, David},
 title = {An Adventure Game Approach to Multimedia Distance Education},
 booktitle = {Proceedings of the 1st Conference on Integrating Technology into Computer Science Education},
 series = {ITiCSE '96},
 year = {1996},
 isbn = {0-89791-844-4},
 location = {Barcelona, Spain},
 pages = {122--124},
 numpages = {3},
 url = {http://doi.acm.org/10.1145/237466.237560},
 doi = {10.1145/237466.237560},
 acmid = {237560},
 publisher = {ACM},
 address = {New York, NY, USA},
}

@article{Carswell:1996:AGA:1013718.237560,
 author = {Carswell, Linda and Benyon, David},
 title = {An Adventure Game Approach to Multimedia Distance Education},
 journal = {SIGCUE Outlook},
 issue_date = {Jan.-July, 1996},
 volume = {24},
 number = {1-3},
 month = jan,
 year = {1996},
 issn = {0163-5735},
 pages = {122--124},
 numpages = {3},
 url = {http://doi.acm.org/10.1145/1013718.237560},
 doi = {10.1145/1013718.237560},
 acmid = {237560},
 publisher = {ACM},
 address = {New York, NY, USA},
}

@inproceedings{Tanaka:2006:DHE:1121241.1121245,
 author = {Tanaka, Fumihide and Movellan, Javier R. and Fortenberry, Bret and Aisaka, Kazuki},
 title = {Daily HRI Evaluation at a Classroom Environment: Reports from Dance Interaction Experiments},
 booktitle = {Proceedings of the 1st ACM SIGCHI/SIGART Conference on Human-robot Interaction},
 series = {HRI '06},
 year = {2006},
 isbn = {1-59593-294-1},
 location = {Salt Lake City, Utah, USA},
 pages = {3--9},
 numpages = {7},
 url = {http://doi.acm.org/10.1145/1121241.1121245},
 doi = {10.1145/1121241.1121245},
 acmid = {1121245},
 publisher = {ACM},
 address = {New York, NY, USA},
 keywords = {QRIO, child development, child education, child robot interaction, children, daily HRI evaluation, engaging interaction, human robot interaction, long-term interaction, social interaction},
}

@inproceedings{Salako:1972:ATD:800194.805881,
 author = {Salako, Abimbola},
 title = {An Approach to the Total Design of Instructional Systems by Simulation},
 booktitle = {Proceedings of the ACM Annual Conference - Volume 2},
 series = {ACM '72},
 year = {1972},
 location = {Boston, Massachusetts, USA},
 pages = {935--949},
 numpages = {15},
 url = {http://doi.acm.org/10.1145/800194.805881},
 doi = {10.1145/800194.805881},
 acmid = {805881},
 publisher = {ACM},
 address = {New York, NY, USA},
 keywords = {Applications, Computer assisted instruction, Instructional systems, Integrated hardware/software design, Modeling, Operating systems, Simulation, System performance, Systems design},
}

@inproceedings{Gibbs:2003:JLY:1082060.1082066,
 author = {Gibbs, Donna and Roberts, Susan},
 title = {A Jump-start in Learning?: Young Children's Use of CDRom Technology},
 booktitle = {Proceedings of the International Federation for Information Processing Working Group 3.5 Open Conference on Young Children and Learning Technologies - Volume 34},
 series = {CRPIT '03},
 year = {2003},
 isbn = {1-920682-16-3},
 location = {Sydney, Australia},
 pages = {39--47},
 numpages = {9},
 url = {http://dl.acm.org/citation.cfm?id=1082060.1082066},
 acmid = {1082066},
 publisher = {Australian Computer Society, Inc.},
 address = {Darlinghurst, Australia, Australia},
 keywords = {CDRoms, design, early childhood, interactivity, learning outcomes},
}

@article{Salzmann:2009:EAS:1502539.1502578,
 author = {Salzmann, Christophe and Gillet, Denis and Mullhaupt, Philippe},
 title = {End-to-end Adaptation Scheme for Ubiquitous Remote Experimentation},
 journal = {Personal Ubiquitous Comput.},
 issue_date = {March     2009},
 volume = {13},
 number = {3},
 month = mar,
 year = {2009},
 issn = {1617-4909},
 pages = {181--196},
 numpages = {16},
 url = {http://dx.doi.org/10.1007/s00779-007-0184-x},
 doi = {10.1007/s00779-007-0184-x},
 acmid = {1502578},
 publisher = {Springer-Verlag},
 address = {London, UK, UK},
 keywords = {End-to-end adaptation, Remote experimentation, Wireless communication},
}

@inproceedings{Songer:2014:PAM:2669711.2669901,
 author = {Songer, Robert W. and Miyata, Kazunori},
 title = {A Playful Affordances Model for Gameful Learning},
 booktitle = {Proceedings of the Second International Conference on Technological Ecosystems for Enhancing Multiculturality},
 series = {TEEM '14},
 year = {2014},
 isbn = {978-1-4503-2896-8},
 location = {Salamanca, Spain},
 pages = {205--213},
 numpages = {9},
 url = {http://doi.acm.org/10.1145/2669711.2669901},
 doi = {10.1145/2669711.2669901},
 acmid = {2669901},
 publisher = {ACM},
 address = {New York, NY, USA},
 keywords = {gameful design, gamification, learning, motivation, play},
}

@inproceedings{Acimovic-Raspopovic:2011:WBE:2093698.2093837,
 author = {Acimovic-Raspopovic, Vladanka and Kostic-Ljubisavljevic, Aleksandra and Mladenovic, Snezana and Jankovic, Sladjana and Radonjic, Vesna},
 title = {Web Based e-Learning Software for Optical Link Design},
 booktitle = {Proceedings of the 4th International Symposium on Applied Sciences in Biomedical and Communication Technologies},
 series = {ISABEL '11},
 year = {2011},
 isbn = {978-1-4503-0913-4},
 location = {Barcelona, Spain},
 pages = {139:1--139:5},
 articleno = {139},
 numpages = {5},
 url = {http://doi.acm.org/10.1145/2093698.2093837},
 doi = {10.1145/2093698.2093837},
 acmid = {2093837},
 publisher = {ACM},
 address = {New York, NY, USA},
 keywords = {e-learning, optical link design, web application, web based training},
}

