@article{Repenning:2018:SF:3210350.3199603,
 author = {Repenning, Alexander},
 title = {Scale or Fail},
 journal = {Commun. ACM},
 issue_date = {May 2018},
 volume = {61},
 number = {5},
 month = apr,
 year = {2018},
 issn = {0001-0782},
 pages = {40--42},
 numpages = {3},
 url = {http://doi.acm.org/10.1145/3199603},
 doi = {10.1145/3199603},
 acmid = {3199603},
 publisher = {ACM},
 address = {New York, NY, USA},
}

@inproceedings{Basawapatna:2013:ZPF:2493394.2493404,
 author = {Basawapatna, Ashok R. and Repenning, Alexander and Koh, Kyu Han and Nickerson, Hilarie},
 title = {The Zones of Proximal Flow: Guiding Students Through a Space of Computational Thinking Skills and Challenges},
 booktitle = {Proceedings of the Ninth Annual International ACM Conference on International Computing Education Research},
 series = {ICER '13},
 year = {2013},
 isbn = {978-1-4503-2243-0},
 location = {San Diego, San California, USA},
 pages = {67--74},
 numpages = {8},
 url = {http://doi.acm.org/10.1145/2493394.2493404},
 doi = {10.1145/2493394.2493404},
 acmid = {2493404},
 publisher = {ACM},
 address = {New York, NY, USA},
 keywords = {computational thinking, computational thinking patterns, computer science education, flow, scalable game design, simulations, zone of proximal development, zones of proximal flow},
}

@article{Repenning:2015:SGD:2767124.2700517,
 author = {Repenning, Alexander and Webb, David C. and Koh, Kyu Han and Nickerson, Hilarie and Miller, Susan B. and Brand, Catharine and Horses, Ian Her Many and Basawapatna, Ashok and Gluck, Fred and Grover, Ryan and Gutierrez, Kris and Repenning, Nadia},
 title = {Scalable Game Design: A Strategy to Bring Systemic Computer Science Education to Schools Through Game Design and Simulation Creation},
 journal = {Trans. Comput. Educ.},
 issue_date = {May 2015},
 volume = {15},
 number = {2},
 month = apr,
 year = {2015},
 issn = {1946-6226},
 pages = {11:1--11:31},
 articleno = {11},
 numpages = {31},
 url = {http://doi.acm.org/10.1145/2700517},
 doi = {10.1145/2700517},
 acmid = {2700517},
 publisher = {ACM},
 address = {New York, NY, USA},
 keywords = {Latent Semantic Analysis, STEM, elementary schools, game design, middle schools, programming},
}

@inproceedings{Mystakidis:2014:PBD:2643604.2643632,
 author = {Mystakidis, Stylianos and Lambropoulos, Niki and Fardoun, Habib M. and Alghazzawi, Daniyal M.},
 title = {Playful Blended Digital Storytelling in 3D Immersive eLearning Environments: A Cost Effective Early Literacy Motivation Method},
 booktitle = {Proceedings of the 2014 Workshop on Interaction Design in Educational Environments},
 series = {IDEE '14},
 year = {2014},
 isbn = {978-1-4503-3034-3},
 location = {Albacete, Spain},
 pages = {97:97--97:101},
 articleno = {97},
 numpages = {5},
 url = {http://doi.acm.org/10.1145/2643604.2643632},
 doi = {10.1145/2643604.2643632},
 acmid = {2643632},
 publisher = {ACM},
 address = {New York, NY, USA},
 keywords = {3D Virtual Immersive Learning Environments, Digital storytelling, Gamification, Library, Second Life},
}

@inproceedings{Oliveira:2014:QCA:2538862.2538890,
 author = {Oliveira, Osvaldo L. and Nicoletti, Maria C. and del Val Cura, Luis M.},
 title = {Quantitative Correlation Between Ability to Compute and Student Performance in a Primary School},
 booktitle = {Proceedings of the 45th ACM Technical Symposium on Computer Science Education},
 series = {SIGCSE '14},
 year = {2014},
 isbn = {978-1-4503-2605-6},
 location = {Atlanta, Georgia, USA},
 pages = {505--510},
 numpages = {6},
 url = {http://doi.acm.org/10.1145/2538862.2538890},
 doi = {10.1145/2538862.2538890},
 acmid = {2538890},
 publisher = {ACM},
 address = {New York, NY, USA},
 keywords = {computational thinking, computing education, empirical research, model of computation, reasoning},
}

@inproceedings{Basawapatna:2019:ZPF:3287324.3287361,
 author = {Basawapatna, Ashok and Repenning, Alexander and Savignano, Mark},
 title = {The Zones of Proximal Flow Tutorial: Designing Computational Thinking Cliffhangers},
 booktitle = {Proceedings of the 50th ACM Technical Symposium on Computer Science Education},
 series = {SIGCSE '19},
 year = {2019},
 isbn = {978-1-4503-5890-3},
 location = {Minneapolis, MN, USA},
 pages = {428--434},
 numpages = {7},
 url = {http://doi.acm.org/10.1145/3287324.3287361},
 doi = {10.1145/3287324.3287361},
 acmid = {3287361},
 publisher = {ACM},
 address = {New York, NY, USA},
 keywords = {computational thinking, cyberlearning, exposure, flow, zone of proximal development, hour of code, retention, retention of flow, tutorial, zones of proximal flow},
}

@inproceedings{Webb:2012:TET:2157136.2157191,
 author = {Webb, David C. and Repenning, Alexander and Koh, Kyu Han},
 title = {Toward an Emergent Theory of Broadening Participation in Computer Science Education},
 booktitle = {Proceedings of the 43rd ACM Technical Symposium on Computer Science Education},
 series = {SIGCSE '12},
 year = {2012},
 isbn = {978-1-4503-1098-7},
 location = {Raleigh, North Carolina, USA},
 pages = {173--178},
 numpages = {6},
 url = {http://doi.acm.org/10.1145/2157136.2157191},
 doi = {10.1145/2157136.2157191},
 acmid = {2157191},
 publisher = {ACM},
 address = {New York, NY, USA},
 keywords = {guided discovery, student interest, teacher-directed instruction},
}

@inproceedings{Basawapatna:2015:CCL:2676723.2677269,
 author = {Basawapatna, Ashok Ram and Repenning, Alexander and Koh, Kyu Han},
 title = {Closing The Cyberlearning Loop: Enabling Teachers To Formatively Assess Student Programming Projects},
 booktitle = {Proceedings of the 46th ACM Technical Symposium on Computer Science Education},
 series = {SIGCSE '15},
 year = {2015},
 isbn = {978-1-4503-2966-8},
 location = {Kansas City, Missouri, USA},
 pages = {12--17},
 numpages = {6},
 url = {http://doi.acm.org/10.1145/2676723.2677269},
 doi = {10.1145/2676723.2677269},
 acmid = {2677269},
 publisher = {ACM},
 address = {New York, NY, USA},
 keywords = {assessment tools, computational thinking, cyberlearning, end-user game and simulation design, formative assessment, k-12 computer science education, summative assessment},
}

@inproceedings{Koh:2013:SES:2445196.2445372,
 author = {Koh, Kyu Han and Repenning, Alexander and Nickerson, Hilarie and Endo, Yasko and Motter, Pate},
 title = {Will It Stick?: Exploring the Sustainability of Computational Thinking Education Through Game Design},
 booktitle = {Proceeding of the 44th ACM Technical Symposium on Computer Science Education},
 series = {SIGCSE '13},
 year = {2013},
 isbn = {978-1-4503-1868-6},
 location = {Denver, Colorado, USA},
 pages = {597--602},
 numpages = {6},
 url = {http://doi.acm.org/10.1145/2445196.2445372},
 doi = {10.1145/2445196.2445372},
 acmid = {2445372},
 publisher = {ACM},
 address = {New York, NY, USA},
 keywords = {computational thinking, game design, simulation design, sustainability, zone of proximal flow},
}

@inproceedings{Lamprou:2018:TTC:3197091.3197120,
 author = {Lamprou, Anna and Repenning, Alexander},
 title = {Teaching How to Teach Computational Thinking},
 booktitle = {Proceedings of the 23rd Annual ACM Conference on Innovation and Technology in Computer Science Education},
 series = {ITiCSE 2018},
 year = {2018},
 isbn = {978-1-4503-5707-4},
 location = {Larnaca, Cyprus},
 pages = {69--74},
 numpages = {6},
 url = {http://doi.acm.org/10.1145/3197091.3197120},
 doi = {10.1145/3197091.3197120},
 acmid = {3197120},
 publisher = {ACM},
 address = {New York, NY, USA},
 keywords = {Computational Thinking, Computer Science Education, K-12 education, Pre-service teacher, Primary school},
}

@inproceedings{Basawapatna:2018:DVG:3197091.3197136,
 author = {Basawapatna, Ashok and Repenning, Alexander and Savignano, Mark and Manera, Josiane and Escherle, Nora and Repenning, Lorenzo},
 title = {Is Drawing Video Game Characters in an Hour of Code Activity a Waste of Time?},
 booktitle = {Proceedings of the 23rd Annual ACM Conference on Innovation and Technology in Computer Science Education},
 series = {ITiCSE 2018},
 year = {2018},
 isbn = {978-1-4503-5707-4},
 location = {Larnaca, Cyprus},
 pages = {93--98},
 numpages = {6},
 url = {http://doi.acm.org/10.1145/3197091.3197136},
 doi = {10.1145/3197091.3197136},
 acmid = {3197136},
 publisher = {ACM},
 address = {New York, NY, USA},
 keywords = {CS Ed Week, Computer science education, Flow, Hour of Code, art, creativity, cyberlearning, drawing, evaluation, online education, retention},
}

@article{Repenning:2012:PGB:2160718.2160729,
 author = {Repenning, Alexander},
 title = {Programming Goes Back to School},
 journal = {Commun. ACM},
 issue_date = {May 2012},
 volume = {55},
 number = {5},
 month = may,
 year = {2012},
 issn = {0001-0782},
 pages = {38--40},
 numpages = {3},
 url = {http://doi.acm.org/10.1145/2160718.2160729},
 doi = {10.1145/2160718.2160729},
 acmid = {2160729},
 publisher = {ACM},
 address = {New York, NY, USA},
}

@inproceedings{Lamprou:2017:SPB:3059009.3059017,
 author = {Lamprou, Anna and Repenning, Alexander and Escherle, Nora A.},
 title = {The Solothurn Project: Bringing Computer Science Education to Primary Schools in Switzerland},
 booktitle = {Proceedings of the 2017 ACM Conference on Innovation and Technology in Computer Science Education},
 series = {ITiCSE '17},
 year = {2017},
 isbn = {978-1-4503-4704-4},
 location = {Bologna, Italy},
 pages = {218--223},
 numpages = {6},
 url = {http://doi.acm.org/10.1145/3059009.3059017},
 doi = {10.1145/3059009.3059017},
 acmid = {3059017},
 publisher = {ACM},
 address = {New York, NY, USA},
 keywords = {computational thinking, computer science education, experience repor, primary schools, professional teacher development},
}

@inproceedings{Repenning:2019:MCS:3304221.3319758,
 author = {Repenning, Alexander and Lamprou, Anna and Petralito, Serge and Basawapatna, Ashok},
 title = {Making Computer Science Education Mandatory: Exploring a Demographic Shift in Switzerland.},
 booktitle = {Proceedings of the 2019 ACM Conference on Innovation and Technology in Computer Science Education},
 series = {ITiCSE '19},
 year = {2019},
 isbn = {978-1-4503-6301-3},
 location = {Aberdeen, Scotland Uk},
 pages = {422--428},
 numpages = {7},
 url = {http://doi.acm.org/10.1145/3304221.3319758},
 doi = {10.1145/3304221.3319758},
 acmid = {3319758},
 publisher = {ACM},
 address = {New York, NY, USA},
 keywords = {computer science education, gender issues in computer science education, k-12, mandatory computer science education, pre-service teacher education, self -efficacy},
}

@inproceedings{Escherle:2016:PCS:2839509.2844598,
 author = {Escherle, Nora A. and Ramirez-Ramirez, Silvia I. and Basawapatna, Ashok R. and Assaf, Dorit and Repenning, Alexander and Maiello, Carmine and Endo, Yasko Ch. and Nolazco-Flores, Juan A.},
 title = {Piloting Computer Science Education Week in Mexico},
 booktitle = {Proceedings of the 47th ACM Technical Symposium on Computing Science Education},
 series = {SIGCSE '16},
 year = {2016},
 isbn = {978-1-4503-3685-7},
 location = {Memphis, Tennessee, USA},
 pages = {431--436},
 numpages = {6},
 url = {http://doi.acm.org/10.1145/2839509.2844598},
 doi = {10.1145/2839509.2844598},
 acmid = {2844598},
 publisher = {ACM},
 address = {New York, NY, USA},
 keywords = {broadening participation, computer science education, computer science education in mexico, computer science education week, experience report, globalization of programming activities., international research},
}

@inproceedings{Repenning:2016:RFE:2839509.2844597,
 author = {Repenning, Alexander and Basawapatna, Ashok and Assaf, Dorit and Maiello, Carmine and Escherle, Nora},
 title = {Retention of Flow: Evaluating a Computer Science Education Week Activity},
 booktitle = {Proceedings of the 47th ACM Technical Symposium on Computing Science Education},
 series = {SIGCSE '16},
 year = {2016},
 isbn = {978-1-4503-3685-7},
 location = {Memphis, Tennessee, USA},
 pages = {633--638},
 numpages = {6},
 url = {http://doi.acm.org/10.1145/2839509.2844597},
 doi = {10.1145/2839509.2844597},
 acmid = {2844597},
 publisher = {ACM},
 address = {New York, NY, USA},
 keywords = {computer science education, computer science education week, flow, hour of code, retention},
}

@inproceedings{Katchapakirin:2018:ADS:3291280.3291787,
 author = {Katchapakirin, Kantinee and Anutariya, Chutiporn},
 title = {An Architectural Design of ScratchThAI: A Conversational Agent for Computational Thinking Development Using Scratch},
 booktitle = {Proceedings of the 10th International Conference on Advances in Information Technology},
 series = {IAIT 2018},
 year = {2018},
 isbn = {978-1-4503-6568-0},
 location = {Bangkok, Thailand},
 pages = {7:1--7:7},
 articleno = {7},
 numpages = {7},
 url = {http://doi.acm.org/10.1145/3291280.3291787},
 doi = {10.1145/3291280.3291787},
 acmid = {3291787},
 publisher = {ACM},
 address = {New York, NY, USA},
 keywords = {AI in Education, Computational thinking development, Educational Technology, Game-Based Learning, Personalized Learning, Scratch Tutoring Chatbot, Virtual Scratcher, Virtual Teaching Assistant},
}

