@inproceedings{Gomes:2010:SSP:1822090.1822123,
 author = {Gomes, Anabela Jesus and Mendes, Ant\'{o}nio Jos{\'e}},
 title = {A Study on Student Performance in First Year CS Courses},
 booktitle = {Proceedings of the Fifteenth Annual Conference on Innovation and Technology in Computer Science Education},
 series = {ITiCSE '10},
 year = {2010},
 isbn = {978-1-60558-820-9},
 location = {Bilkent, Ankara, Turkey},
 pages = {113--117},
 numpages = {5},
 url = {http://doi.acm.org/10.1145/1822090.1822123},
 doi = {10.1145/1822090.1822123},
 acmid = {1822123},
 publisher = {ACM},
 address = {New York, NY, USA},
 keywords = {learning difficulties, learning styles, programming learning},
}

@inproceedings{Alshammari:2015:ILS:2729094.2742614,
 author = {Alshammari, Mohammad and Anane, Rachid and Hendley, Robert J.},
 title = {The Impact of Learning Style Adaptivity in Teaching Computer Security},
 booktitle = {Proceedings of the 2015 ACM Conference on Innovation and Technology in Computer Science Education},
 series = {ITiCSE '15},
 year = {2015},
 isbn = {978-1-4503-3440-2},
 location = {Vilnius, Lithuania},
 pages = {135--140},
 numpages = {6},
 url = {http://doi.acm.org/10.1145/2729094.2742614},
 doi = {10.1145/2729094.2742614},
 acmid = {2742614},
 publisher = {ACM},
 address = {New York, NY, USA},
 keywords = {adaptivity, computer security education, e-learning systems, learning style},
}

@inproceedings{Kumar:1998:EPC:282991.283617,
 author = {Kumar, Amruth N.},
 title = {Evaluating the Pedagogy of Computer Science Courseware Delivered over the Web (Poster)},
 booktitle = {Proceedings of the 6th Annual Conference on the Teaching of Computing and the 3rd Annual Conference on Integrating Technology into Computer Science Education: Changing the Delivery of Computer Science Education},
 series = {ITiCSE '98},
 year = {1998},
 isbn = {1-58113-000-7},
 location = {Dublin City Univ., Ireland},
 pages = {288--},
 url = {http://doi.acm.org/10.1145/282991.283617},
 doi = {10.1145/282991.283617},
 acmid = {283617},
 publisher = {ACM},
 address = {New York, NY, USA},
}

@article{Kumar:1998:EPC:290320.283617,
 author = {Kumar, Amruth N.},
 title = {Evaluating the Pedagogy of Computer Science Courseware Delivered over the Web (Poster)},
 journal = {SIGCSE Bull.},
 issue_date = {Sept. 1998},
 volume = {30},
 number = {3},
 month = aug,
 year = {1998},
 issn = {0097-8418},
 pages = {288--},
 url = {http://doi.acm.org/10.1145/290320.283617},
 doi = {10.1145/290320.283617},
 acmid = {283617},
 publisher = {ACM},
 address = {New York, NY, USA},
}

@inproceedings{Brown:2006:RCS:1135777.1135827,
 author = {Brown, Elizabeth and Brailsford, Tim and Fisher, Tony and Moore, Adam and Ashman, Helen},
 title = {Reappraising Cognitive Styles in Adaptive Web Applications},
 booktitle = {Proceedings of the 15th International Conference on World Wide Web},
 series = {WWW '06},
 year = {2006},
 isbn = {1-59593-323-9},
 location = {Edinburgh, Scotland},
 pages = {327--335},
 numpages = {9},
 url = {http://doi.acm.org/10.1145/1135777.1135827},
 doi = {10.1145/1135777.1135827},
 acmid = {1135827},
 publisher = {ACM},
 address = {New York, NY, USA},
 keywords = {adaptive hypermedia, cognitive styles, user modelling, user trials, web applications},
}

