@inproceedings{BenacEarle:2016:AGP:2899415.2899443,
 author = {Benac Earle, Clara and Fredlund, Lars-\AAke and Hughes, John},
 title = {Automatic Grading of Programming Exercises Using Property-Based Testing},
 booktitle = {Proceedings of the 2016 ACM Conference on Innovation and Technology in Computer Science Education},
 series = {ITiCSE '16},
 year = {2016},
 isbn = {978-1-4503-4231-5},
 location = {Arequipa, Peru},
 pages = {47--52},
 numpages = {6},
 url = {http://doi.acm.org/10.1145/2899415.2899443},
 doi = {10.1145/2899415.2899443},
 acmid = {2899443},
 publisher = {ACM},
 address = {New York, NY, USA},
 keywords = {automated assessment, java, testing},
}

