@inproceedings{McGill:1996:SPD:236452.236512,
 author = {McGill, Tanya and Hobbs, Valerie},
 title = {A Supplementary Package for Distance Education Students Studying Introductory Programming},
 booktitle = {Proceedings of the Twenty-seventh SIGCSE Technical Symposium on Computer Science Education},
 series = {SIGCSE '96},
 year = {1996},
 isbn = {0-89791-757-X},
 location = {Philadelphia, Pennsylvania, USA},
 pages = {73--77},
 numpages = {5},
 url = {http://doi.acm.org/10.1145/236452.236512},
 doi = {10.1145/236452.236512},
 acmid = {236512},
 publisher = {ACM},
 address = {New York, NY, USA},
}

@article{McGill:1996:SPD:236462.236512,
 author = {McGill, Tanya and Hobbs, Valerie},
 title = {A Supplementary Package for Distance Education Students Studying Introductory Programming},
 journal = {SIGCSE Bull.},
 issue_date = {March 1996},
 volume = {28},
 number = {1},
 month = mar,
 year = {1996},
 issn = {0097-8418},
 pages = {73--77},
 numpages = {5},
 url = {http://doi.acm.org/10.1145/236462.236512},
 doi = {10.1145/236462.236512},
 acmid = {236512},
 publisher = {ACM},
 address = {New York, NY, USA},
}

@article{Scherz:1999:OPL:384267.305874,
 author = {Scherz, Zahava and Polak, Sarah},
 title = {An Organizer for Project-based Learning and Instruction in Computer Science},
 journal = {SIGCSE Bull.},
 issue_date = {Sept. 1999},
 volume = {31},
 number = {3},
 month = jun,
 year = {1999},
 issn = {0097-8418},
 pages = {88--90},
 numpages = {3},
 url = {http://doi.acm.org/10.1145/384267.305874},
 doi = {10.1145/384267.305874},
 acmid = {305874},
 publisher = {ACM},
 address = {New York, NY, USA},
 keywords = {computer science education in high school, logic programming, project based learning},
}

@inproceedings{Scherz:1999:OPL:305786.305874,
 author = {Scherz, Zahava and Polak, Sarah},
 title = {An Organizer for Project-based Learning and Instruction in Computer Science},
 booktitle = {Proceedings of the 4th Annual SIGCSE/SIGCUE ITiCSE Conference on Innovation and Technology in Computer Science Education},
 series = {ITiCSE '99},
 year = {1999},
 isbn = {1-58113-087-2},
 location = {Cracow, Poland},
 pages = {88--90},
 numpages = {3},
 url = {http://doi.acm.org/10.1145/305786.305874},
 doi = {10.1145/305786.305874},
 acmid = {305874},
 publisher = {ACM},
 address = {New York, NY, USA},
 keywords = {computer science education in high school, logic programming, project based learning},
}

@inproceedings{Rorrer:2018:NSU:3159450.3159510,
 author = {Rorrer, Audrey Smith and Allen, Joseph and Zuo, Huifang},
 title = {A National Study of Undergraduate Research Experiences in Computing: Implications for Culturally Relevant Pedagogy},
 booktitle = {Proceedings of the 49th ACM Technical Symposium on Computer Science Education},
 series = {SIGCSE '18},
 year = {2018},
 isbn = {978-1-4503-5103-4},
 location = {Baltimore, Maryland, USA},
 pages = {604--609},
 numpages = {6},
 url = {http://doi.acm.org/10.1145/3159450.3159510},
 doi = {10.1145/3159450.3159510},
 acmid = {3159510},
 publisher = {ACM},
 address = {New York, NY, USA},
 keywords = {computing education, culturally relevant pedagogy, gender, undergraduate research experiences, underrepresented minority},
}

@inproceedings{Leppan:2007:SCP:1292491.1292499,
 author = {Leppan, Ronald and Cilliers, Charmain and Taljaard, Marinda},
 title = {Supporting CS1 with a Program Beacon Recognition Tool},
 booktitle = {Proceedings of the 2007 Annual Research Conference of the South African Institute of Computer Scientists and Information Technologists on IT Research in Developing Countries},
 series = {SAICSIT '07},
 year = {2007},
 isbn = {978-1-59593-775-9},
 location = {Port Elizabeth, South Africa},
 pages = {66--75},
 numpages = {10},
 url = {http://doi.acm.org/10.1145/1292491.1292499},
 doi = {10.1145/1292491.1292499},
 acmid = {1292499},
 publisher = {ACM},
 address = {New York, NY, USA},
 keywords = {CS1, introductory programming, program beacons, program comprehension, program plans},
}

@inproceedings{Bell:2014:SWI:2538862.2538963,
 author = {Bell, Scott and Frey, Tim and Vasserman, Eugene},
 title = {Spreading the Word: Introducing Pre-service Teachers to Programming in the K12 Classroom},
 booktitle = {Proceedings of the 45th ACM Technical Symposium on Computer Science Education},
 series = {SIGCSE '14},
 year = {2014},
 isbn = {978-1-4503-2605-6},
 location = {Atlanta, Georgia, USA},
 pages = {187--192},
 numpages = {6},
 url = {http://doi.acm.org/10.1145/2538862.2538963},
 doi = {10.1145/2538862.2538963},
 acmid = {2538963},
 publisher = {ACM},
 address = {New York, NY, USA},
 keywords = {K-12, camp, outreach, pre-service teachers, programming, scratch},
}

@article{Kurhila:2015:PMA:2767124.2716314,
 author = {Kurhila, Jaakko and Vihavainen, Arto},
 title = {A Purposeful MOOC to Alleviate Insufficient CS Education in Finnish Schools},
 journal = {Trans. Comput. Educ.},
 issue_date = {May 2015},
 volume = {15},
 number = {2},
 month = apr,
 year = {2015},
 issn = {1946-6226},
 pages = {10:1--10:18},
 articleno = {10},
 numpages = {18},
 url = {http://doi.acm.org/10.1145/2716314},
 doi = {10.1145/2716314},
 acmid = {2716314},
 publisher = {ACM},
 address = {New York, NY, USA},
 keywords = {Entrance exam, high-performing students, open online course, programming education},
}

@article{Brown:1998:SPU:268092.268103,
 author = {Brown, David G. and Burg, Jennifer J. and Dominick, Jay L.},
 title = {A Strategic Plan for Ubiquitous Laptop Computing},
 journal = {Commun. ACM},
 issue_date = {Jan. 1998},
 volume = {41},
 number = {1},
 month = jan,
 year = {1998},
 issn = {0001-0782},
 pages = {26--35},
 numpages = {10},
 url = {http://doi.acm.org/10.1145/268092.268103},
 doi = {10.1145/268092.268103},
 acmid = {268103},
 publisher = {ACM},
 address = {New York, NY, USA},
}

@inproceedings{Ericson:2015:APP:2787622.2787740,
 author = {Ericson, Barbara J.},
 title = {Adaptive Parsons Problems with Discourse Rules},
 booktitle = {Proceedings of the Eleventh Annual International Conference on International Computing Education Research},
 series = {ICER '15},
 year = {2015},
 isbn = {978-1-4503-3630-7},
 location = {Omaha, Nebraska, USA},
 pages = {259--260},
 numpages = {2},
 url = {http://doi.acm.org/10.1145/2787622.2787740},
 doi = {10.1145/2787622.2787740},
 acmid = {2787740},
 publisher = {ACM},
 address = {New York, NY, USA},
 keywords = {learning programming, parsons problems},
}

@inproceedings{Crow:2018:ITS:3160489.3160492,
 author = {Crow, Tyne and Luxton-Reilly, Andrew and Wuensche, Burkhard},
 title = {Intelligent Tutoring Systems for Programming Education: A Systematic Review},
 booktitle = {Proceedings of the 20th Australasian Computing Education Conference},
 series = {ACE '18},
 year = {2018},
 isbn = {978-1-4503-6340-2},
 location = {Brisbane, Queensland, Australia},
 pages = {53--62},
 numpages = {10},
 url = {http://doi.acm.org/10.1145/3160489.3160492},
 doi = {10.1145/3160489.3160492},
 acmid = {3160492},
 publisher = {ACM},
 address = {New York, NY, USA},
 keywords = {computer science education, intelligent tutoring, novice programming, programming education},
}

@inproceedings{Virata:2019:PEC:3306500.3306574,
 author = {Virata, Rholeo O. and Javier, Cornelio B.},
 title = {Perceived Effects of Computer-aided Formative Assessments on Lesson Planning and Student Engagement},
 booktitle = {Proceedings of the 10th International Conference on E-Education, E-Business, E-Management and E-Learning},
 series = {IC4E '19},
 year = {2019},
 isbn = {978-1-4503-6602-1},
 location = {Tokyo, Japan},
 pages = {151--157},
 numpages = {7},
 url = {http://doi.acm.org/10.1145/3306500.3306574},
 doi = {10.1145/3306500.3306574},
 acmid = {3306574},
 publisher = {ACM},
 address = {New York, NY, USA},
 keywords = {assessment of learning, classroom technology, computer-aided formative assessments, science education},
}

@inproceedings{Rivers:2016:LCA:2960310.2960333,
 author = {Rivers, Kelly and Harpstead, Erik and Koedinger, Ken},
 title = {Learning Curve Analysis for Programming: Which Concepts Do Students Struggle With?},
 booktitle = {Proceedings of the 2016 ACM Conference on International Computing Education Research},
 series = {ICER '16},
 year = {2016},
 isbn = {978-1-4503-4449-4},
 location = {Melbourne, VIC, Australia},
 pages = {143--151},
 numpages = {9},
 url = {http://doi.acm.org/10.1145/2960310.2960333},
 doi = {10.1145/2960310.2960333},
 acmid = {2960333},
 publisher = {ACM},
 address = {New York, NY, USA},
 keywords = {educational data mining, knowledge components, learning curve analysis, programming syntax},
}

@inproceedings{Goda:2012:DMP:2380552.2380557,
 author = {Goda, Bryan S. and Friedman, Robert},
 title = {Designing a Masters Program in Cybersecurity and Leadership},
 booktitle = {Proceedings of the 13th Annual Conference on Information Technology Education},
 series = {SIGITE '12},
 year = {2012},
 isbn = {978-1-4503-1464-0},
 location = {Calgary, Alberta, Canada},
 pages = {9--12},
 numpages = {4},
 url = {http://doi.acm.org/10.1145/2380552.2380557},
 doi = {10.1145/2380552.2380557},
 acmid = {2380557},
 publisher = {ACM},
 address = {New York, NY, USA},
 keywords = {cybersecurity, information technology education},
}

@article{Lane:2003:CPP:792548.611955,
 author = {Lane, H. Chad and VanLehn, Kurt},
 title = {Coached Program Planning: Dialogue-based Support for Novice Program Design},
 journal = {SIGCSE Bull.},
 issue_date = {January 2003},
 volume = {35},
 number = {1},
 month = jan,
 year = {2003},
 issn = {0097-8418},
 pages = {148--152},
 numpages = {5},
 url = {http://doi.acm.org/10.1145/792548.611955},
 doi = {10.1145/792548.611955},
 acmid = {611955},
 publisher = {ACM},
 address = {New York, NY, USA},
 keywords = {coached program planning, dialogue systems, intelligent tutoring systems, novice programming, structured programming},
}

@inproceedings{Lane:2003:CPP:611892.611955,
 author = {Lane, H. Chad and VanLehn, Kurt},
 title = {Coached Program Planning: Dialogue-based Support for Novice Program Design},
 booktitle = {Proceedings of the 34th SIGCSE Technical Symposium on Computer Science Education},
 series = {SIGCSE '03},
 year = {2003},
 isbn = {1-58113-648-X},
 location = {Reno, Navada, USA},
 pages = {148--152},
 numpages = {5},
 url = {http://doi.acm.org/10.1145/611892.611955},
 doi = {10.1145/611892.611955},
 acmid = {611955},
 publisher = {ACM},
 address = {New York, NY, USA},
 keywords = {coached program planning, dialogue systems, intelligent tutoring systems, novice programming, structured programming},
}

@article{Boyer:2008:DED:1597849.1384315,
 author = {Boyer, Kristy Elizabeth and Dwight, August A. and Fondren, R. Taylor and Vouk, Mladen A. and Lester, James C.},
 title = {A Development Environment for Distributed Synchronous Collaborative Programming},
 journal = {SIGCSE Bull.},
 issue_date = {September 2008},
 volume = {40},
 number = {3},
 month = jun,
 year = {2008},
 issn = {0097-8418},
 pages = {158--162},
 numpages = {5},
 url = {http://doi.acm.org/10.1145/1597849.1384315},
 doi = {10.1145/1597849.1384315},
 acmid = {1384315},
 publisher = {ACM},
 address = {New York, NY, USA},
 keywords = {distance learning, distributed collaboration, distributed pair programming, distributed tutoring, laboratory/active learning, programming environments},
}

@inproceedings{Boyer:2008:DED:1384271.1384315,
 author = {Boyer, Kristy Elizabeth and Dwight, August A. and Fondren, R. Taylor and Vouk, Mladen A. and Lester, James C.},
 title = {A Development Environment for Distributed Synchronous Collaborative Programming},
 booktitle = {Proceedings of the 13th Annual Conference on Innovation and Technology in Computer Science Education},
 series = {ITiCSE '08},
 year = {2008},
 isbn = {978-1-60558-078-4},
 location = {Madrid, Spain},
 pages = {158--162},
 numpages = {5},
 url = {http://doi.acm.org/10.1145/1384271.1384315},
 doi = {10.1145/1384271.1384315},
 acmid = {1384315},
 publisher = {ACM},
 address = {New York, NY, USA},
 keywords = {distance learning, distributed collaboration, distributed pair programming, distributed tutoring, laboratory/active learning, programming environments},
}

@article{Chen:2005:IPF:1151954.1067477,
 author = {Chen, Stephen and Morris, Stephen},
 title = {Iconic Programming for Flowcharts, Java, Turing, etc},
 journal = {SIGCSE Bull.},
 issue_date = {September 2005},
 volume = {37},
 number = {3},
 month = jun,
 year = {2005},
 issn = {0097-8418},
 pages = {104--107},
 numpages = {4},
 url = {http://doi.acm.org/10.1145/1151954.1067477},
 doi = {10.1145/1151954.1067477},
 acmid = {1067477},
 publisher = {ACM},
 address = {New York, NY, USA},
 keywords = {CS0, CS1, high school programming, non-majors, visualization tools},
}

@inproceedings{Chen:2005:IPF:1067445.1067477,
 author = {Chen, Stephen and Morris, Stephen},
 title = {Iconic Programming for Flowcharts, Java, Turing, etc},
 booktitle = {Proceedings of the 10th Annual SIGCSE Conference on Innovation and Technology in Computer Science Education},
 series = {ITiCSE '05},
 year = {2005},
 isbn = {1-59593-024-8},
 location = {Caparica, Portugal},
 pages = {104--107},
 numpages = {4},
 url = {http://doi.acm.org/10.1145/1067445.1067477},
 doi = {10.1145/1067445.1067477},
 acmid = {1067477},
 publisher = {ACM},
 address = {New York, NY, USA},
 keywords = {CS0, CS1, high school programming, non-majors, visualization tools},
}

@inproceedings{Ericson:2014:APP:2632320.2632324,
 author = {Ericson, Barbara J.},
 title = {Adaptive Parsons Problems with Discourse Rules},
 booktitle = {Proceedings of the Tenth Annual Conference on International Computing Education Research},
 series = {ICER '14},
 year = {2014},
 isbn = {978-1-4503-2755-8},
 location = {Glasgow, Scotland, United Kingdom},
 pages = {145--146},
 numpages = {2},
 url = {http://doi.acm.org/10.1145/2632320.2632324},
 doi = {10.1145/2632320.2632324},
 acmid = {2632324},
 publisher = {ACM},
 address = {New York, NY, USA},
 keywords = {learning programming, parsons problems},
}

@article{Entin:2009:CCL:1599450.1599451,
 author = {Entin, Eileen B. and Sidman, Jason and Neal Gualtieri, Lisa},
 title = {Computer-Supported Collaborative Learning: Best Practices and Principles for Instructors: Development of Online Distributed Training: Practical Considerations and Lessons Learned},
 journal = {eLearn},
 issue_date = {September 2009},
 volume = {2009},
 number = {9},
 month = sep,
 year = {2009},
 issn = {1535-394X},
 articleno = {1},
 url = {http://doi.acm.org/10.1145/1599450.1599451},
 doi = {10.1145/1599450.1599451},
 acmid = {1599451},
 publisher = {ACM},
 address = {New York, NY, USA},
}

@article{Randolph:2007:PEP:1345375.1345435,
 author = {Randolph, Justus J.},
 title = {Planning and Evaluating Programs in Computer Science Education},
 journal = {SIGCSE Bull.},
 issue_date = {December 2007},
 volume = {39},
 number = {4},
 month = dec,
 year = {2007},
 issn = {0097-8418},
 pages = {131--131},
 numpages = {1},
 url = {http://doi.acm.org/10.1145/1345375.1345435},
 doi = {10.1145/1345375.1345435},
 acmid = {1345435},
 publisher = {ACM},
 address = {New York, NY, USA},
 keywords = {computer science education, evaluation models, participatory research, program evaluation, program planning},
}

@inproceedings{Chen:2018:DPF:3178158.3178196,
 author = {Chen, Yu-Yang and Chan, Tai-Lun and Wang, Mong-Te},
 title = {Differentiating Physical Fitness Training for Students by Applying LGRA Analysis},
 booktitle = {Proceedings of the 6th International Conference on Information and Education Technology},
 series = {ICIET '18},
 year = {2018},
 isbn = {978-1-4503-5359-5},
 location = {Osaka, Japan},
 pages = {48--51},
 numpages = {4},
 url = {http://doi.acm.org/10.1145/3178158.3178196},
 doi = {10.1145/3178158.3178196},
 acmid = {3178196},
 publisher = {ACM},
 address = {New York, NY, USA},
 keywords = {local gray relational analysis (LGRA), obesity, physical fitness, remedial teaching},
}

@article{Cook:1977:AIC:382175.803428,
 author = {Cook, Robert N.},
 title = {An Approach to the Introductory Computer Science Course for Non-majors},
 journal = {SIGCSE Bull.},
 issue_date = {Aug 1977},
 volume = {9},
 number = {3},
 month = feb,
 year = {1977},
 issn = {0097-8418},
 pages = {30--33},
 numpages = {4},
 url = {http://doi.acm.org/10.1145/382175.803428},
 doi = {10.1145/382175.803428},
 acmid = {803428},
 publisher = {ACM},
 address = {New York, NY, USA},
}

@inproceedings{Cook:1977:AIC:800106.803428,
 author = {Cook, Robert N.},
 title = {An Approach to the Introductory Computer Science Course for Non-majors},
 booktitle = {Proceedings of the Eighth SIGCSE Technical Symposium on Computer Science Education},
 series = {SIGCSE '77},
 year = {1977},
 pages = {30--33},
 numpages = {4},
 url = {http://doi.acm.org/10.1145/800106.803428},
 doi = {10.1145/800106.803428},
 acmid = {803428},
 publisher = {ACM},
 address = {New York, NY, USA},
}

@inproceedings{Kasurinen:2013:CSS:2526968.2526972,
 author = {Kasurinen, Jussi and Mirzaeifar, Saeed and Nikula, Uolevi},
 title = {Computer Science Students Making Games: A Study on Skill Gaps and Requirement},
 booktitle = {Proceedings of the 13th Koli Calling International Conference on Computing Education Research},
 series = {Koli Calling '13},
 year = {2013},
 isbn = {978-1-4503-2482-3},
 location = {Koli, Finland},
 pages = {33--41},
 numpages = {9},
 url = {http://doi.acm.org/10.1145/2526968.2526972},
 doi = {10.1145/2526968.2526972},
 acmid = {2526972},
 publisher = {ACM},
 address = {New York, NY, USA},
 keywords = {computer science, game development, knowledge gap, qualitative study},
}

@inproceedings{Carbone:2009:EIF:1862712.1862721,
 author = {Carbone, Angela and Hurst, John and Mitchell, Ian and Gunstone, Dick},
 title = {An Exploration of Internal Factors Influencing Student Learning of Programming},
 booktitle = {Proceedings of the Eleventh Australasian Conference on Computing Education - Volume 95},
 series = {ACE '09},
 year = {2009},
 isbn = {978-1-920682-76-7},
 location = {Wellington, New Zealand},
 pages = {25--34},
 numpages = {10},
 url = {http://dl.acm.org/citation.cfm?id=1862712.1862721},
 acmid = {1862721},
 publisher = {Australian Computer Society, Inc.},
 address = {Darlinghurst, Australia, Australia},
}

@inproceedings{Kollmansberger:2010:HSB:1822090.1822127,
 author = {Kollmansberger, Steven},
 title = {Helping Students Build a Mental Model of Computation},
 booktitle = {Proceedings of the Fifteenth Annual Conference on Innovation and Technology in Computer Science Education},
 series = {ITiCSE '10},
 year = {2010},
 isbn = {978-1-60558-820-9},
 location = {Bilkent, Ankara, Turkey},
 pages = {128--131},
 numpages = {4},
 url = {http://doi.acm.org/10.1145/1822090.1822127},
 doi = {10.1145/1822090.1822127},
 acmid = {1822127},
 publisher = {ACM},
 address = {New York, NY, USA},
 keywords = {active learning, online tutoring, program tracing},
}

@article{Kasurinen:2009:EPK:1595496.1562972,
 author = {Kasurinen, Jussi and Nikula, Uolevi},
 title = {Estimating Programming Knowledge with Bayesian Knowledge Tracing},
 journal = {SIGCSE Bull.},
 issue_date = {September 2009},
 volume = {41},
 number = {3},
 month = jul,
 year = {2009},
 issn = {0097-8418},
 pages = {313--317},
 numpages = {5},
 url = {http://doi.acm.org/10.1145/1595496.1562972},
 doi = {10.1145/1595496.1562972},
 acmid = {1562972},
 publisher = {ACM},
 address = {New York, NY, USA},
 keywords = {error analysis, knowledge tracing, programming knowledge},
}

@inproceedings{Kasurinen:2009:EPK:1562877.1562972,
 author = {Kasurinen, Jussi and Nikula, Uolevi},
 title = {Estimating Programming Knowledge with Bayesian Knowledge Tracing},
 booktitle = {Proceedings of the 14th Annual ACM SIGCSE Conference on Innovation and Technology in Computer Science Education},
 series = {ITiCSE '09},
 year = {2009},
 isbn = {978-1-60558-381-5},
 location = {Paris, France},
 pages = {313--317},
 numpages = {5},
 url = {http://doi.acm.org/10.1145/1562877.1562972},
 doi = {10.1145/1562877.1562972},
 acmid = {1562972},
 publisher = {ACM},
 address = {New York, NY, USA},
 keywords = {error analysis, knowledge tracing, programming knowledge},
}

@article{Watson:2012:RSS:2398834.2398836,
 author = {Watson, Hugh J.},
 title = {Reflections from a Senior Scholar: Creating and Sustaining a MIS Advisory Board},
 journal = {SIGMIS Database},
 issue_date = {November 2012},
 volume = {43},
 number = {4},
 month = nov,
 year = {2012},
 issn = {0095-0033},
 pages = {8--11},
 numpages = {4},
 url = {http://doi.acm.org/10.1145/2398834.2398836},
 doi = {10.1145/2398834.2398836},
 acmid = {2398836},
 publisher = {ACM},
 address = {New York, NY, USA},
 keywords = {advisory boards, university of georgia},
}

@inproceedings{Gray:2007:SGE:1288580.1288594,
 author = {Gray, Simon and St. Clair, Caroline and James, Richard and Mead, Jerry},
 title = {Suggestions for Graduated Exposure to Programming Concepts Using Fading Worked Examples},
 booktitle = {Proceedings of the Third International Workshop on Computing Education Research},
 series = {ICER '07},
 year = {2007},
 isbn = {978-1-59593-841-1},
 location = {Atlanta, Georgia, USA},
 pages = {99--110},
 numpages = {12},
 url = {http://doi.acm.org/10.1145/1288580.1288594},
 doi = {10.1145/1288580.1288594},
 acmid = {1288594},
 publisher = {ACM},
 address = {New York, NY, USA},
 keywords = {cognitive load theory, fading worked examples},
}

@inproceedings{Ocumpaugh:2017:GCR:3027385.3027435,
 author = {Ocumpaugh, Jaclyn and Baker, Ryan S. and San Pedro, Maria O. C. Z. and Hawn, M. Aaron and Heffernan, Cristina and Heffernan, Neil and Slater, Stefan A.},
 title = {Guidance Counselor Reports of the ASSISTments College Prediction Model (ACPM)},
 booktitle = {Proceedings of the Seventh International Learning Analytics \&\#38; Knowledge Conference},
 series = {LAK '17},
 year = {2017},
 isbn = {978-1-4503-4870-6},
 location = {Vancouver, British Columbia, Canada},
 pages = {479--488},
 numpages = {10},
 url = {http://doi.acm.org/10.1145/3027385.3027435},
 doi = {10.1145/3027385.3027435},
 acmid = {3027435},
 publisher = {ACM},
 address = {New York, NY, USA},
 keywords = {college attendance, guidance counselors, intelligent tutoring systems, predictive analytics, stakeholder reports, student engagement},
}

@article{Lane:2005:ISA:1047124.1047471,
 author = {Lane, H. Chad and VanLehn, Kurt},
 title = {Intention-based Scoring: An Approach to Measuring Success at Solving the Composition Problem},
 journal = {SIGCSE Bull.},
 issue_date = {2005},
 volume = {37},
 number = {1},
 month = feb,
 year = {2005},
 issn = {0097-8418},
 pages = {373--377},
 numpages = {5},
 url = {http://doi.acm.org/10.1145/1047124.1047471},
 doi = {10.1145/1047124.1047471},
 acmid = {1047471},
 publisher = {ACM},
 address = {New York, NY, USA},
 keywords = {intelligent tutoring systems, intention-based scoring, novice programming, online protocols, structured programming},
}

@inproceedings{Lane:2005:ISA:1047344.1047471,
 author = {Lane, H. Chad and VanLehn, Kurt},
 title = {Intention-based Scoring: An Approach to Measuring Success at Solving the Composition Problem},
 booktitle = {Proceedings of the 36th SIGCSE Technical Symposium on Computer Science Education},
 series = {SIGCSE '05},
 year = {2005},
 isbn = {1-58113-997-7},
 location = {St. Louis, Missouri, USA},
 pages = {373--377},
 numpages = {5},
 url = {http://doi.acm.org/10.1145/1047344.1047471},
 doi = {10.1145/1047344.1047471},
 acmid = {1047471},
 publisher = {ACM},
 address = {New York, NY, USA},
 keywords = {intelligent tutoring systems, intention-based scoring, novice programming, online protocols, structured programming},
}

@inproceedings{Moudgalya:2019:CSE:3287324.3287365,
 author = {Moudgalya, Sukanya Kannan and Rich, Kathryn M. and Yadav, Aman and Koehler, Matthew J.},
 title = {Computer Science Educators Stack Exchange: Perceptions of Equity and Gender Diversity in Computer Science},
 booktitle = {Proceedings of the 50th ACM Technical Symposium on Computer Science Education},
 series = {SIGCSE '19},
 year = {2019},
 isbn = {978-1-4503-5890-3},
 location = {Minneapolis, MN, USA},
 pages = {1197--1203},
 numpages = {7},
 url = {http://doi.acm.org/10.1145/3287324.3287365},
 doi = {10.1145/3287324.3287365},
 acmid = {3287365},
 publisher = {ACM},
 address = {New York, NY, USA},
 keywords = {computer science education, discussion forums, educator perceptions, equity, gender diversity},
}

@inproceedings{Thompson:2013:ANC:2532748.2532759,
 author = {Thompson, David and Bell, Tim},
 title = {Adoption of New Computer Science High School Standards by New Zealand Teachers},
 booktitle = {Proceedings of the 8th Workshop in Primary and Secondary Computing Education},
 series = {WiPSE '13},
 year = {2013},
 isbn = {978-1-4503-2455-7},
 location = {Aarhus, Denmark},
 pages = {87--90},
 numpages = {4},
 url = {http://doi.acm.org/10.1145/2532748.2532759},
 doi = {10.1145/2532748.2532759},
 acmid = {2532759},
 publisher = {ACM},
 address = {New York, NY, USA},
 keywords = {assessment, computer science education, teachers},
}

@inproceedings{Bell:2012:ICS:2481449.2481454,
 author = {Bell, Tim and Newton, Heidi and Andreae, Peter and Robins, Anthony},
 title = {The Introduction of Computer Science to NZ High Schools: An Analysis of Student Work},
 booktitle = {Proceedings of the 7th Workshop in Primary and Secondary Computing Education},
 series = {WiPSCE '12},
 year = {2012},
 isbn = {978-1-4503-1787-0},
 location = {Hamburg, Germany},
 pages = {5--15},
 numpages = {11},
 url = {http://doi.acm.org/10.1145/2481449.2481454},
 doi = {10.1145/2481449.2481454},
 acmid = {2481454},
 publisher = {ACM},
 address = {New York, NY, USA},
 keywords = {algorithms, computer science education, high school, programming languages, report-based assessment, usability},
}

@inproceedings{Byckling:2006:RAM:1151588.1151602,
 author = {Byckling, Pauli and Sajaniemi, Jorma},
 title = {A Role-based Analysis Model for the Evaluation of Novices' Programming Knowledge Development},
 booktitle = {Proceedings of the Second International Workshop on Computing Education Research},
 series = {ICER '06},
 year = {2006},
 isbn = {1-59593-494-4},
 location = {Canterbury, United Kingdom},
 pages = {85--96},
 numpages = {12},
 url = {http://doi.acm.org/10.1145/1151588.1151602},
 doi = {10.1145/1151588.1151602},
 acmid = {1151602},
 publisher = {ACM},
 address = {New York, NY, USA},
 keywords = {mental models, programming education, programming knowledge, roles of variables},
}

@inproceedings{Karavirta:2012:MLA:2401796.2401798,
 author = {Karavirta, Ville and Helminen, Juha and Ihantola, Petri},
 title = {A Mobile Learning Application for Parsons Problems with Automatic Feedback},
 booktitle = {Proceedings of the 12th Koli Calling International Conference on Computing Education Research},
 series = {Koli Calling '12},
 year = {2012},
 isbn = {978-1-4503-1795-5},
 location = {Koli, Finland},
 pages = {11--18},
 numpages = {8},
 url = {http://doi.acm.org/10.1145/2401796.2401798},
 doi = {10.1145/2401796.2401798},
 acmid = {2401798},
 publisher = {ACM},
 address = {New York, NY, USA},
 keywords = {Parsons problem, Parsons puzzle, Python, mLearning, mobile learning},
}

@article{Taylor:1988:RPT:52965.53017,
 author = {Taylor, Harriet G. and Norris, Cathleen A.},
 title = {Retraining Pre-college Teachers: A Survey of State Computing Coordinators},
 journal = {SIGCSE Bull.},
 issue_date = {Feb. 1988},
 volume = {20},
 number = {1},
 month = feb,
 year = {1988},
 issn = {0097-8418},
 pages = {215--218},
 numpages = {4},
 url = {http://doi.acm.org/10.1145/52965.53017},
 doi = {10.1145/52965.53017},
 acmid = {53017},
 publisher = {ACM},
 address = {New York, NY, USA},
}

@inproceedings{Taylor:1988:RPT:52964.53017,
 author = {Taylor, Harriet G. and Norris, Cathleen A.},
 title = {Retraining Pre-college Teachers: A Survey of State Computing Coordinators},
 booktitle = {Proceedings of the Nineteenth SIGCSE Technical Symposium on Computer Science Education},
 series = {SIGCSE '88},
 year = {1988},
 isbn = {0-89791-256-X},
 location = {Atlanta, Georgia, USA},
 pages = {215--218},
 numpages = {4},
 url = {http://doi.acm.org/10.1145/52964.53017},
 doi = {10.1145/52964.53017},
 acmid = {53017},
 publisher = {ACM},
 address = {New York, NY, USA},
}

@inproceedings{Jin:2011:ECA:1953163.1953254,
 author = {Jin, Wei and Corbett, Albert},
 title = {Effectiveness of Cognitive Apprenticeship Learning (CAL) and Cognitive Tutors (CT) for Problem Solving Using Fundamental Programming Concepts},
 booktitle = {Proceedings of the 42Nd ACM Technical Symposium on Computer Science Education},
 series = {SIGCSE '11},
 year = {2011},
 isbn = {978-1-4503-0500-6},
 location = {Dallas, TX, USA},
 pages = {305--310},
 numpages = {6},
 url = {http://doi.acm.org/10.1145/1953163.1953254},
 doi = {10.1145/1953163.1953254},
 acmid = {1953254},
 publisher = {ACM},
 address = {New York, NY, USA},
 keywords = {CS1, cognitive apprenticeship learning, cognitive tutors, introduction to programming, pedagogy, scaffolding},
}

@inproceedings{Garcia:2018:SDP:3279720.3279746,
 author = {Garcia, Rita and Falkner, Katrina and Vivian, Rebecca},
 title = {Scaffolding the Design Process Using Parsons Problems},
 booktitle = {Proceedings of the 18th Koli Calling International Conference on Computing Education Research},
 series = {Koli Calling '18},
 year = {2018},
 isbn = {978-1-4503-6535-2},
 location = {Koli, Finland},
 pages = {26:1--26:2},
 articleno = {26},
 numpages = {2},
 url = {http://doi.acm.org/10.1145/3279720.3279746},
 doi = {10.1145/3279720.3279746},
 acmid = {3279746},
 publisher = {ACM},
 address = {New York, NY, USA},
 keywords = {Parsons Problems, design, scaffolding},
}

@article{Byckling:2006:RVP:1124706.1121470,
 author = {Byckling, Pauli and Sajaniemi, Jorma},
 title = {Roles of Variables and Programming Skills Improvement},
 journal = {SIGCSE Bull.},
 issue_date = {March 2006},
 volume = {38},
 number = {1},
 month = mar,
 year = {2006},
 issn = {0097-8418},
 pages = {413--417},
 numpages = {5},
 url = {http://doi.acm.org/10.1145/1124706.1121470},
 doi = {10.1145/1124706.1121470},
 acmid = {1121470},
 publisher = {ACM},
 address = {New York, NY, USA},
 keywords = {computer science education, roles of variables},
}

@inproceedings{Byckling:2006:RVP:1121341.1121470,
 author = {Byckling, Pauli and Sajaniemi, Jorma},
 title = {Roles of Variables and Programming Skills Improvement},
 booktitle = {Proceedings of the 37th SIGCSE Technical Symposium on Computer Science Education},
 series = {SIGCSE '06},
 year = {2006},
 isbn = {1-59593-259-3},
 location = {Houston, Texas, USA},
 pages = {413--417},
 numpages = {5},
 url = {http://doi.acm.org/10.1145/1121341.1121470},
 doi = {10.1145/1121341.1121470},
 acmid = {1121470},
 publisher = {ACM},
 address = {New York, NY, USA},
 keywords = {computer science education, roles of variables},
}

@inproceedings{Castro:2016:IBD:2839509.2844574,
 author = {Castro, Francisco Enrique Vicente and Fisler, Kathi},
 title = {On the Interplay Between Bottom-Up and Datatype-Driven Program Design},
 booktitle = {Proceedings of the 47th ACM Technical Symposium on Computing Science Education},
 series = {SIGCSE '16},
 year = {2016},
 isbn = {978-1-4503-3685-7},
 location = {Memphis, Tennessee, USA},
 pages = {205--210},
 numpages = {6},
 url = {http://doi.acm.org/10.1145/2839509.2844574},
 doi = {10.1145/2839509.2844574},
 acmid = {2844574},
 publisher = {ACM},
 address = {New York, NY, USA},
 keywords = {models of code development, novice programmers, plan composition},
}

@inproceedings{Sabin:2015:AIT:2808006.2808013,
 author = {Sabin, Mihaela and Alrumaih, Hala and Impagliazzo, John and Lunt, Barry M. and Tang, Cara and Zhang, Ming},
 title = {ACM/IEEE-CS Information Technology Curriculum 2017: A Status Update},
 booktitle = {Proceedings of the 16th Annual Conference on Information Technology Education},
 series = {SIGITE '15},
 year = {2015},
 isbn = {978-1-4503-3835-6},
 location = {Chicago, Illinois, USA},
 pages = {75--76},
 numpages = {2},
 url = {http://doi.acm.org/10.1145/2808006.2808013},
 doi = {10.1145/2808006.2808013},
 acmid = {2808013},
 publisher = {ACM},
 address = {New York, NY, USA},
 keywords = {computing curriculait2017; it2008, information technology education},
}

@article{Frand:1990:SAU:78607.78615,
 author = {Frand, Jason L. and Britt, Julia A.},
 title = {Sixth Annual UCLA Survey of Business School Computer Usage},
 journal = {Commun. ACM},
 issue_date = {May 1990},
 volume = {33},
 number = {5},
 month = may,
 year = {1990},
 issn = {0001-0782},
 pages = {544--562},
 numpages = {19},
 url = {http://doi.acm.org/10.1145/78607.78615},
 doi = {10.1145/78607.78615},
 acmid = {78615},
 publisher = {ACM},
 address = {New York, NY, USA},
 keywords = {computing environments},
}

@inproceedings{Schulte:2010:IPC:1971681.1971687,
 author = {Schulte, Carsten and Clear, Tony and Taherkhani, Ahmad and Busjahn, Teresa and Paterson, James H.},
 title = {An Introduction to Program Comprehension for Computer Science Educators},
 booktitle = {Proceedings of the 2010 ITiCSE Working Group Reports},
 series = {ITiCSE-WGR '10},
 year = {2010},
 isbn = {978-1-4503-0677-5},
 location = {Ankara, Turkey},
 pages = {65--86},
 numpages = {22},
 url = {http://doi.acm.org/10.1145/1971681.1971687},
 doi = {10.1145/1971681.1971687},
 acmid = {1971687},
 publisher = {ACM},
 address = {New York, NY, USA},
 keywords = {CS ed research, pedagogy, program comprehension},
}

@article{Frand:1989:FAU:63238.63242,
 author = {Frand, Jason L. and Britt, Julia A.},
 title = {Fifth Annual UCLA Survey of Business School Computer Usage},
 journal = {Commun. ACM},
 issue_date = {Jan. 1989},
 volume = {32},
 number = {1},
 month = jan,
 year = {1989},
 issn = {0001-0782},
 pages = {62--76},
 numpages = {15},
 url = {http://doi.acm.org/10.1145/63238.63242},
 doi = {10.1145/63238.63242},
 acmid = {63242},
 publisher = {ACM},
 address = {New York, NY, USA},
}

@inproceedings{Eranki:2016:PST:2978192.2978215,
 author = {Eranki, Kiran L.N and Moudgalya, Kannan M.},
 title = {Program Slicing Technique: A Novel Approach to Improve Programming Skills in Novice Learners},
 booktitle = {Proceedings of the 17th Annual Conference on Information Technology Education},
 series = {SIGITE '16},
 year = {2016},
 isbn = {978-1-4503-4452-4},
 location = {Boston, Massachusetts, USA},
 pages = {160--165},
 numpages = {6},
 url = {http://doi.acm.org/10.1145/2978192.2978215},
 doi = {10.1145/2978192.2978215},
 acmid = {2978215},
 publisher = {ACM},
 address = {New York, NY, USA},
 keywords = {comprehension, debugging, program slicing technique, programming ability, self-learning, spoken-tutorials},
}

@article{Jin:2008:PAT:1352322.1352231,
 author = {Jin, Wei},
 title = {Pre-programming Analysis Tutors Help Students Learn Basic Programming Concepts},
 journal = {SIGCSE Bull.},
 issue_date = {March 2008},
 volume = {40},
 number = {1},
 month = mar,
 year = {2008},
 issn = {0097-8418},
 pages = {276--280},
 numpages = {5},
 url = {http://doi.acm.org/10.1145/1352322.1352231},
 doi = {10.1145/1352322.1352231},
 acmid = {1352231},
 publisher = {ACM},
 address = {New York, NY, USA},
 keywords = {CS1, active learning, cognitive tutors, curriculum development, introduction to programming, pedagogy, scaffolding},
}

@inproceedings{Jin:2008:PAT:1352135.1352231,
 author = {Jin, Wei},
 title = {Pre-programming Analysis Tutors Help Students Learn Basic Programming Concepts},
 booktitle = {Proceedings of the 39th SIGCSE Technical Symposium on Computer Science Education},
 series = {SIGCSE '08},
 year = {2008},
 isbn = {978-1-59593-799-5},
 location = {Portland, OR, USA},
 pages = {276--280},
 numpages = {5},
 url = {http://doi.acm.org/10.1145/1352135.1352231},
 doi = {10.1145/1352135.1352231},
 acmid = {1352231},
 publisher = {ACM},
 address = {New York, NY, USA},
 keywords = {CS1, active learning, cognitive tutors, curriculum development, introduction to programming, pedagogy, scaffolding},
}

@inproceedings{Jin:2011:CPT:2016911.2016933,
 author = {Jin, Wei and Corbett, Albert},
 title = {CAL Programming Tutors That Guide Students in Solving Problems and Help Students Building Skills.},
 booktitle = {Proceedings of the Seventh International Workshop on Computing Education Research},
 series = {ICER '11},
 year = {2011},
 isbn = {978-1-4503-0829-8},
 location = {Providence, Rhode Island, USA},
 pages = {101--108},
 numpages = {8},
 url = {http://doi.acm.org/10.1145/2016911.2016933},
 doi = {10.1145/2016911.2016933},
 acmid = {2016933},
 publisher = {ACM},
 address = {New York, NY, USA},
 keywords = {cognitive apprenticeship learning, cognitive tutors, cs1, introduction to programming, pedagogy, scaffolding},
}

@inproceedings{Fisler:2017:SRA:3105726.3106183,
 author = {Fisler, Kathi and Castro, Francisco Enrique Vicente},
 title = {Sometimes, Rainfall Accumulates: Talk-Alouds with Novice Functional Programmers},
 booktitle = {Proceedings of the 2017 ACM Conference on International Computing Education Research},
 series = {ICER '17},
 year = {2017},
 isbn = {978-1-4503-4968-0},
 location = {Tacoma, Washington, USA},
 pages = {12--20},
 numpages = {9},
 url = {http://doi.acm.org/10.1145/3105726.3106183},
 doi = {10.1145/3105726.3106183},
 acmid = {3106183},
 publisher = {ACM},
 address = {New York, NY, USA},
 keywords = {functional programming, program schemas, rainfall},
}

@inproceedings{Stutman:1972:UEM:800193.805835,
 author = {Stutman, Joel and Tannenbaum, Robert S.},
 title = {The Undergraduate Education of Medical Computer Scientists},
 booktitle = {Proceedings of the ACM Annual Conference - Volume 1},
 series = {ACM '72},
 year = {1972},
 location = {Boston, Massachusetts, USA},
 pages = {167--172},
 numpages = {6},
 url = {http://doi.acm.org/10.1145/800193.805835},
 doi = {10.1145/800193.805835},
 acmid = {805835},
 publisher = {ACM},
 address = {New York, NY, USA},
 keywords = {Biomedical computer curricula, Biomedical computing, Computer science curricula, Education of biomedical programmers, Education of health science programmers, Education of medical computer scientists, Health science computer applications, Medical computer applications, Medical computer science, Medical computer science education, Medical data processing, Undergraduate computer science education, Undergraduate curricula},
}

@inproceedings{Cunningham:2019:NRS:3304221.3319788,
 author = {Cunningham, Kathryn and Ke, Shannon and Guzdial, Mark and Ericson, Barbara},
 title = {Novice Rationales for Sketching and Tracing, and How They Try to Avoid It},
 booktitle = {Proceedings of the 2019 ACM Conference on Innovation and Technology in Computer Science Education},
 series = {ITiCSE '19},
 year = {2019},
 isbn = {978-1-4503-6301-3},
 location = {Aberdeen, Scotland Uk},
 pages = {37--43},
 numpages = {7},
 url = {http://doi.acm.org/10.1145/3304221.3319788},
 doi = {10.1145/3304221.3319788},
 acmid = {3319788},
 publisher = {ACM},
 address = {New York, NY, USA},
 keywords = {cs1, external cognition, notional machine, novice programmers, program visualization, sketching, tracing},
}

@inproceedings{Kumar:2014:DGP:2656450.2656453,
 author = {Kumar, Sathish Alampalayam},
 title = {Designing a Graduate Program in Information Security and Analytics: Masters Program in Information Security and Analytics (MISA)},
 booktitle = {Proceedings of the 15th Annual Conference on Information Technology Education},
 series = {SIGITE '14},
 year = {2014},
 isbn = {978-1-4503-2686-5},
 location = {Atlanta, Georgia, USA},
 pages = {141--146},
 numpages = {6},
 url = {http://doi.acm.org/10.1145/2656450.2656453},
 doi = {10.1145/2656450.2656453},
 acmid = {2656453},
 publisher = {ACM},
 address = {New York, NY, USA},
 keywords = {analytics, cybersecurity, information technology education},
}

@inproceedings{Tang:2018:CSC:3159450.3159536,
 author = {Tang, Cara and Tucker, Cindy and Servin, Christian and Geissler, Markus},
 title = {Computer Science Curricular Guidance for Associate-Degree Transfer Programs},
 booktitle = {Proceedings of the 49th ACM Technical Symposium on Computer Science Education},
 series = {SIGCSE '18},
 year = {2018},
 isbn = {978-1-4503-5103-4},
 location = {Baltimore, Maryland, USA},
 pages = {435--440},
 numpages = {6},
 url = {http://doi.acm.org/10.1145/3159450.3159536},
 doi = {10.1145/3159450.3159536},
 acmid = {3159536},
 publisher = {ACM},
 address = {New York, NY, USA},
 keywords = {CS2013, community college, computer science education, cstransfer2017, curriculum guidelines, transfer programs, two-year college},
}

@article{Chmura:1998:ANS:306286.306316,
 author = {Chmura, Gail A.},
 title = {What Abilities Are Necessary for Success in Computer Science},
 journal = {SIGCSE Bull.},
 issue_date = {Dec. 1998},
 volume = {30},
 number = {4},
 month = dec,
 year = {1998},
 issn = {0097-8418},
 pages = {55--58},
 numpages = {4},
 url = {http://doi.acm.org/10.1145/306286.306316},
 doi = {10.1145/306286.306316},
 acmid = {306316},
 publisher = {ACM},
 address = {New York, NY, USA},
}

@techreport{Ashenhurst:1983:ACR:2594501,
 author = {Ashenhurst, R. L.},
 title = {ACM Curricula Recommendations for Information Systems},
 year = {1983},
 isbn = {0-89791 118-0},
 publisher = {ACM},
 address = {New York, NY, USA},
}

@article{Fuller:2006:CPB:1189136.1189181,
 author = {Fuller, Ursula and Pears, Arnold and Amillo, June and Avram, Chris and Mannila, Linda},
 title = {A Computing Perspective on the Bologna Process},
 journal = {SIGCSE Bull.},
 issue_date = {December 2006},
 volume = {38},
 number = {4},
 month = jun,
 year = {2006},
 issn = {0097-8418},
 pages = {115--131},
 numpages = {17},
 url = {http://doi.acm.org/10.1145/1189136.1189181},
 doi = {10.1145/1189136.1189181},
 acmid = {1189181},
 publisher = {ACM},
 address = {New York, NY, USA},
 keywords = {Europe, bologna declaration, computer science education, standardization and curriculum issues},
}

@inproceedings{Fuller:2006:CPB:1189215.1189181,
 author = {Fuller, Ursula and Pears, Arnold and Amillo, June and Avram, Chris and Mannila, Linda},
 title = {A Computing Perspective on the Bologna Process},
 booktitle = {Working Group Reports on ITiCSE on Innovation and Technology in Computer Science Education},
 series = {ITiCSE-WGR '06},
 year = {2006},
 isbn = {1-59593-603-3},
 location = {Bologna, Italy},
 pages = {115--131},
 numpages = {17},
 url = {http://doi.acm.org/10.1145/1189215.1189181},
 doi = {10.1145/1189215.1189181},
 acmid = {1189181},
 publisher = {ACM},
 address = {New York, NY, USA},
 keywords = {Europe, bologna declaration, computer science education, standardization and curriculum issues},
}

@article{Hwang:1981:CES:953049.800998,
 author = {Hwang, C. Jinshong and Kulm, Gerald and Wheatley, Grayson H.},
 title = {Computing Education for Secondary School Teachers: A Cooperative Effort Between Computer Scientist and Educators},
 journal = {SIGCSE Bull.},
 issue_date = {February 1981},
 volume = {13},
 number = {1},
 month = feb,
 year = {1981},
 issn = {0097-8418},
 pages = {257--261},
 numpages = {5},
 url = {http://doi.acm.org/10.1145/953049.800998},
 doi = {10.1145/953049.800998},
 acmid = {800998},
 publisher = {ACM},
 address = {New York, NY, USA},
 keywords = {Co-sponsored by computer scientist and educator, Computer education curricula, Gifted chil-observation, Structured programming, Teachers' education},
}

@inproceedings{Hwang:1981:CES:800037.800998,
 author = {Hwang, C. Jinshong and Kulm, Gerald and Wheatley, Grayson H.},
 title = {Computing Education for Secondary School Teachers: A Cooperative Effort Between Computer Scientist and Educators},
 booktitle = {Proceedings of the Twelfth SIGCSE Technical Symposium on Computer Science Education},
 series = {SIGCSE '81},
 year = {1981},
 isbn = {0-89791-036-2},
 location = {St. Louis, Missouri, USA},
 pages = {257--261},
 numpages = {5},
 url = {http://doi.acm.org/10.1145/800037.800998},
 doi = {10.1145/800037.800998},
 acmid = {800998},
 publisher = {ACM},
 address = {New York, NY, USA},
 keywords = {Co-sponsored by computer scientist and educator, Computer education curricula, Gifted chil-observation, Structured programming, Teachers' education},
}

@article{Williams:1997:ENG:268085.268214,
 author = {Williams, Kathleen A.},
 title = {Educating the Next Generation of Information Specialists: Industry and University Collaborative Learning Pilot Project},
 journal = {SIGCSE Bull.},
 issue_date = {March 1997},
 volume = {29},
 number = {1},
 month = mar,
 year = {1997},
 issn = {0097-8418},
 pages = {350--354},
 numpages = {5},
 url = {http://doi.acm.org/10.1145/268085.268214},
 doi = {10.1145/268085.268214},
 acmid = {268214},
 publisher = {ACM},
 address = {New York, NY, USA},
}

@inproceedings{Williams:1997:ENG:268084.268214,
 author = {Williams, Kathleen A.},
 title = {Educating the Next Generation of Information Specialists: Industry and University Collaborative Learning Pilot Project},
 booktitle = {Proceedings of the Twenty-eighth SIGCSE Technical Symposium on Computer Science Education},
 series = {SIGCSE '97},
 year = {1997},
 isbn = {0-89791-889-4},
 location = {San Jose, California, USA},
 pages = {350--354},
 numpages = {5},
 url = {http://doi.acm.org/10.1145/268084.268214},
 doi = {10.1145/268084.268214},
 acmid = {268214},
 publisher = {ACM},
 address = {New York, NY, USA},
}

@article{Harkins:2006:PGO:1181811.1181818,
 author = {Harkins, Ronald J.},
 title = {A Practitioners Guide to Organizing and Offering a Small Conference for CS/IT Faculty, Students and Industry Professionals},
 journal = {J. Comput. Sci. Coll.},
 issue_date = {October 2006},
 volume = {22},
 number = {1},
 month = oct,
 year = {2006},
 issn = {1937-4771},
 pages = {54--64},
 numpages = {11},
 url = {http://dl.acm.org/citation.cfm?id=1181811.1181818},
 acmid = {1181818},
 publisher = {Consortium for Computing Sciences in Colleges},
 address = {USA},
}

@inproceedings{Fisler:2016:MPS:2839509.2844556,
 author = {Fisler, Kathi and Krishnamurthi, Shriram and Siegmund, Janet},
 title = {Modernizing Plan-Composition Studies},
 booktitle = {Proceedings of the 47th ACM Technical Symposium on Computing Science Education},
 series = {SIGCSE '16},
 year = {2016},
 isbn = {978-1-4503-3685-7},
 location = {Memphis, Tennessee, USA},
 pages = {211--216},
 numpages = {6},
 url = {http://doi.acm.org/10.1145/2839509.2844556},
 doi = {10.1145/2839509.2844556},
 acmid = {2844556},
 publisher = {ACM},
 address = {New York, NY, USA},
 keywords = {functional programming, imperative programming, plan composition},
}

@inproceedings{Ericson:2016:DAP:2960310.2960342,
 author = {Ericson, Barbara J.},
 title = {Dynamically Adaptive Parsons Problems},
 booktitle = {Proceedings of the 2016 ACM Conference on International Computing Education Research},
 series = {ICER '16},
 year = {2016},
 isbn = {978-1-4503-4449-4},
 location = {Melbourne, VIC, Australia},
 pages = {269--270},
 numpages = {2},
 url = {http://doi.acm.org/10.1145/2960310.2960342},
 doi = {10.1145/2960310.2960342},
 acmid = {2960342},
 publisher = {ACM},
 address = {New York, NY, USA},
 keywords = {adaptive learning, ebook, learning programming, online learning, parsons problems},
}

@inproceedings{Catanio:2005:DLG:1095714.1095722,
 author = {Catanio, Joseph T.},
 title = {Developing LaSalle's IT Graduate Certificate Program Partnered with Industry},
 booktitle = {Proceedings of the 6th Conference on Information Technology Education},
 series = {SIGITE '05},
 year = {2005},
 isbn = {1-59593-252-6},
 location = {Newark, NJ, USA},
 pages = {19--23},
 numpages = {5},
 url = {http://doi.acm.org/10.1145/1095714.1095722},
 doi = {10.1145/1095714.1095722},
 acmid = {1095722},
 publisher = {ACM},
 address = {New York, NY, USA},
 keywords = {computer science advisory board, corporate educational support, graduate certificate program},
}

@article{Apiola:2012:CLE:2275597.2275600,
 author = {Apiola, Mikko and Lattu, Matti and Pasanen, Tomi A.},
 title = {Creativity-Supporting Learning Environment---CSLE},
 journal = {Trans. Comput. Educ.},
 issue_date = {July 2012},
 volume = {12},
 number = {3},
 month = jul,
 year = {2012},
 issn = {1946-6226},
 pages = {11:1--11:25},
 articleno = {11},
 numpages = {25},
 url = {http://doi.acm.org/10.1145/2275597.2275600},
 doi = {10.1145/2275597.2275600},
 acmid = {2275600},
 publisher = {ACM},
 address = {New York, NY, USA},
 keywords = {Robotics, creativity, motivation, open learning environment},
}

@inproceedings{Duran:2018:TAP:3230977.3230986,
 author = {Duran, Rodrigo and Sorva, Juha and Leite, Sofia},
 title = {Towards an Analysis of Program Complexity From a Cognitive Perspective},
 booktitle = {Proceedings of the 2018 ACM Conference on International Computing Education Research},
 series = {ICER '18},
 year = {2018},
 isbn = {978-1-4503-5628-2},
 location = {Espoo, Finland},
 pages = {21--30},
 numpages = {10},
 url = {http://doi.acm.org/10.1145/3230977.3230986},
 doi = {10.1145/3230977.3230986},
 acmid = {3230986},
 publisher = {ACM},
 address = {New York, NY, USA},
 keywords = {cognitive load theory, complexity, model of hierarchical complexity, plan-composition strategies, program cognitive complexity},
}

@inproceedings{Tedre:2008:ICC:1595356.1595365,
 author = {Tedre, Matti and Ngumbuke, Fredrick D. and Bangu, Nicholas and Sutinen, Erkki},
 title = {Implementing a Contextualized IT Curriculum: Ambitions and Ambiguities},
 booktitle = {Proceedings of the 8th International Conference on Computing Education Research},
 series = {Koli '08},
 year = {2008},
 isbn = {978-1-60558-385-3},
 location = {Koli, Finland},
 pages = {51--61},
 numpages = {11},
 url = {http://doi.acm.org/10.1145/1595356.1595365},
 doi = {10.1145/1595356.1595365},
 acmid = {1595365},
 publisher = {ACM},
 address = {New York, NY, USA},
}

@inproceedings{Storlie:1975:PCS:800115.803723,
 author = {Storlie, John C and Crosse, U. W.-La},
 title = {Providing Computer Services to Public School Districts by Regional Time Sharing Centers\&Mdash; Planning Guidelines and Evaluative Criteria},
 booktitle = {Proceedings of the 3rd Annual ACM SIGUCCS Conference on User Services},
 series = {SIGUCCS '75},
 year = {1975},
 location = {Cherry Hill, New Jersey, USA},
 pages = {35--40},
 numpages = {6},
 url = {http://doi.acm.org/10.1145/800115.803723},
 doi = {10.1145/800115.803723},
 acmid = {803723},
 publisher = {ACM},
 address = {New York, NY, USA},
}

@inproceedings{Larraza-Mendiluze:2013:UCM:2526968.2526976,
 author = {Larraza-Mendiluze, Edurne and Garay-Vitoria, Nestor},
 title = {Use of Concept Maps to Analyze Students' Understanding of the I/O Subsystem},
 booktitle = {Proceedings of the 13th Koli Calling International Conference on Computing Education Research},
 series = {Koli Calling '13},
 year = {2013},
 isbn = {978-1-4503-2482-3},
 location = {Koli, Finland},
 pages = {67--76},
 numpages = {10},
 url = {http://doi.acm.org/10.1145/2526968.2526976},
 doi = {10.1145/2526968.2526976},
 acmid = {2526976},
 publisher = {ACM},
 address = {New York, NY, USA},
 keywords = {concept maps, evaluation, input/output topic},
}

@techreport{Duncan:1981:MCD:2594499,
 author = {Duncan, K. A. and Austing, R. H. and Katz, S. and Pengov, R. E. and Pogue, R. E. and Wasserman, A. I.},
 title = {A Model Curriculum for Doctoral-Level Programs in Health Computing: Report of the ACM Committee on Curriculum for Health Computing Education},
 year = {1981},
 isbn = {0-89791-046-X},
 note = {ACM Order No.: 201810},
 publisher = {ACM},
 address = {New York, NY, USA},
}

@techreport{CompiledbytheACMEducationBoard:1983:ACR:2594500,
 author = {Compiled by the ACM Education Board},
 title = {ACM Curricula Recommendations for Related Computer Science Programs in Vocational-Technical Schools, Community and Junior Colleges, and Health Computing},
 year = {1983},
 isbn = {0-89791-119-9},
 note = {ACM Order No.: 201833},
 publisher = {ACM},
 address = {New York, NY, USA},
}

@inproceedings{Shaikh:2012:IMF:2380552.2380592,
 author = {Shaikh, Zaffar Ahmed and Khoja, Shakeel Ahmed},
 title = {Identifying Measures to Foster Teachers' Competence for Personal Learning Environment Conceived Teaching Scenarios: A Delphi Study},
 booktitle = {Proceedings of the 13th Annual Conference on Information Technology Education},
 series = {SIGITE '12},
 year = {2012},
 isbn = {978-1-4503-1464-0},
 location = {Calgary, Alberta, Canada},
 pages = {127--132},
 numpages = {6},
 url = {http://doi.acm.org/10.1145/2380552.2380592},
 doi = {10.1145/2380552.2380592},
 acmid = {2380592},
 publisher = {ACM},
 address = {New York, NY, USA},
 keywords = {personal learning environment, personalization, personalized learning, ple, policy-delphi, teachers' ple competence},
}

@article{Frand:1988:FAU:48511.48520,
 author = {Frand, Jason,L. and Britt, Julia,A. and Anderson, John,E. and McLean, Ephraim,R.},
 title = {Fourth Annual UCLA Survey of Business School Computer Usage},
 journal = {Commun. ACM},
 issue_date = {July 1988},
 volume = {31},
 number = {7},
 month = jul,
 year = {1988},
 issn = {0001-0782},
 pages = {896--910},
 numpages = {15},
 url = {http://doi.acm.org/10.1145/48511.48520},
 doi = {10.1145/48511.48520},
 acmid = {48520},
 publisher = {ACM},
 address = {New York, NY, USA},
}

@article{Pendergast:2008:TSC:1331348.1331349,
 author = {Pendergast, Mark O.},
 title = {Three Short Cases for Use in Online Introduction to Computer Information Systems Courses},
 journal = {SIGITE Newsl.},
 issue_date = {January 2008},
 volume = {5},
 number = {1},
 month = jan,
 year = {2008},
 issn = {2166-1685},
 pages = {6--15},
 numpages = {10},
 url = {http://doi.acm.org/10.1145/1331348.1331349},
 doi = {10.1145/1331348.1331349},
 acmid = {1331349},
 publisher = {ACM},
 address = {New York, NY, USA},
 keywords = {assessment, discussion forum, online course},
}

@inproceedings{Castro:2016:PMP:2960310.2960344,
 author = {Castro, Francisco Enrique Vicente G.},
 title = {Pedagogy and Measurement of Program Planning Skills},
 booktitle = {Proceedings of the 2016 ACM Conference on International Computing Education Research},
 series = {ICER '16},
 year = {2016},
 isbn = {978-1-4503-4449-4},
 location = {Melbourne, VIC, Australia},
 pages = {273--274},
 numpages = {2},
 url = {http://doi.acm.org/10.1145/2960310.2960344},
 doi = {10.1145/2960310.2960344},
 acmid = {2960344},
 publisher = {ACM},
 address = {New York, NY, USA},
 keywords = {plan composition, program design, programming pedagogy, student assessment},
}

@inproceedings{Simmonds:2019:TWI:3287324.3287456,
 author = {Simmonds, Jocelyn and Gutierrez, Francisco J. and Casanova, Cecilia and Sotomayor, Cecilia and Hitschfeld, Nancy},
 title = {A Teacher Workshop for Introducing Computational Thinking in Rural and Vulnerable Environments},
 booktitle = {Proceedings of the 50th ACM Technical Symposium on Computer Science Education},
 series = {SIGCSE '19},
 year = {2019},
 isbn = {978-1-4503-5890-3},
 location = {Minneapolis, MN, USA},
 pages = {1143--1149},
 numpages = {7},
 url = {http://doi.acm.org/10.1145/3287324.3287456},
 doi = {10.1145/3287324.3287456},
 acmid = {3287456},
 publisher = {ACM},
 address = {New York, NY, USA},
 keywords = {computational thinking, latin america, rural environments, socio-economic vulnerability, teacher development},
}

@inproceedings{Ericson:2017:SPP:3141880.3141895,
 author = {Ericson, Barbara J. and Margulieux, Lauren E. and Rick, Jochen},
 title = {Solving Parsons Problems Versus Fixing and Writing Code},
 booktitle = {Proceedings of the 17th Koli Calling International Conference on Computing Education Research},
 series = {Koli Calling '17},
 year = {2017},
 isbn = {978-1-4503-5301-4},
 location = {Koli, Finland},
 pages = {20--29},
 numpages = {10},
 url = {http://doi.acm.org/10.1145/3141880.3141895},
 doi = {10.1145/3141880.3141895},
 acmid = {3141895},
 publisher = {ACM},
 address = {New York, NY, USA},
 keywords = {assessment, code-competition problems, cognitive load, parsons problems, parsons programming puzzles},
}

@inproceedings{Armitage:2016:DLI:2978192.2978233,
 author = {Armitage, William D. and Gauvin, William and Sheffield, Adam},
 title = {Design and Launch of an Intensive Cybersecurity Program for Military Veterans},
 booktitle = {Proceedings of the 17th Annual Conference on Information Technology Education},
 series = {SIGITE '16},
 year = {2016},
 isbn = {978-1-4503-4452-4},
 location = {Boston, Massachusetts, USA},
 pages = {40--45},
 numpages = {6},
 url = {http://doi.acm.org/10.1145/2978192.2978233},
 doi = {10.1145/2978192.2978233},
 acmid = {2978233},
 publisher = {ACM},
 address = {New York, NY, USA},
 keywords = {cybersecurity, training, veterans.},
}

@inproceedings{Luxton-Reilly:2018:DAD:3174781.3174784,
 author = {Luxton-Reilly, Andrew and Becker, Brett A. and Cao, Yingjun and McDermott, Roger and Mirolo, Claudio and M\"{u}hling, Andreas and Petersen, Andrew and Sanders, Kate and Simon and Whalley, Jacqueline},
 title = {Developing Assessments to Determine Mastery of Programming Fundamentals},
 booktitle = {Proceedings of the 2017 ITiCSE Conference on Working Group Reports},
 series = {ITiCSE-WGR '17},
 year = {2017},
 isbn = {978-1-4503-5627-5},
 location = {Bologna, Italy},
 pages = {47--69},
 numpages = {23},
 url = {http://doi.acm.org/10.1145/3174781.3174784},
 doi = {10.1145/3174781.3174784},
 acmid = {3174784},
 publisher = {ACM},
 address = {New York, NY, USA},
 keywords = {assessment, compound assessment, concept inventory, cs1, exam, introductory programming, iticse working group, learning, learning objectives, learning outcomes, mastery, novice programming, questions},
}

@inproceedings{Alton:1995:CTP:223355.223699,
 author = {Alton, Mark and Williams, Marian G.},
 title = {The CHI Tutorial Program: Just What is the \&Ldquo;Common Ground\&Rdquo;?},
 booktitle = {Conference Companion on Human Factors in Computing Systems},
 series = {CHI '95},
 year = {1995},
 isbn = {0-89791-755-3},
 location = {Denver, Colorado, USA},
 pages = {330--},
 url = {http://doi.acm.org/10.1145/223355.223699},
 doi = {10.1145/223355.223699},
 acmid = {223699},
 publisher = {ACM},
 address = {New York, NY, USA},
}

@inproceedings{Williams:1996:CTP:257089.257343,
 author = {Williams, Marian G. and Altom, Mark W.},
 title = {The CHI Tutorial Program: Building on Common Ground},
 booktitle = {Conference Companion on Human Factors in Computing Systems},
 series = {CHI '96},
 year = {1996},
 isbn = {0-89791-832-0},
 location = {Vancouver, British Columbia, Canada},
 pages = {319--},
 url = {http://doi.acm.org/10.1145/257089.257343},
 doi = {10.1145/257089.257343},
 acmid = {257343},
 publisher = {ACM},
 address = {New York, NY, USA},
 keywords = {HCI professional issues, SIGCHI, continuing education, education, tutorials},
}

@article{Liffick:1996:NPS:237477.237525,
 author = {Liffick, Blaise W. and Aiken, Robert},
 title = {A Novice Programmer's Support Environment},
 journal = {SIGCSE Bull.},
 issue_date = {1996},
 volume = {28},
 number = {SI},
 month = jan,
 year = {1996},
 issn = {0097-8418},
 pages = {49--51},
 numpages = {3},
 url = {http://doi.acm.org/10.1145/237477.237525},
 doi = {10.1145/237477.237525},
 acmid = {237525},
 publisher = {ACM},
 address = {New York, NY, USA},
}

@article{Liffick:1996:NPS:1013718.237525,
 author = {Liffick, Blaise W. and Aiken, Robert},
 title = {A Novice Programmer's Support Environment},
 journal = {SIGCUE Outlook},
 issue_date = {Jan.-July, 1996},
 volume = {24},
 number = {1-3},
 month = jan,
 year = {1996},
 issn = {0163-5735},
 pages = {49--51},
 numpages = {3},
 url = {http://doi.acm.org/10.1145/1013718.237525},
 doi = {10.1145/1013718.237525},
 acmid = {237525},
 publisher = {ACM},
 address = {New York, NY, USA},
}

@inproceedings{Liffick:1996:NPS:237466.237525,
 author = {Liffick, Blaise W. and Aiken, Robert},
 title = {A Novice Programmer's Support Environment},
 booktitle = {Proceedings of the 1st Conference on Integrating Technology into Computer Science Education},
 series = {ITiCSE '96},
 year = {1996},
 isbn = {0-89791-844-4},
 location = {Barcelona, Spain},
 pages = {49--51},
 numpages = {3},
 url = {http://doi.acm.org/10.1145/237466.237525},
 doi = {10.1145/237466.237525},
 acmid = {237525},
 publisher = {ACM},
 address = {New York, NY, USA},
}

@article{Beisse:1995:DPP:381977.381982,
 author = {Beisse, Fred},
 title = {Degree Program Planned in Computer User Support},
 journal = {3C ON-LINE},
 issue_date = {April 1995},
 volume = {2},
 number = {2},
 month = apr,
 year = {1995},
 issn = {1078-2192},
 pages = {18--19},
 numpages = {2},
 url = {http://doi.acm.org/10.1145/381977.381982},
 doi = {10.1145/381977.381982},
 acmid = {381982},
 publisher = {ACM},
 address = {New York, NY, USA},
}

@article{Sleeman:1986:CTC:6592.214913,
 author = {Sleeman, Derek},
 title = {The Challenges of Teaching Computer Programming},
 journal = {Commun. ACM},
 issue_date = {Sept. 1986},
 volume = {29},
 number = {9},
 month = sep,
 year = {1986},
 issn = {0001-0782},
 pages = {840--841},
 numpages = {2},
 url = {http://doi.acm.org/10.1145/6592.214913},
 doi = {10.1145/6592.214913},
 acmid = {214913},
 publisher = {ACM},
 address = {New York, NY, USA},
}

@inproceedings{McGinley:1972:TTU:800273.809358,
 author = {McGinley, Pamela},
 title = {The Training of Teachers in the Use of Computers in the Classroom},
 booktitle = {Proceedings of the Annual ACM SIGUCCS Symposium on The Administration and Management of Small-college Computing Centers},
 series = {SIGUCCS '72},
 year = {1972},
 pages = {36--38},
 numpages = {3},
 url = {http://doi.acm.org/10.1145/800273.809358},
 doi = {10.1145/800273.809358},
 acmid = {809358},
 publisher = {ACM},
 address = {New York, NY, USA},
}

@inproceedings{Rodriguez-Conde:2015:EEG:2808580.2808631,
 author = {Rodr\'{\i}guez-Conde, Ma Jos{\'e} and Olmos-Miguel\'{a}\~{n}ez, Susana and Silva, Maria Jo\~{a}o},
 title = {Evaluation in Education and Guidance},
 booktitle = {Proceedings of the 3rd International Conference on Technological Ecosystems for Enhancing Multiculturality},
 series = {TEEM '15},
 year = {2015},
 isbn = {978-1-4503-3442-6},
 location = {Porto, Portugal},
 pages = {341--342},
 numpages = {2},
 url = {http://doi.acm.org/10.1145/2808580.2808631},
 doi = {10.1145/2808580.2808631},
 acmid = {2808631},
 publisher = {ACM},
 address = {New York, NY, USA},
 keywords = {assessment, blended learning, digital competence, elementary education, evaluation in education, higher education, information and communication technology, information literacy, key competences, learner autonomy, mathematics learning, mentoring methodology, migrant students, peer education at school, peer tutoring, qualitative research and quantitative research, secondary education},
}

@article{Anger:1999:DNS:329155.329164,
 author = {Anger, Frank D.},
 title = {Directions for the NSF Software Engineering and Languages Program},
 journal = {SIGSOFT Softw. Eng. Notes},
 issue_date = {July 1999},
 volume = {24},
 number = {4},
 month = jul,
 year = {1999},
 issn = {0163-5948},
 pages = {50--52},
 numpages = {3},
 url = {http://doi.acm.org/10.1145/329155.329164},
 doi = {10.1145/329155.329164},
 acmid = {329164},
 publisher = {ACM},
 address = {New York, NY, USA},
}

@inproceedings{Castro:2017:ISL:3141880.3141897,
 author = {Castro, Francisco Enrique Vicente and Krishnamurthi, Shriram and Fisler, Kathi},
 title = {The Impact of a Single Lecture on Program Plans in First-year CS},
 booktitle = {Proceedings of the 17th Koli Calling International Conference on Computing Education Research},
 series = {Koli Calling '17},
 year = {2017},
 isbn = {978-1-4503-5301-4},
 location = {Koli, Finland},
 pages = {118--122},
 numpages = {5},
 url = {http://doi.acm.org/10.1145/3141880.3141897},
 doi = {10.1145/3141880.3141897},
 acmid = {3141897},
 publisher = {ACM},
 address = {New York, NY, USA},
 keywords = {plan composition, program design, programming pedagogy},
}

@article{Polack:2009:PCE:1629036.1629053,
 author = {Polack, Jennifer},
 title = {Planning a CIS Education Within a CS Framework},
 journal = {J. Comput. Sci. Coll.},
 issue_date = {December 2009},
 volume = {25},
 number = {2},
 month = dec,
 year = {2009},
 issn = {1937-4771},
 pages = {100--106},
 numpages = {7},
 url = {http://dl.acm.org/citation.cfm?id=1629036.1629053},
 acmid = {1629053},
 publisher = {Consortium for Computing Sciences in Colleges},
 address = {USA},
}

@article{Mody:1991:CES:126459.126471,
 author = {Mody, R. P.},
 title = {C in Education and Software Engineering},
 journal = {SIGCSE Bull.},
 issue_date = {Sept. 1991},
 volume = {23},
 number = {3},
 month = sep,
 year = {1991},
 issn = {0097-8418},
 pages = {45--56},
 numpages = {12},
 url = {http://doi.acm.org/10.1145/126459.126471},
 doi = {10.1145/126459.126471},
 acmid = {126471},
 publisher = {ACM},
 address = {New York, NY, USA},
}

@article{Almstrum:1991:SPE:122697.122701,
 author = {Almstrum, Vicki L. and Platt, David C.},
 title = {Summary of Post-symposium Evaluations from 1991 SIGCSE Technical Symposium on Computer Science Education},
 journal = {SIGCSE Bull.},
 issue_date = {Dec. 1991},
 volume = {23},
 number = {4},
 month = nov,
 year = {1991},
 issn = {0097-8418},
 pages = {27--30},
 numpages = {4},
 url = {http://doi.acm.org/10.1145/122697.122701},
 doi = {10.1145/122697.122701},
 acmid = {122701},
 publisher = {ACM},
 address = {New York, NY, USA},
}

@article{Doran:1995:CAI:199691.199790,
 author = {Doran, Michael V. and Langan, David D.},
 title = {A Cognitive-based Approach to Introductory Computer Science Courses: Lesson Learned},
 journal = {SIGCSE Bull.},
 issue_date = {March 1995},
 volume = {27},
 number = {1},
 month = mar,
 year = {1995},
 issn = {0097-8418},
 pages = {218--222},
 numpages = {5},
 url = {http://doi.acm.org/10.1145/199691.199790},
 doi = {10.1145/199691.199790},
 acmid = {199790},
 publisher = {ACM},
 address = {New York, NY, USA},
}

@inproceedings{Doran:1995:CAI:199688.199790,
 author = {Doran, Michael V. and Langan, David D.},
 title = {A Cognitive-based Approach to Introductory Computer Science Courses: Lesson Learned},
 booktitle = {Proceedings of the Twenty-sixth SIGCSE Technical Symposium on Computer Science Education},
 series = {SIGCSE '95},
 year = {1995},
 isbn = {0-89791-693-X},
 location = {Nashville, Tennessee, USA},
 pages = {218--222},
 numpages = {5},
 url = {http://doi.acm.org/10.1145/199688.199790},
 doi = {10.1145/199688.199790},
 acmid = {199790},
 publisher = {ACM},
 address = {New York, NY, USA},
}

@inproceedings{Keefe:2004:UEP:979968.979989,
 author = {Keefe, Karen and Dick, Martin},
 title = {Using Extreme Programming in a Capstone Project},
 booktitle = {Proceedings of the Sixth Australasian Conference on Computing Education - Volume 30},
 series = {ACE '04},
 year = {2004},
 location = {Dunedin, New Zealand},
 pages = {151--160},
 numpages = {10},
 url = {http://dl.acm.org/citation.cfm?id=979968.979989},
 acmid = {979989},
 publisher = {Australian Computer Society, Inc.},
 address = {Darlinghurst, Australia, Australia},
 keywords = {Extreme Programming, capstone projects, software development methodologies},
}

@article{Kurtz:1995:DIG:199691.199740,
 author = {Kurtz, Barry L. and Mayekar, Unmesh S. and O'Neal, Michael B.},
 title = {Design and Implementation of a Generalized Problem Solving Assistant for Algorithm Development},
 journal = {SIGCSE Bull.},
 issue_date = {March 1995},
 volume = {27},
 number = {1},
 month = mar,
 year = {1995},
 issn = {0097-8418},
 pages = {97--101},
 numpages = {5},
 url = {http://doi.acm.org/10.1145/199691.199740},
 doi = {10.1145/199691.199740},
 acmid = {199740},
 publisher = {ACM},
 address = {New York, NY, USA},
}

@inproceedings{Kurtz:1995:DIG:199688.199740,
 author = {Kurtz, Barry L. and Mayekar, Unmesh S. and O'Neal, Michael B.},
 title = {Design and Implementation of a Generalized Problem Solving Assistant for Algorithm Development},
 booktitle = {Proceedings of the Twenty-sixth SIGCSE Technical Symposium on Computer Science Education},
 series = {SIGCSE '95},
 year = {1995},
 isbn = {0-89791-693-X},
 location = {Nashville, Tennessee, USA},
 pages = {97--101},
 numpages = {5},
 url = {http://doi.acm.org/10.1145/199688.199740},
 doi = {10.1145/199688.199740},
 acmid = {199740},
 publisher = {ACM},
 address = {New York, NY, USA},
}

@article{Hedrick:1977:AIO:382175.803425,
 author = {Hedrick, G. E.},
 title = {ALGOL68 Instruction at Oklahoma State University},
 journal = {SIGCSE Bull.},
 issue_date = {Aug 1977},
 volume = {9},
 number = {3},
 month = feb,
 year = {1977},
 issn = {0097-8418},
 pages = {16--20},
 numpages = {5},
 url = {http://doi.acm.org/10.1145/382175.803425},
 doi = {10.1145/382175.803425},
 acmid = {803425},
 publisher = {ACM},
 address = {New York, NY, USA},
}

@inproceedings{Hedrick:1977:AIO:800106.803425,
 author = {Hedrick, G. E.},
 title = {ALGOL68 Instruction at Oklahoma State University},
 booktitle = {Proceedings of the Eighth SIGCSE Technical Symposium on Computer Science Education},
 series = {SIGCSE '77},
 year = {1977},
 pages = {16--20},
 numpages = {5},
 url = {http://doi.acm.org/10.1145/800106.803425},
 doi = {10.1145/800106.803425},
 acmid = {803425},
 publisher = {ACM},
 address = {New York, NY, USA},
}

@inproceedings{Castro:2018:TTH:3230977.3231020,
 author = {Castro, Francisco Enrique Vicente G.},
 title = {Towards a Theory of HtDP-based Program-Design Learning},
 booktitle = {Proceedings of the 2018 ACM Conference on International Computing Education Research},
 series = {ICER '18},
 year = {2018},
 isbn = {978-1-4503-5628-2},
 location = {Espoo, Finland},
 pages = {260--261},
 numpages = {2},
 url = {http://doi.acm.org/10.1145/3230977.3231020},
 doi = {10.1145/3230977.3231020},
 acmid = {3231020},
 publisher = {ACM},
 address = {New York, NY, USA},
 keywords = {CS1, novice programmers, program-design, qualitative research},
}

@inproceedings{Kellerman:1974:TBE:800269.810820,
 author = {Kellerman, Anne and Meyer, Jeanine},
 title = {Teaching Beyond Elementary APL to Applications Users: Principal Author},
 booktitle = {Proceedings of the Sixth International Conference on APL},
 series = {APL '74},
 year = {1974},
 pages = {266--274},
 numpages = {9},
 url = {http://doi.acm.org/10.1145/800269.810820},
 doi = {10.1145/800269.810820},
 acmid = {810820},
 publisher = {ACM},
 address = {New York, NY, USA},
}

@inproceedings{Liao:2019:DMV:3335484.3335509,
 author = {Liao, Han-Teng and Wang, Zijia and Wu, Xue},
 title = {Developing a Minimum Viable Product for Big Data and AI Education: Action Research Based on a Two-Year Reform of an Undergraduate Program of Internet and New Media},
 booktitle = {Proceedings of the 2019 4th International Conference on Big Data and Computing},
 series = {ICBDC 2019},
 year = {2019},
 isbn = {978-1-4503-6278-8},
 location = {Guangzhou, China},
 pages = {42--47},
 numpages = {6},
 url = {http://doi.acm.org/10.1145/3335484.3335509},
 doi = {10.1145/3335484.3335509},
 acmid = {3335509},
 publisher = {ACM},
 address = {New York, NY, USA},
 keywords = {Big Data Education, Ecological Design, ICT4D, Knowledge Brokerage, Sustainable Design, Sustainable HCI},
}

@article{Shaffer:2013:ISS:2537753.2537778,
 author = {Shaffer, Steven C. and Rosson, Mary Beth},
 title = {Increasing Student Success by Modifying Course Delivery Based on Student Submission Data},
 journal = {ACM Inroads},
 issue_date = {December 2013},
 volume = {4},
 number = {4},
 month = dec,
 year = {2013},
 issn = {2153-2184},
 pages = {81--86},
 numpages = {6},
 url = {http://doi.acm.org/10.1145/2537753.2537778},
 doi = {10.1145/2537753.2537778},
 acmid = {2537778},
 publisher = {ACM},
 address = {New York, NY, USA},
 keywords = {distance education, introductory programming, mastery learning, retention},
}

@inproceedings{Ferratt:2014:STD:2599990.2600013,
 author = {Ferratt, Thomas W.},
 title = {Systems Thinking During Systems Analysis and Design},
 booktitle = {Proceedings of the 52Nd ACM Conference on Computers and People Research},
 series = {SIGSIM-CPR '14},
 year = {2014},
 isbn = {978-1-4503-2625-4},
 location = {Singapore, Singapore},
 pages = {163--169},
 numpages = {7},
 url = {http://doi.acm.org/10.1145/2599990.2600013},
 doi = {10.1145/2599990.2600013},
 acmid = {2600013},
 publisher = {ACM},
 address = {New York, NY, USA},
 keywords = {general systems theory, systems analysts, systems approach},
}

@article{Preston:2005:UAR:1869667.1869671,
 author = {Preston, Jon A.},
 title = {Utilizing Authentic, Real-world Projects in Information Technology Education},
 journal = {SIGITE Newsl.},
 issue_date = {Spring 2004},
 volume = {2},
 number = {1},
 month = apr,
 year = {2005},
 issn = {2166-1685},
 pages = {4:1--4:10},
 articleno = {4},
 numpages = {10},
 url = {http://doi.acm.org/10.1145/1869667.1869671},
 doi = {10.1145/1869667.1869671},
 acmid = {1869671},
 publisher = {ACM},
 address = {New York, NY, USA},
}

@article{Epstein:1987:RHS:31726.31748,
 author = {Epstein, Richard G. and Aiken, Robert M. and Snelbecker, Glenn and Potosky, Jane},
 title = {Retraining High School Teachers to Teach Computer Science\&Mdash;Observations on the First Course},
 journal = {SIGCSE Bull.},
 issue_date = {Feb. 1987},
 volume = {19},
 number = {1},
 month = feb,
 year = {1987},
 issn = {0097-8418},
 pages = {136--140},
 numpages = {5},
 url = {http://doi.acm.org/10.1145/31726.31748},
 doi = {10.1145/31726.31748},
 acmid = {31748},
 publisher = {ACM},
 address = {New York, NY, USA},
}

@inproceedings{Epstein:1987:RHS:31820.31748,
 author = {Epstein, Richard G. and Aiken, Robert M. and Snelbecker, Glenn and Potosky, Jane},
 title = {Retraining High School Teachers to Teach Computer Science\&Mdash;Observations on the First Course},
 booktitle = {Proceedings of the Eighteenth SIGCSE Technical Symposium on Computer Science Education},
 series = {SIGCSE '87},
 year = {1987},
 isbn = {0-89791-217-9},
 location = {St. Louis, Missouri, USA},
 pages = {136--140},
 numpages = {5},
 url = {http://doi.acm.org/10.1145/31820.31748},
 doi = {10.1145/31820.31748},
 acmid = {31748},
 publisher = {ACM},
 address = {New York, NY, USA},
}

@inproceedings{Rodriguez-Conde:2014:EEG:2669711.2669934,
 author = {Rodr\'{\i}guez-Conde, Mar\'{\i}a-Jos{\'e} and Olmos-Miguel\'{a}\~{n}ez, Susana and Nieto-Isidro, Susana},
 title = {Evaluation in Education and Guidance},
 booktitle = {Proceedings of the Second International Conference on Technological Ecosystems for Enhancing Multiculturality},
 series = {TEEM '14},
 year = {2014},
 isbn = {978-1-4503-2896-8},
 location = {Salamanca, Spain},
 pages = {423--427},
 numpages = {5},
 url = {http://doi.acm.org/10.1145/2669711.2669934},
 doi = {10.1145/2669711.2669934},
 acmid = {2669934},
 publisher = {ACM},
 address = {New York, NY, USA},
 keywords = {assessment, blended learning, digital competence, elementary education, evaluation in education, higher education, information and communication technology, information literacy, key competences, learner autonomy, mathematics learning, mentoring methodology, migrant students, peer education at school, peer tutoring, qualitative research and quantitative research, secondary education},
}

@article{Newmarch:1993:PAP:152751.152755,
 author = {Newmarch, Jan},
 title = {A Plan-based Approach to Prolog Recursion},
 journal = {SIGCSE Bull.},
 issue_date = {June 1993},
 volume = {25},
 number = {2},
 month = jun,
 year = {1993},
 issn = {0097-8418},
 pages = {12--18},
 numpages = {7},
 url = {http://doi.acm.org/10.1145/152751.152755},
 doi = {10.1145/152751.152755},
 acmid = {152755},
 publisher = {ACM},
 address = {New York, NY, USA},
}

@inproceedings{Becker:1997:ECC:268820.268866,
 author = {Becker, Jack D. and Insley, Robert G. and Endres, Megan L.},
 title = {The Effects of Customized Communication Skills Training on Undergraduate Information Systems Majors},
 booktitle = {Proceedings of the 1997 ACM SIGCPR Conference on Computer Personnel Research},
 series = {SIGCPR '97},
 year = {1997},
 isbn = {0-89791-904-1},
 location = {San Francisco, California, USA},
 pages = {49--61},
 numpages = {13},
 url = {http://doi.acm.org/10.1145/268820.268866},
 doi = {10.1145/268820.268866},
 acmid = {268866},
 publisher = {ACM},
 address = {New York, NY, USA},
}

@article{Soloway:1983:CSL:182.358436,
 author = {Soloway, Elliot and Bonar, Jeffrey and Ehrlich, Kate},
 title = {Cognitive Strategies and Looping Constructs: An Empirical Study},
 journal = {Commun. ACM},
 issue_date = {Nov. 1983},
 volume = {26},
 number = {11},
 month = nov,
 year = {1983},
 issn = {0001-0782},
 pages = {853--860},
 numpages = {8},
 url = {http://doi.acm.org/10.1145/182.358436},
 doi = {10.1145/182.358436},
 acmid = {358436},
 publisher = {ACM},
 address = {New York, NY, USA},
 keywords = {cognitive factors in programming, cognitive strategies, looping constructs},
}

@article{Frenkel:1990:WC:92755.92756,
 author = {Frenkel, Karen A.},
 title = {Women and Computing},
 journal = {Commun. ACM},
 issue_date = {Nov. 1990},
 volume = {33},
 number = {11},
 month = nov,
 year = {1990},
 issn = {0001-0782},
 pages = {34--46},
 numpages = {13},
 url = {http://doi.acm.org/10.1145/92755.92756},
 doi = {10.1145/92755.92756},
 acmid = {92756},
 publisher = {ACM},
 address = {New York, NY, USA},
}

@article{Pyott:1991:AAT:126459.126470,
 author = {Pyott, Sean and Sanders, Ian},
 title = {ALEX: An Aid to Teaching Algorithms},
 journal = {SIGCSE Bull.},
 issue_date = {Sept. 1991},
 volume = {23},
 number = {3},
 month = sep,
 year = {1991},
 issn = {0097-8418},
 pages = {36--44},
 numpages = {9},
 url = {http://doi.acm.org/10.1145/126459.126470},
 doi = {10.1145/126459.126470},
 acmid = {126470},
 publisher = {ACM},
 address = {New York, NY, USA},
}

@article{Pendergast:2006:ATA:1142152.1142153,
 author = {Pendergast, Mark},
 title = {An Analysis Tool for the Assessment of Student Participation and Implementation Dynamics in Online Discussion Forums},
 journal = {SIGITE Newsl.},
 issue_date = {June 2006},
 volume = {3},
 number = {2},
 month = jun,
 year = {2006},
 issn = {2166-1685},
 pages = {10--17},
 numpages = {8},
 url = {http://doi.acm.org/10.1145/1142152.1142153},
 doi = {10.1145/1142152.1142153},
 acmid = {1142153},
 publisher = {ACM},
 address = {New York, NY, USA},
}

@inproceedings{Morse:2014:TRS:2661172.2661199,
 author = {Morse, Robert Kenneth},
 title = {Towards Requirements for Supporting Course Redesign with Learning Analytics},
 booktitle = {Proceedings of the 42Nd Annual ACM SIGUCCS Conference on User Services},
 series = {SIGUCCS '14},
 year = {2014},
 isbn = {978-1-4503-2780-0},
 location = {Salt Lake City, Utah, USA},
 pages = {89--92},
 numpages = {4},
 url = {http://doi.acm.org/10.1145/2661172.2661199},
 doi = {10.1145/2661172.2661199},
 acmid = {2661199},
 publisher = {ACM},
 address = {New York, NY, USA},
 keywords = {analytics, distance education, education administration, learning analytics, online course development},
}

@inproceedings{McGee:2019:ECE:3287324.3287415,
 author = {McGee, Steven and Greenberg, Ronald I. and McGee-Tekula, Randi and Duck, Jennifer and Rasmussen, Andrew M. and Dettori, Lucia and Reed, Dale F.},
 title = {An Examination of the Correlation of Exploring Computer Science Course Performance and the Development of Programming Expertise},
 booktitle = {Proceedings of the 50th ACM Technical Symposium on Computer Science Education},
 series = {SIGCSE '19},
 year = {2019},
 isbn = {978-1-4503-5890-3},
 location = {Minneapolis, MN, USA},
 pages = {1067--1073},
 numpages = {7},
 url = {http://doi.acm.org/10.1145/3287324.3287415},
 doi = {10.1145/3287324.3287415},
 acmid = {3287415},
 publisher = {ACM},
 address = {New York, NY, USA},
 keywords = {computer programming skills, exploring computer science, high school computer science},
}

@article{Haas:1983:PMP:952978.801004,
 author = {Haas, Mark and Hassell, Johnette},
 title = {A Proposal for a Measure of Program Understanding},
 journal = {SIGCSE Bull.},
 issue_date = {February 1983},
 volume = {15},
 number = {1},
 month = feb,
 year = {1983},
 issn = {0097-8418},
 pages = {7--13},
 numpages = {7},
 url = {http://doi.acm.org/10.1145/952978.801004},
 doi = {10.1145/952978.801004},
 acmid = {801004},
 publisher = {ACM},
 address = {New York, NY, USA},
}

@inproceedings{Haas:1983:PMP:800038.801004,
 author = {Haas, Mark and Hassell, Johnette},
 title = {A Proposal for a Measure of Program Understanding},
 booktitle = {Proceedings of the Fourteenth SIGCSE Technical Symposium on Computer Science Education},
 series = {SIGCSE '83},
 year = {1983},
 isbn = {0-89791-091-5},
 location = {Orlando, Florida, USA},
 pages = {7--13},
 numpages = {7},
 url = {http://doi.acm.org/10.1145/800038.801004},
 doi = {10.1145/800038.801004},
 acmid = {801004},
 publisher = {ACM},
 address = {New York, NY, USA},
}

@article{Beisse:1997:CUS:254599.254600,
 author = {Beisse, Fred},
 title = {Computer User Support Degree Program: An Alternative to Computer Programming},
 journal = {3C ON-LINE},
 issue_date = {April 1997},
 volume = {4},
 number = {2},
 month = apr,
 year = {1997},
 issn = {1078-2192},
 pages = {8--12},
 numpages = {5},
 url = {http://doi.acm.org/10.1145/254599.254600},
 doi = {10.1145/254599.254600},
 acmid = {254600},
 publisher = {ACM},
 address = {New York, NY, USA},
}

@inproceedings{Maqsood:2007:PSP:1287624.1287691,
 author = {Maqsood, Manzil e and Javed, Talha},
 title = {Practicum in Software Project Management: An Endeavor to Effective and Pragmatic Software Project Management Education},
 booktitle = {Proceedings of the the 6th Joint Meeting of the European Software Engineering Conference and the ACM SIGSOFT Symposium on The Foundations of Software Engineering},
 series = {ESEC-FSE '07},
 year = {2007},
 isbn = {978-1-59593-811-4},
 location = {Dubrovnik, Croatia},
 pages = {471--480},
 numpages = {10},
 url = {http://doi.acm.org/10.1145/1287624.1287691},
 doi = {10.1145/1287624.1287691},
 acmid = {1287691},
 publisher = {ACM},
 address = {New York, NY, USA},
 keywords = {assessment, education, maturity model, software engineering, software project management, training},
}

@article{Keuning:2018:SLR:3282284.3231711,
 author = {Keuning, Hieke and Jeuring, Johan and Heeren, Bastiaan},
 title = {A Systematic Literature Review of Automated Feedback Generation for Programming Exercises},
 journal = {ACM Trans. Comput. Educ.},
 issue_date = {January 2019},
 volume = {19},
 number = {1},
 month = sep,
 year = {2018},
 issn = {1946-6226},
 pages = {3:1--3:43},
 articleno = {3},
 numpages = {43},
 url = {http://doi.acm.org/10.1145/3231711},
 doi = {10.1145/3231711},
 acmid = {3231711},
 publisher = {ACM},
 address = {New York, NY, USA},
 keywords = {Systematic literature review, automated feedback, learning programming, programming tools},
}

@inproceedings{Maqsood:2007:PSP:1295014.1295022,
 author = {Maqsood, Manzil-e and Javed, Talha},
 title = {Practicum in Software Project Management: An Endeavor to Effective and Pragmatic Software Project Management Education},
 booktitle = {The 6th Joint Meeting on European Software Engineering Conference and the ACM SIGSOFT Symposium on the Foundations of Software Engineering: Companion Papers},
 series = {ESEC-FSE companion '07},
 year = {2007},
 isbn = {978-1-59593-812-1},
 location = {Dubrovnik, Croatia},
 pages = {471--479},
 numpages = {9},
 url = {http://doi.acm.org/10.1145/1295014.1295022},
 doi = {10.1145/1295014.1295022},
 acmid = {1295022},
 publisher = {ACM},
 address = {New York, NY, USA},
 keywords = {assessment, education, maturity model, software engineering, software project management, training},
}

@inproceedings{Barata:2016:PMT:2968219.2972713,
 author = {Barata, Filipe and Kowatsch, Tobias and Tinschert, Peter and Filler, Andreas},
 title = {Personal MobileCoach: Tailoring Behavioral Interventions to the Needs of Individual Participants},
 booktitle = {Proceedings of the 2016 ACM International Joint Conference on Pervasive and Ubiquitous Computing: Adjunct},
 series = {UbiComp '16},
 year = {2016},
 isbn = {978-1-4503-4462-3},
 location = {Heidelberg, Germany},
 pages = {1089--1094},
 numpages = {6},
 url = {http://doi.acm.org/10.1145/2968219.2972713},
 doi = {10.1145/2968219.2972713},
 acmid = {2972713},
 publisher = {ACM},
 address = {New York, NY, USA},
 keywords = {behavioral intervention, machine learning, open source platform, personalization, public health},
}

@article{Kolesar:1995:TCS:199691.199698,
 author = {Kolesar, Mary Veronica and Allan, Vicki H.},
 title = {Teaching Computer Science Concepts and Problem Solving with a Spreadsheet},
 journal = {SIGCSE Bull.},
 issue_date = {March 1995},
 volume = {27},
 number = {1},
 month = mar,
 year = {1995},
 issn = {0097-8418},
 pages = {10--13},
 numpages = {4},
 url = {http://doi.acm.org/10.1145/199691.199698},
 doi = {10.1145/199691.199698},
 acmid = {199698},
 publisher = {ACM},
 address = {New York, NY, USA},
}

@inproceedings{Kolesar:1995:TCS:199688.199698,
 author = {Kolesar, Mary Veronica and Allan, Vicki H.},
 title = {Teaching Computer Science Concepts and Problem Solving with a Spreadsheet},
 booktitle = {Proceedings of the Twenty-sixth SIGCSE Technical Symposium on Computer Science Education},
 series = {SIGCSE '95},
 year = {1995},
 isbn = {0-89791-693-X},
 location = {Nashville, Tennessee, USA},
 pages = {10--13},
 numpages = {4},
 url = {http://doi.acm.org/10.1145/199688.199698},
 doi = {10.1145/199688.199698},
 acmid = {199698},
 publisher = {ACM},
 address = {New York, NY, USA},
}

@article{Frand:1992:SAU:129617.129628,
 author = {Frand, Jason L. and Britt, Julia A.},
 title = {The Seventh Annual UCLA Survey of Business School Computer Usage},
 journal = {Commun. ACM},
 issue_date = {Jan. 1992},
 volume = {35},
 number = {1},
 month = jan,
 year = {1992},
 issn = {0001-0782},
 pages = {123--131},
 numpages = {9},
 url = {http://doi.acm.org/10.1145/129617.129628},
 doi = {10.1145/129617.129628},
 acmid = {129628},
 publisher = {ACM},
 address = {New York, NY, USA},
 keywords = {business school, computer resources and services, computing environments},
}

@inproceedings{Hazard:1987:SIP:41866.41937,
 author = {Hazard, Susan and Solomon, David},
 title = {Student Internship Program: Capitalizing on Our Natural Resources},
 booktitle = {Proceedings of the 15th Annual ACM SIGUCCS Conference on User Services},
 series = {SIGUCCS '87},
 year = {1987},
 isbn = {0-89791-241-1},
 location = {Kansas City, Missouri, USA},
 pages = {397--403},
 numpages = {7},
 url = {http://doi.acm.org/10.1145/41866.41937},
 doi = {10.1145/41866.41937},
 acmid = {41937},
 publisher = {ACM},
 address = {New York, NY, USA},
}

@article{McGill:1995:IRS:201998.202012,
 author = {McGill, Tanya and Volet, Simone},
 title = {An Investigation of the Relationship Between Student Algorithm Quality and Program Quality},
 journal = {SIGCSE Bull.},
 issue_date = {June 1995},
 volume = {27},
 number = {2},
 month = jun,
 year = {1995},
 issn = {0097-8418},
 pages = {44--48},
 numpages = {5},
 url = {http://doi.acm.org/10.1145/201998.202012},
 doi = {10.1145/201998.202012},
 acmid = {202012},
 publisher = {ACM},
 address = {New York, NY, USA},
}

@article{Terry:1990:TSE:382296.382706,
 author = {Terry, B. and Logee, D.},
 title = {Terminology for Software Engineering Environment (SEE) and Computer-Aided Software Engineering (CASE)},
 journal = {SIGSOFT Softw. Eng. Notes},
 issue_date = {April 1990},
 volume = {15},
 number = {2},
 month = apr,
 year = {1990},
 issn = {0163-5948},
 pages = {83--94},
 numpages = {12},
 url = {http://doi.acm.org/10.1145/382296.382706},
 doi = {10.1145/382296.382706},
 acmid = {382706},
 publisher = {ACM},
 address = {New York, NY, USA},
}

@article{Taylor:1995:SDU:217030.217034,
 author = {Taylor, Richard N. and Tracz, Will and Coglianese, Lou},
 title = {Software Development Using Domain-specific Software Architectures: CDRl A011\&Mdash;a Curriculum Module in the SEI Style},
 journal = {SIGSOFT Softw. Eng. Notes},
 issue_date = {Dec. 1995},
 volume = {20},
 number = {5},
 month = dec,
 year = {1995},
 issn = {0163-5948},
 pages = {27--38},
 numpages = {12},
 url = {http://doi.acm.org/10.1145/217030.217034},
 doi = {10.1145/217030.217034},
 acmid = {217034},
 publisher = {ACM},
 address = {New York, NY, USA},
}

@inproceedings{Zinn:1971:CSC:800184.810524,
 note = {Chairman-Zinn, Karl L.},
 title = {Computer Science Contributions to Learning and Teaching (Panel)},
 booktitle = {Proceedings of the 1971 26th Annual Conference},
 series = {ACM '71},
 year = {1971},
 pages = {560--563},
 numpages = {4},
 url = {http://doi.acm.org/10.1145/800184.810524},
 doi = {10.1145/800184.810524},
 acmid = {810524},
 publisher = {ACM},
 address = {New York, NY, USA},
}

@inproceedings{Gerber:1969:DIC:800163.805181,
 author = {Gerber, Thomas L.},
 title = {Development of an Intermediate Course for Applications Programming},
 booktitle = {Proceedings of the Seventh Annual Conference on SIGCPR},
 series = {SIGCPR '69},
 year = {1969},
 location = {Illinois, USA},
 pages = {44--64},
 numpages = {21},
 url = {http://doi.acm.org/10.1145/800163.805181},
 doi = {10.1145/800163.805181},
 acmid = {805181},
 publisher = {ACM},
 address = {New York, NY, USA},
}

@inproceedings{Lin:2012:MAC:2457523.2457561,
 author = {Lin, Fuhua and Newcomb, Alex and Armstrong, A. J.},
 title = {A MAS Approach to Course Offering Determination},
 booktitle = {Proceedings of the The 2012 IEEE/WIC/ACM International Joint Conferences on Web Intelligence and Intelligent Agent Technology - Volume 03},
 series = {WI-IAT '12},
 year = {2012},
 isbn = {978-0-7695-4880-7},
 pages = {331--336},
 numpages = {6},
 url = {https://doi.org/10.1109/WI-IAT.2012.167},
 doi = {10.1109/WI-IAT.2012.167},
 acmid = {2457561},
 publisher = {IEEE Computer Society},
 address = {Washington, DC, USA},
 keywords = {multiagent systems, course-offering determination},
}

@article{Mazlack:1983:ISF:952978.801062,
 author = {Mazlack, Lawrence J.},
 title = {Introducing Subprograms As the First Control Structure in an Introductory Course},
 journal = {SIGCSE Bull.},
 issue_date = {February 1983},
 volume = {15},
 number = {1},
 month = feb,
 year = {1983},
 issn = {0097-8418},
 pages = {265--270},
 numpages = {6},
 url = {http://doi.acm.org/10.1145/952978.801062},
 doi = {10.1145/952978.801062},
 acmid = {801062},
 publisher = {ACM},
 address = {New York, NY, USA},
}

@inproceedings{Mazlack:1983:ISF:800038.801062,
 author = {Mazlack, Lawrence J.},
 title = {Introducing Subprograms As the First Control Structure in an Introductory Course},
 booktitle = {Proceedings of the Fourteenth SIGCSE Technical Symposium on Computer Science Education},
 series = {SIGCSE '83},
 year = {1983},
 isbn = {0-89791-091-5},
 location = {Orlando, Florida, USA},
 pages = {265--270},
 numpages = {6},
 url = {http://doi.acm.org/10.1145/800038.801062},
 doi = {10.1145/800038.801062},
 acmid = {801062},
 publisher = {ACM},
 address = {New York, NY, USA},
}

@article{Kindy:2000:DIT:331624.331629,
 author = {Kindy, Jeremy and Shuping, John and Underhill, Patricia Yali and John, David},
 title = {Design of an Interactive Tutorial for Logic and Logical Circuits},
 journal = {XRDS},
 issue_date = {March 2000},
 volume = {6},
 number = {3},
 month = mar,
 year = {2000},
 issn = {1528-4972},
 pages = {6--11},
 numpages = {6},
 url = {http://doi.acm.org/10.1145/331624.331629},
 doi = {10.1145/331624.331629},
 acmid = {331629},
 publisher = {ACM},
 address = {New York, NY, USA},
}

@inproceedings{Ramadhan:1992:IDP:143559.143630,
 author = {Ramadhan, Haider},
 title = {An Intelligent Discovery Programming System},
 booktitle = {Proceedings of the 1992 ACM/SIGAPP Symposium on Applied Computing: Technological Challenges of the 1990's},
 series = {SAC '92},
 year = {1992},
 isbn = {0-89791-502-X},
 location = {Kansas City, Missouri, USA},
 pages = {149--159},
 numpages = {11},
 url = {http://doi.acm.org/10.1145/143559.143630},
 doi = {10.1145/143559.143630},
 acmid = {143630},
 publisher = {ACM},
 address = {New York, NY, USA},
}

@article{Hundhausen:2009:DML:1592440.1592442,
 author = {Hundhausen, Christopher D. and Farley, Sean F. and Brown, Jonathan L.},
 title = {Can Direct Manipulation Lower the Barriers to Computer Programming and Promote Transfer of Training?: An Experimental Study},
 journal = {ACM Trans. Comput.-Hum. Interact.},
 issue_date = {September 2009},
 volume = {16},
 number = {3},
 month = sep,
 year = {2009},
 issn = {1073-0516},
 pages = {13:1--13:40},
 articleno = {13},
 numpages = {40},
 url = {http://doi.acm.org/10.1145/1592440.1592442},
 doi = {10.1145/1592440.1592442},
 acmid = {1592442},
 publisher = {ACM},
 address = {New York, NY, USA},
 keywords = {Direct manipulation, programming education, semantic components analysis, transfer of training, video analysis},
}

@inproceedings{Truong:2004:SAS:979968.980011,
 author = {Truong, Nghi and Roe, Paul and Bancroft, Peter},
 title = {Static Analysis of Students' Java Programs},
 booktitle = {Proceedings of the Sixth Australasian Conference on Computing Education - Volume 30},
 series = {ACE '04},
 year = {2004},
 location = {Dunedin, New Zealand},
 pages = {317--325},
 numpages = {9},
 url = {http://dl.acm.org/citation.cfm?id=979968.980011},
 acmid = {980011},
 publisher = {Australian Computer Society, Inc.},
 address = {Darlinghurst, Australia, Australia},
 keywords = {Java, Web, XML, online learning, static analysis, tutoring system},
}

@inproceedings{Hutchison:2000:GSO:354908.354933,
 author = {Hutchison, Linda J. and Hardcastle, Jay and Whalen, Bonnie},
 title = {Getting Students off on the Right Foot: One Step Toward Building the Future at ISU},
 booktitle = {Proceedings of the 28th Annual ACM SIGUCCS Conference on User Services: Building the Future},
 series = {SIGUCCS '00},
 year = {2000},
 isbn = {1-58113-229-8},
 location = {Richmond, Virginia, USA},
 pages = {106--114},
 numpages = {9},
 url = {http://doi.acm.org/10.1145/354908.354933},
 doi = {10.1145/354908.354933},
 acmid = {354933},
 publisher = {ACM},
 address = {New York, NY, USA},
 keywords = {24x7 support, RESnet, customer service techniques, help desk, student compting},
}

@article{Frand:1986:SSA:5465.6040,
 author = {Frand, Jason L. and McLean, Ephraim R.},
 title = {Summary of the Second Annual UCLA Survey of Business School Computer Usage},
 journal = {Commun. ACM},
 issue_date = {Jan. 1986},
 volume = {29},
 number = {1},
 month = jan,
 year = {1986},
 issn = {0001-0782},
 pages = {12--18},
 numpages = {7},
 url = {http://doi.acm.org/10.1145/5465.6040},
 doi = {10.1145/5465.6040},
 acmid = {6040},
 publisher = {ACM},
 address = {New York, NY, USA},
}

@article{King:1979:CCI:953030.809561,
 author = {King, Ronald S. and Rine, David C. and Furman, DuWayne D. and Schaefer, William A.},
 title = {Competency in Computer Instruction in Illinois Public Schools},
 journal = {SIGCSE Bull.},
 issue_date = {February 1979},
 volume = {11},
 number = {1},
 month = jan,
 year = {1979},
 issn = {0097-8418},
 pages = {89--100},
 numpages = {12},
 url = {http://doi.acm.org/10.1145/953030.809561},
 doi = {10.1145/953030.809561},
 acmid = {809561},
 publisher = {ACM},
 address = {New York, NY, USA},
}

@inproceedings{King:1979:CCI:800126.809561,
 author = {King, Ronald S. and Rine, David C. and Furman, DuWayne D. and Schaefer, William A.},
 title = {Competency in Computer Instruction in Illinois Public Schools},
 booktitle = {Proceedings of the Tenth SIGCSE Technical Symposium on Computer Science Education},
 series = {SIGCSE '79},
 year = {1979},
 pages = {89--100},
 numpages = {12},
 url = {http://doi.acm.org/10.1145/800126.809561},
 doi = {10.1145/800126.809561},
 acmid = {809561},
 publisher = {ACM},
 address = {New York, NY, USA},
}

@article{Haugerud:1990:ASI:97351.97415,
 author = {Haugerud, Albert R. and Chambers, Pattrick O.},
 title = {Addressing Social Issues with Non-linear Training Programs},
 journal = {SIGCAS Comput. Soc.},
 issue_date = {Oct. 1990},
 volume = {20},
 number = {3},
 month = aug,
 year = {1990},
 issn = {0095-2737},
 pages = {147--151},
 numpages = {5},
 url = {http://doi.acm.org/10.1145/97351.97415},
 doi = {10.1145/97351.97415},
 acmid = {97415},
 publisher = {ACM},
 address = {New York, NY, USA},
}

@inproceedings{Haugerud:1990:ASI:97344.97415,
 author = {Haugerud, Albert R. and Chambers, Pattrick O.},
 title = {Addressing Social Issues with Non-linear Training Programs},
 booktitle = {Proceedings of the Conference on Computers and the Quality of Life},
 series = {CQL '90},
 year = {1990},
 isbn = {0-89791-403-1},
 location = {George Washington University, Washington, D.C., USA},
 pages = {147--151},
 numpages = {5},
 url = {http://doi.acm.org/10.1145/97344.97415},
 doi = {10.1145/97344.97415},
 acmid = {97415},
 publisher = {ACM},
 address = {New York, NY, USA},
}

@inproceedings{Drachsler:2014:ILA:2567574.2567617,
 author = {Drachsler, Hendrik and Stoyanov, Slavi and Specht, Marcus},
 title = {The Impact of Learning Analytics on the Dutch Education System},
 booktitle = {Proceedings of the Fourth International Conference on Learning Analytics And Knowledge},
 series = {LAK '14},
 year = {2014},
 isbn = {978-1-4503-2664-3},
 location = {Indianapolis, Indiana, USA},
 pages = {158--162},
 numpages = {5},
 url = {http://doi.acm.org/10.1145/2567574.2567617},
 doi = {10.1145/2567574.2567617},
 acmid = {2567617},
 publisher = {ACM},
 address = {New York, NY, USA},
 keywords = {community building, focus group, group concept mapping, learning analytics},
}

@article{Bonar:1986:OAI:960112.28723,
 author = {Bonar, Jeffrey and Cunningham, Robert and Schultz, Jamie},
 title = {An Object-oriented Architecture for Intelligent Tutoring Systems},
 journal = {SIGPLAN Not.},
 issue_date = {Nov. 1986},
 volume = {21},
 number = {11},
 month = jun,
 year = {1986},
 issn = {0362-1340},
 pages = {269--276},
 numpages = {8},
 url = {http://doi.acm.org/10.1145/960112.28723},
 doi = {10.1145/960112.28723},
 acmid = {28723},
 publisher = {ACM},
 address = {New York, NY, USA},
}

@inproceedings{Bonar:1986:OAI:28697.28723,
 author = {Bonar, Jeffrey and Cunningham, Robert and Schultz, Jamie},
 title = {An Object-oriented Architecture for Intelligent Tutoring Systems},
 booktitle = {Conference Proceedings on Object-oriented Programming Systems, Languages and Applications},
 series = {OOPSLA '86},
 year = {1986},
 isbn = {0-89791-204-7},
 location = {Portland, Oregon, USA},
 pages = {269--276},
 numpages = {8},
 url = {http://doi.acm.org/10.1145/28697.28723},
 doi = {10.1145/28697.28723},
 acmid = {28723},
 publisher = {ACM},
 address = {New York, NY, USA},
}

@article{Thakkar:1997:VRE:262171.262186,
 author = {Thakkar, U. and Chapman, D. A.},
 title = {Virtual Reality and Education Program for Educators: Work-in-progress Report on the Year-long Project},
 journal = {SIGGRAPH Comput. Graph.},
 issue_date = {August 1997},
 volume = {31},
 number = {3},
 month = aug,
 year = {1997},
 issn = {0097-8930},
 pages = {35--37},
 numpages = {3},
 url = {http://doi.acm.org/10.1145/262171.262186},
 doi = {10.1145/262171.262186},
 acmid = {262186},
 publisher = {ACM},
 address = {New York, NY, USA},
}

@inproceedings{Giordano:2000:PSE:355460.355472,
 author = {Giordano, Richard and Bell, David},
 title = {Participant Stakeholder Evaluation As a Design Process},
 booktitle = {Proceedings on the 2000 Conference on Universal Usability},
 series = {CUU '00},
 year = {2000},
 isbn = {1-58113-314-6},
 location = {Arlington, Virginia, USA},
 pages = {53--60},
 numpages = {8},
 url = {http://doi.acm.org/10.1145/355460.355472},
 doi = {10.1145/355460.355472},
 acmid = {355472},
 publisher = {ACM},
 address = {New York, NY, USA},
 keywords = {action research, collaborative inquiry, distance learning design, evaluation, learning module design, learning object design, participatory design},
}

@article{Soloway:1986:LPL:6592.6594,
 author = {Soloway, E.},
 title = {Learning to Program = Learning to Construct Mechanisms and Explanations},
 journal = {Commun. ACM},
 issue_date = {Sept. 1986},
 volume = {29},
 number = {9},
 month = sep,
 year = {1986},
 issn = {0001-0782},
 pages = {850--858},
 numpages = {9},
 url = {http://doi.acm.org/10.1145/6592.6594},
 doi = {10.1145/6592.6594},
 acmid = {6594},
 publisher = {ACM},
 address = {New York, NY, USA},
}

@inproceedings{Ahn:2013:SAR:2534329.2534342,
 author = {Ahn, Jong-gil and Kim, Gerard J. and Yeon, Hyemin and Hyun, Eunja and Choi, Kyoung},
 title = {Supporting Augmented Reality Based Children's Play with Pro-cam Robot: Three User Perspectives},
 booktitle = {Proceedings of the 12th ACM SIGGRAPH International Conference on Virtual-Reality Continuum and Its Applications in Industry},
 series = {VRCAI '13},
 year = {2013},
 isbn = {978-1-4503-2590-5},
 location = {Hong Kong, Hong Kong},
 pages = {17--24},
 numpages = {8},
 url = {http://doi.acm.org/10.1145/2534329.2534342},
 doi = {10.1145/2534329.2534342},
 acmid = {2534342},
 publisher = {ACM},
 address = {New York, NY, USA},
 keywords = {augmented reality, children's dramatic play, education, human robot interaction, interface design, projector robot},
}

@inproceedings{Corbett:2000:IIC:332040.332412,
 author = {Corbett, Albert and Trask, Holly},
 title = {Instructional Interventions in Computer-based Tutoring: Differential Impact on Learning Time and Accuracy},
 booktitle = {Proceedings of the SIGCHI Conference on Human Factors in Computing Systems},
 series = {CHI '00},
 year = {2000},
 isbn = {1-58113-216-6},
 location = {The Hague, The Netherlands},
 pages = {97--104},
 numpages = {8},
 url = {http://doi.acm.org/10.1145/332040.332412},
 doi = {10.1145/332040.332412},
 acmid = {332412},
 publisher = {ACM},
 address = {New York, NY, USA},
 keywords = {animation, instructional interface design, intelligent tutoring systems, plan scaffolding, student modeling},
}

@article{Faas:2018:WMC:3290265.3274319,
 author = {Faas, Travis and Dombrowski, Lynn and Young, Alyson and Miller, Andrew D.},
 title = {Watch Me Code: Programming Mentorship Communities on Twitch.Tv},
 journal = {Proc. ACM Hum.-Comput. Interact.},
 issue_date = {November 2018},
 volume = {2},
 number = {CSCW},
 month = nov,
 year = {2018},
 issn = {2573-0142},
 pages = {50:1--50:18},
 articleno = {50},
 numpages = {18},
 url = {http://doi.acm.org/10.1145/3274319},
 doi = {10.1145/3274319},
 acmid = {3274319},
 publisher = {ACM},
 address = {New York, NY, USA},
 keywords = {communities of practice, cscl, live coding, live streaming, mentoring, twitch},
}

@inproceedings{Murnan:2007:MWI:1294046.1294108,
 author = {Murnan, Cynthia A.},
 title = {The Magical World of an Information Commons},
 booktitle = {Proceedings of the 35th  Annual ACM SIGUCCS Fall Conference},
 series = {SIGUCCS '07},
 year = {2007},
 isbn = {978-1-59593-634-9},
 location = {Orlando, Florida, USA},
 pages = {261--268},
 numpages = {8},
 url = {http://doi.acm.org/10.1145/1294046.1294108},
 doi = {10.1145/1294046.1294108},
 acmid = {1294108},
 publisher = {ACM},
 address = {New York, NY, USA},
 keywords = {academic commons, architect, audio/visual, caf{\'e}, circulation, collaboration, computers, design, finishes, furnishings, group study, information commons, information technology, interlibrary loan, library, multi-media, reference, workstations},
}

@article{Bielikova:1998:LPP:274930.274936,
 author = {Bielikov\'{a}, M\'{a}ria and N\'{a}vrat, Pavol},
 title = {Learning Programming in Prolog Using Schemata},
 journal = {SIGPLAN Not.},
 issue_date = {Feb. 1998},
 volume = {33},
 number = {2},
 month = feb,
 year = {1998},
 issn = {0362-1340},
 pages = {41--47},
 numpages = {7},
 url = {http://doi.acm.org/10.1145/274930.274936},
 doi = {10.1145/274930.274936},
 acmid = {274936},
 publisher = {ACM},
 address = {New York, NY, USA},
 keywords = {Prolog, logic programming, program, schemata},
}

@inproceedings{Meier:2009:FCA:1599503.1599556,
 author = {Meier, Anne and Spada, Hans},
 title = {Fostering Collaborators' Ability to Draw Inferences from Distributed Information: A Training Experiment},
 booktitle = {Proceedings of the 9th International Conference on Computer Supported Collaborative Learning - Volume 2},
 series = {CSCL'09},
 year = {2009},
 isbn = {978-1-4092-8598-4},
 location = {Rhodes, Greece},
 pages = {156--158},
 numpages = {3},
 url = {http://dl.acm.org/citation.cfm?id=1599503.1599556},
 acmid = {1599556},
 publisher = {International Society of the Learning Sciences},
}

@inproceedings{Satwicz:2007:TPC:1599600.1599719,
 author = {Satwicz, Tom and Stevens, Reed},
 title = {Tools of Play: Coordinating Games, Characters, and Actions While Learning to Play Video Games},
 booktitle = {Proceedings of the 8th Iternational Conference on Computer Supported Collaborative Learning},
 series = {CSCL'07},
 year = {2007},
 isbn = {978-0-6151-5436-7},
 location = {New Brunswick, New Jersey, USA},
 pages = {633--642},
 numpages = {10},
 url = {http://dl.acm.org/citation.cfm?id=1599600.1599719},
 acmid = {1599719},
 publisher = {International Society of the Learning Sciences},
}

