@inproceedings{Stroud:2019:UTS:3318396.3318399,
 author = {Stroud, Robert},
 title = {The Use of Technology to Support Theories of Learner Engagement},
 booktitle = {Proceedings of the 2019 8th International Conference on Educational and Information Technology},
 series = {ICEIT 2019},
 year = {2019},
 isbn = {978-1-4503-6267-2},
 location = {Cambridge, United Kingdom},
 pages = {137--140},
 numpages = {4},
 url = {http://doi.acm.org/10.1145/3318396.3318399},
 doi = {10.1145/3318396.3318399},
 acmid = {3318399},
 publisher = {ACM},
 address = {New York, NY, USA},
 keywords = {CALL, achievement goal theory, engagement, expectancy-value theory, motivation, self-determination theory, social cognitive theory, technology},
}

@inproceedings{Sobel:2017:ESF:2998181.2998231,
 author = {Sobel, Kiley and Kovacs, Geza and McQuillen, Galen and Cross, Andrew and Chandrasekaran, Nirupama and Riche, Nathalie Henry and Cutrell, Ed and Morris, Meredith Ringel},
 title = {EduFeed: A Social Feed to Engage Preliterate Children in Educational Activities},
 booktitle = {Proceedings of the 2017 ACM Conference on Computer Supported Cooperative Work and Social Computing},
 series = {CSCW '17},
 year = {2017},
 isbn = {978-1-4503-4335-0},
 location = {Portland, Oregon, USA},
 pages = {491--504},
 numpages = {14},
 url = {http://doi.acm.org/10.1145/2998181.2998231},
 doi = {10.1145/2998181.2998231},
 acmid = {2998231},
 publisher = {ACM},
 address = {New York, NY, USA},
 keywords = {CSCL, ICT4D, children, education, literacy, social feeds},
}

@article{Kizilcec:2015:MLU:2744768.2699735,
 author = {Kizilcec, Ren{\'e} F. and Schneider, Emily},
 title = {Motivation As a Lens to Understand Online Learners: Toward Data-Driven Design with the OLEI Scale},
 journal = {ACM Trans. Comput.-Hum. Interact.},
 issue_date = {April 2015},
 volume = {22},
 number = {2},
 month = mar,
 year = {2015},
 issn = {1073-0516},
 pages = {6:1--6:24},
 articleno = {6},
 numpages = {24},
 url = {http://doi.acm.org/10.1145/2699735},
 doi = {10.1145/2699735},
 acmid = {2699735},
 publisher = {ACM},
 address = {New York, NY, USA},
 keywords = {MOOCs, Motivation, OLEI scale, Online Learning Enrollment Intentions, massive open online courses, online course design, open online learning environments, success metrics},
}

@inproceedings{Zhao:2018:RRT:3231848.3231862,
 author = {Zhao, Chengling and Ma, Chenxing},
 title = {A Research on the Relationship Between Teaching Presence and Online Learners' Basic Psychological Needs},
 booktitle = {Proceedings of the 2018 International Conference on Distance Education and Learning},
 series = {ICDEL '18},
 year = {2018},
 isbn = {978-1-4503-6431-7},
 location = {Beijing, China},
 pages = {140--144},
 numpages = {5},
 url = {http://doi.acm.org/10.1145/3231848.3231862},
 doi = {10.1145/3231848.3231862},
 acmid = {3231862},
 publisher = {ACM},
 address = {New York, NY, USA},
 keywords = {Basic psychological needs, Online learning, Teaching presence},
}

@inproceedings{Cassel:2019:SME:3304221.3325578,
 author = {Cassel, Lillian and Dicheva, Darina and Dichev, Christo and Guy, Breonte and Irwin, Keith},
 title = {Student Motivation and Engagement in STEM Courses: Exploring the Potential Impact of Gamification},
 booktitle = {Proceedings of the 2019 ACM Conference on Innovation and Technology in Computer Science Education},
 series = {ITiCSE '19},
 year = {2019},
 isbn = {978-1-4503-6301-3},
 location = {Aberdeen, Scotland Uk},
 pages = {299--299},
 numpages = {1},
 url = {http://doi.acm.org/10.1145/3304221.3325578},
 doi = {10.1145/3304221.3325578},
 acmid = {3325578},
 publisher = {ACM},
 address = {New York, NY, USA},
 keywords = {computing education, gamification, student engagement},
}

@inproceedings{Goshevski:2017:RGP:3136273.3136299,
 author = {Goshevski, Dimitar and Veljanoska, Joana and Hatziapostolou, Thanos},
 title = {A Review of Gamification Platforms for Higher Education},
 booktitle = {Proceedings of the 8th Balkan Conference in Informatics},
 series = {BCI '17},
 year = {2017},
 isbn = {978-1-4503-5285-7},
 location = {Skopje, Macedonia},
 pages = {28:1--28:6},
 articleno = {28},
 numpages = {6},
 url = {http://doi.acm.org/10.1145/3136273.3136299},
 doi = {10.1145/3136273.3136299},
 acmid = {3136299},
 publisher = {ACM},
 address = {New York, NY, USA},
 keywords = {Gamification, Gamification Platforms, Higher Education},
}

@inproceedings{Prieto:2015:MAP:2808580.2808601,
 author = {Prieto, Jos{\'e} Carlos S\'{a}nchez and Miguel\'{a}\~{n}ez, Susana Olmos and Garc\'{\i}a-Pe\~{n}alvo, Francisco J.},
 title = {Mobile Acceptance Among Pre-service Teachers: A Descriptive Study Using a TAM-based Model},
 booktitle = {Proceedings of the 3rd International Conference on Technological Ecosystems for Enhancing Multiculturality},
 series = {TEEM '15},
 year = {2015},
 isbn = {978-1-4503-3442-6},
 location = {Porto, Portugal},
 pages = {131--137},
 numpages = {7},
 url = {http://doi.acm.org/10.1145/2808580.2808601},
 doi = {10.1145/2808580.2808601},
 acmid = {2808601},
 publisher = {ACM},
 address = {New York, NY, USA},
 keywords = {TAM, higher education, mobile learning, pre-service teachers, technology adoption},
}

@inproceedings{Sudsomboon:2019:FAA:3322134.3322136,
 author = {Sudsomboon, Sopana},
 title = {Factors Affecting Achievement Motivation for the Students' Graduation in Master of Education Program in Educational Administration},
 booktitle = {Proceedings of the 2019 International Conference on Big Data and Education},
 series = {ICBDE'19},
 year = {2019},
 isbn = {978-1-4503-6186-6},
 location = {London, United Kingdom},
 pages = {135--139},
 numpages = {5},
 url = {http://doi.acm.org/10.1145/3322134.3322136},
 doi = {10.1145/3322134.3322136},
 acmid = {3322136},
 publisher = {ACM},
 address = {New York, NY, USA},
 keywords = {Achievement motivation, Students' graduation, educational administration, master of education program},
}

@inproceedings{Qiu:2017:IMP:3160908.3160909,
 author = {Qiu, Shu. B.},
 title = {Influence of Mobile Phone Internet to the Efficiency of Pharmaceutical College Students' Classroom Learning},
 booktitle = {Proceedings of the 2017 International Conference on Education and E-Learning},
 series = {ICEEL 2017},
 year = {2017},
 isbn = {978-1-4503-5377-9},
 location = {Bangkok, Thailand},
 pages = {1--4},
 numpages = {4},
 url = {http://doi.acm.org/10.1145/3160908.3160909},
 doi = {10.1145/3160908.3160909},
 acmid = {3160909},
 publisher = {ACM},
 address = {New York, NY, USA},
 keywords = {Classroom efficiency, College students, Granger relationship, Mobile phone internet},
}

@inproceedings{Tolentino:2019:GPI:3306500.3306527,
 author = {Tolentino, Analyn N. and Roleda, Lydia S.},
 title = {Gamified Physics Instruction in a Reformatory Classroom Context},
 booktitle = {Proceedings of the 10th International Conference on E-Education, E-Business, E-Management and E-Learning},
 series = {IC4E '19},
 year = {2019},
 isbn = {978-1-4503-6602-1},
 location = {Tokyo, Japan},
 pages = {135--140},
 numpages = {6},
 url = {http://doi.acm.org/10.1145/3306500.3306527},
 doi = {10.1145/3306500.3306527},
 acmid = {3306527},
 publisher = {ACM},
 address = {New York, NY, USA},
 keywords = {achievement, gamification, motivation, physics},
}

@inproceedings{Gooch:2016:UGM:2858036.2858231,
 author = {Gooch, Daniel and Vasalou, Asimina and Benton, Laura and Khaled, Rilla},
 title = {Using Gamification to Motivate Students with Dyslexia},
 booktitle = {Proceedings of the 2016 CHI Conference on Human Factors in Computing Systems},
 series = {CHI '16},
 year = {2016},
 isbn = {978-1-4503-3362-7},
 location = {San Jose, California, USA},
 pages = {969--980},
 numpages = {12},
 url = {http://doi.acm.org/10.1145/2858036.2858231},
 doi = {10.1145/2858036.2858231},
 acmid = {2858231},
 publisher = {ACM},
 address = {New York, NY, USA},
 keywords = {dyslexia, educational technology, gamification, sen},
}

@inproceedings{Chen:2018:UEG:3178158.3178188,
 author = {Chen, Yang},
 title = {Understanding How Educational Gamification Impacts Users' Behavior: A Theoretical Analysis},
 booktitle = {Proceedings of the 6th International Conference on Information and Education Technology},
 series = {ICIET '18},
 year = {2018},
 isbn = {978-1-4503-5359-5},
 location = {Osaka, Japan},
 pages = {154--159},
 numpages = {6},
 url = {http://doi.acm.org/10.1145/3178158.3178188},
 doi = {10.1145/3178158.3178188},
 acmid = {3178188},
 publisher = {ACM},
 address = {New York, NY, USA},
 keywords = {behavior, gamification, motivation, theory of planned behavior},
}

@inproceedings{Martha:2018:IMT:3290511.3290530,
 author = {Martha, Ati Suci Dian and Santoso, Harry B.},
 title = {Investigation of Motivation Theory on Pedagogical Agents Design in the Online Learning Environment},
 booktitle = {Proceedings of the 10th International Conference on Education Technology and Computers},
 series = {ICETC '18},
 year = {2018},
 isbn = {978-1-4503-6517-8},
 location = {Tokyo, Japan},
 pages = {217--222},
 numpages = {6},
 url = {http://doi.acm.org/10.1145/3290511.3290530},
 doi = {10.1145/3290511.3290530},
 acmid = {3290530},
 publisher = {ACM},
 address = {New York, NY, USA},
 keywords = {e-learning, motivation, motivator, pedagogical agent, role agent},
}

@inproceedings{Babori:2019:RMC:3320326.3320349,
 author = {Babori, Abdelghani and Fassi, Hicham Fihri and Zaid, Abdelkarim},
 title = {Research on MOOCs: Current Trends and Taking into Account of Content},
 booktitle = {Proceedings of the 2Nd International Conference on Networking, Information Systems \& Security},
 series = {NISS19},
 year = {2019},
 isbn = {978-1-4503-6645-8},
 location = {Rabat, Morocco},
 pages = {17:1--17:9},
 articleno = {17},
 numpages = {9},
 url = {http://doi.acm.org/10.1145/3320326.3320349},
 doi = {10.1145/3320326.3320349},
 acmid = {3320349},
 publisher = {ACM},
 address = {New York, NY, USA},
 keywords = {MOOC, content, didactics, systematic review},
}

@article{Isomottonen:2019:SGE:3303943.3277568,
 author = {Isom\"{o}tt\"{o}nen, Ville and Daniels, Mats and Cajander, \AAsa and Pears, Arnold and Mcdermott, Roger},
 title = {Searching for Global Employability: Can Students Capitalize on Enabling Learning Environments?},
 journal = {ACM Trans. Comput. Educ.},
 issue_date = {February 2019},
 volume = {19},
 number = {2},
 month = jan,
 year = {2019},
 issn = {1946-6226},
 pages = {11:1--11:29},
 articleno = {11},
 numpages = {29},
 url = {http://doi.acm.org/10.1145/3277568},
 doi = {10.1145/3277568},
 acmid = {3277568},
 publisher = {ACM},
 address = {New York, NY, USA},
 keywords = {Project-based learning, employability, global software engineering education},
}

@inproceedings{Denny:2018:ESC:3173574.3173885,
 author = {Denny, Paul and McDonald, Fiona and Empson, Ruth and Kelly, Philip and Petersen, Andrew},
 title = {Empirical Support for a Causal Relationship Between Gamification and Learning Outcomes},
 booktitle = {Proceedings of the 2018 CHI Conference on Human Factors in Computing Systems},
 series = {CHI '18},
 year = {2018},
 isbn = {978-1-4503-5620-6},
 location = {Montreal QC, Canada},
 pages = {311:1--311:13},
 articleno = {311},
 numpages = {13},
 url = {http://doi.acm.org/10.1145/3173574.3173885},
 doi = {10.1145/3173574.3173885},
 acmid = {3173885},
 publisher = {ACM},
 address = {New York, NY, USA},
 keywords = {badges, gamification, peerwise, points, self-testing},
}

@article{McCartney:2016:WCS:2883588.2747008,
 author = {McCartney, Robert and Boustedt, Jonas and Eckerdal, Anna and Sanders, Kate and Thomas, Lynda and Zander, Carol},
 title = {Why Computing Students Learn on Their Own: Motivation for Self-Directed Learning of Computing},
 journal = {ACM Trans. Comput. Educ.},
 issue_date = {February 2016},
 volume = {16},
 number = {1},
 month = jan,
 year = {2016},
 issn = {1946-6226},
 pages = {2:1--2:18},
 articleno = {2},
 numpages = {18},
 url = {http://doi.acm.org/10.1145/2747008},
 doi = {10.1145/2747008},
 acmid = {2747008},
 publisher = {ACM},
 address = {New York, NY, USA},
 keywords = {Motivation, informal learning, self-directed learning},
}

@inproceedings{Law:2014:WSB:2641580.2641603,
 author = {Law, Wilson W. T. and King, Ronnel B. and Notari, Michele and Cheng, Eddie W. L. and Chu, Samuel K. W.},
 title = {Why Do Some Students Become More Engaged in Collaborative Wiki Writing? The Role of Sense of Relatedness},
 booktitle = {Proceedings of The International Symposium on Open Collaboration},
 series = {OpenSym '14},
 year = {2014},
 isbn = {978-1-4503-3016-9},
 location = {Berlin, Germany},
 pages = {18:1--18:6},
 articleno = {18},
 numpages = {6},
 url = {http://doi.acm.org/10.1145/2641580.2641603},
 doi = {10.1145/2641580.2641603},
 acmid = {2641603},
 publisher = {ACM},
 address = {New York, NY, USA},
 keywords = {Engagement, Open collaboration, Relatedness, Wiki},
}

@article{Isomottonen:2013:TPE:2483710.2483711,
 author = {Isom\"{o}tt\"{o}nen, Ville and Tirronen, Ville},
 title = {Teaching Programming by Emphasizing Self-direction: How Did Students React to the Active Role Required of Them?},
 journal = {Trans. Comput. Educ.},
 issue_date = {June 2013},
 volume = {13},
 number = {2},
 month = jul,
 year = {2013},
 issn = {1946-6226},
 pages = {6:1--6:21},
 articleno = {6},
 numpages = {21},
 url = {http://doi.acm.org/10.1145/2483710.2483711},
 doi = {10.1145/2483710.2483711},
 acmid = {2483711},
 publisher = {ACM},
 address = {New York, NY, USA},
 keywords = {Self-direction, programming education},
}

@inproceedings{Chen:2014:FML:2556325.2567872,
 author = {Chen, Pin-Ju and Chen, Yang-Hsueh},
 title = {Facilitating MOOCs Learning Through Weekly Meet-up: A Case Study in Taiwan},
 booktitle = {Proceedings of the First ACM Conference on Learning @ Scale Conference},
 series = {L@S '14},
 year = {2014},
 isbn = {978-1-4503-2669-8},
 location = {Atlanta, Georgia, USA},
 pages = {183--184},
 numpages = {2},
 url = {http://doi.acm.org/10.1145/2556325.2567872},
 doi = {10.1145/2556325.2567872},
 acmid = {2567872},
 publisher = {ACM},
 address = {New York, NY, USA},
 keywords = {distance learning, learning strategies, mooc, self-determination theory, self-regulated learning},
}

@article{Isomottonen:2016:FBA:3003827.2934697,
 author = {Isom\"{o}tt\"{o}nen, Ville and Tirronen, Ville},
 title = {Flipping and Blending\&Mdash;An Action Research Project on Improving a Functional Programming Course},
 journal = {Trans. Comput. Educ.},
 issue_date = {January 2017},
 volume = {17},
 number = {1},
 month = sep,
 year = {2016},
 issn = {1946-6226},
 pages = {1:1--1:35},
 articleno = {1},
 numpages = {35},
 url = {http://doi.acm.org/10.1145/2934697},
 doi = {10.1145/2934697},
 acmid = {2934697},
 publisher = {ACM},
 address = {New York, NY, USA},
 keywords = {Action research, blended learning, flipped classroom, functional programming, independent study},
}

@inproceedings{Behnke:2016:CSP:2960310.2960336,
 author = {Behnke, Kara Alexandra and Kos, Brittany Ann and Bennett, John K.},
 title = {Computer Science Principles: Impacting Student Motivation \&\#38; Learning Within and Beyond the Classroom},
 booktitle = {Proceedings of the 2016 ACM Conference on International Computing Education Research},
 series = {ICER '16},
 year = {2016},
 isbn = {978-1-4503-4449-4},
 location = {Melbourne, VIC, Australia},
 pages = {171--180},
 numpages = {10},
 url = {http://doi.acm.org/10.1145/2960310.2960336},
 doi = {10.1145/2960310.2960336},
 acmid = {2960336},
 publisher = {ACM},
 address = {New York, NY, USA},
 keywords = {computational thinking, computer science principles, connectivism, constructionism, learning outcomes., motivation, self-determination theory, self-directed learning},
}

@inproceedings{Apiola:2010:CIM:1822090.1822147,
 author = {Apiola, Mikko and Lattu, Matti and Pasanen, Tomi A.},
 title = {Creativity and Intrinsic Motivation in Computer Science Education: Experimenting with Robots},
 booktitle = {Proceedings of the Fifteenth Annual Conference on Innovation and Technology in Computer Science Education},
 series = {ITiCSE '10},
 year = {2010},
 isbn = {978-1-60558-820-9},
 location = {Bilkent, Ankara, Turkey},
 pages = {199--203},
 numpages = {5},
 url = {http://doi.acm.org/10.1145/1822090.1822147},
 doi = {10.1145/1822090.1822147},
 acmid = {1822147},
 publisher = {ACM},
 address = {New York, NY, USA},
 keywords = {constructionism, creativity, motivation, open learning environment, robotics},
}

@inproceedings{Zarb:2019:LOD:3304221.3325548,
 author = {Zarb, Mark and Scott, Michael},
 title = {Laughter over Dread: Early Collaborative Problem Solving Through an Extended Induction Using Robots},
 booktitle = {Proceedings of the 2019 ACM Conference on Innovation and Technology in Computer Science Education},
 series = {ITiCSE '19},
 year = {2019},
 isbn = {978-1-4503-6301-3},
 location = {Aberdeen, Scotland Uk},
 pages = {249--250},
 numpages = {2},
 url = {http://doi.acm.org/10.1145/3304221.3325548},
 doi = {10.1145/3304221.3325548},
 acmid = {3325548},
 publisher = {ACM},
 address = {New York, NY, USA},
 keywords = {communities of practice, induction, interpersonal skills, problem solving, robots, teamwork},
}

@article{Howles:2007:PRL:1231091.1231097,
 author = {Howles, Trudy},
 title = {Preliminary Results of a Longitudinal Study of Computer Science Student Trends, Behaviors and Preferences},
 journal = {J. Comput. Sci. Coll.},
 issue_date = {June 2007},
 volume = {22},
 number = {6},
 month = jun,
 year = {2007},
 issn = {1937-4771},
 pages = {18--27},
 numpages = {10},
 url = {http://dl.acm.org/citation.cfm?id=1231091.1231097},
 acmid = {1231097},
 publisher = {Consortium for Computing Sciences in Colleges},
 address = {USA},
}

@article{McGill:2012:LPP:2133797.2133801,
 author = {McGill, Monica M.},
 title = {Learning to Program with Personal Robots: Influences on Student Motivation},
 journal = {Trans. Comput. Educ.},
 issue_date = {March 2012},
 volume = {12},
 number = {1},
 month = mar,
 year = {2012},
 issn = {1946-6226},
 pages = {4:1--4:32},
 articleno = {4},
 numpages = {32},
 url = {http://doi.acm.org/10.1145/2133797.2133801},
 doi = {10.1145/2133797.2133801},
 acmid = {2133801},
 publisher = {ACM},
 address = {New York, NY, USA},
 keywords = {CS0, CS1, Motivation, Myro, curriculum, education, personal robots, programming},
}

@inproceedings{Brich:2017:MGD:3130859.3133222,
 author = {Brich, Julia},
 title = {Motivational Game Design Factors In Player-Game Adaptivity},
 booktitle = {Extended Abstracts Publication of the Annual Symposium on Computer-Human Interaction in Play},
 series = {CHI PLAY '17 Extended Abstracts},
 year = {2017},
 isbn = {978-1-4503-5111-9},
 location = {Amsterdam, The Netherlands},
 pages = {683--686},
 numpages = {4},
 url = {http://doi.acm.org/10.1145/3130859.3133222},
 doi = {10.1145/3130859.3133222},
 acmid = {3133222},
 publisher = {ACM},
 address = {New York, NY, USA},
 keywords = {adaptive games, game mechanics, player motivation},
}

@article{Apiola:2012:CLE:2275597.2275600,
 author = {Apiola, Mikko and Lattu, Matti and Pasanen, Tomi A.},
 title = {Creativity-Supporting Learning Environment---CSLE},
 journal = {Trans. Comput. Educ.},
 issue_date = {July 2012},
 volume = {12},
 number = {3},
 month = jul,
 year = {2012},
 issn = {1946-6226},
 pages = {11:1--11:25},
 articleno = {11},
 numpages = {25},
 url = {http://doi.acm.org/10.1145/2275597.2275600},
 doi = {10.1145/2275597.2275600},
 acmid = {2275600},
 publisher = {ACM},
 address = {New York, NY, USA},
 keywords = {Robotics, creativity, motivation, open learning environment},
}

@article{Hosseini:2019:LCP:3308443.3282844,
 author = {Hosseini, Hadi and Hartt, Maxwell and Mostafapour, Mehrnaz},
 title = {Learning IS Child\&\#x02019;s Play: Game-Based Learning in Computer Science Education},
 journal = {ACM Trans. Comput. Educ.},
 issue_date = {June 2019},
 volume = {19},
 number = {3},
 month = jan,
 year = {2019},
 issn = {1946-6226},
 pages = {22:1--22:18},
 articleno = {22},
 numpages = {18},
 url = {http://doi.acm.org/10.1145/3282844},
 doi = {10.1145/3282844},
 acmid = {3282844},
 publisher = {ACM},
 address = {New York, NY, USA},
 keywords = {Game-based learning, computer science, disciplinary culture, higher education, student perception, team work},
}

@inproceedings{Holman:2015:PSS:2723576.2723632,
 author = {Holman, Caitlin and Aguilar, Stephen J. and Levick, Adam and Stern, Jeff and Plummer, Benjamin and Fishman, Barry},
 title = {Planning for Success: How Students Use a Grade Prediction Tool to Win Their Classes},
 booktitle = {Proceedings of the Fifth International Conference on Learning Analytics And Knowledge},
 series = {LAK '15},
 year = {2015},
 isbn = {978-1-4503-3417-4},
 location = {Poughkeepsie, New York},
 pages = {260--264},
 numpages = {5},
 url = {http://doi.acm.org/10.1145/2723576.2723632},
 doi = {10.1145/2723576.2723632},
 acmid = {2723632},
 publisher = {ACM},
 address = {New York, NY, USA},
 keywords = {design-research, gameful instruction, higher education, learning analytics},
}

@inproceedings{Opel:2013:PIL:2532748.2532760,
 author = {Opel, Simone and H\"{o}pfl, Alexander and Brinda, Torsten},
 title = {Practical Implementation of Learning Fields in Vocational IT/CS Education: A Guideline on Designing Learning Situations},
 booktitle = {Proceedings of the 8th Workshop in Primary and Secondary Computing Education},
 series = {WiPSE '13},
 year = {2013},
 isbn = {978-1-4503-2455-7},
 location = {Aarhus, Denmark},
 pages = {132--135},
 numpages = {4},
 url = {http://doi.acm.org/10.1145/2532748.2532760},
 doi = {10.1145/2532748.2532760},
 acmid = {2532760},
 publisher = {ACM},
 address = {New York, NY, USA},
 keywords = {computer science education, game development, learning fields, learning situations, vocational IT education},
}

@inproceedings{McGill:2018:MST:3174781.3174783,
 author = {McGill, Monica M. and Johnson, Chris and Atlas, James and Bouchard, Durell and Messom, Chris and Pollock, Ian and Scott, Michael James},
 title = {If Memory Serves: Towards Designing and Evaluating a Game for Teaching Pointers to Undergraduate Students},
 booktitle = {Proceedings of the 2017 ITiCSE Conference on Working Group Reports},
 series = {ITiCSE-WGR '17},
 year = {2017},
 isbn = {978-1-4503-5627-5},
 location = {Bologna, Italy},
 pages = {25--46},
 numpages = {22},
 url = {http://doi.acm.org/10.1145/3174781.3174783},
 doi = {10.1145/3174781.3174783},
 acmid = {3174783},
 publisher = {ACM},
 address = {New York, NY, USA},
 keywords = {computer memory, design, development, educational, games, learning, pointers, research methods, serious, validation framework},
}

@inproceedings{Klopp:2018:UCI:3209087.3209089,
 author = {Klopp, Marco and Gold-Veerkamp, Carolin and Stegmann, Patricia and Abke, Joerg},
 title = {Using Competency-Oriented Instructional Tasks for Internal Differentiation in Informatics},
 booktitle = {Proceedings of the 3rd European Conference of Software Engineering Education},
 series = {ECSEE'18},
 year = {2018},
 isbn = {978-1-4503-6383-9},
 location = {Seeon/ Bavaria, Germany},
 pages = {26--33},
 numpages = {8},
 url = {http://doi.acm.org/10.1145/3209087.3209089},
 doi = {10.1145/3209087.3209089},
 acmid = {3209089},
 publisher = {ACM},
 address = {New York, NY, USA},
 keywords = {Competencies, Heterogeneity, Instructional task, Scaffolding, Taxonomy},
}

@inproceedings{Ruf:2014:SVK:2670757.2670772,
 author = {Ruf, Alexander and M\"{u}hling, Andreas and Hubwieser, Peter},
 title = {Scratch vs. Karel: Impact on Learning Outcomes and Motivation},
 booktitle = {Proceedings of the 9th Workshop in Primary and Secondary Computing Education},
 series = {WiPSCE '14},
 year = {2014},
 isbn = {978-1-4503-3250-7},
 location = {Berlin, Germany},
 pages = {50--59},
 numpages = {10},
 url = {http://doi.acm.org/10.1145/2670757.2670772},
 doi = {10.1145/2670757.2670772},
 acmid = {2670772},
 publisher = {ACM},
 address = {New York, NY, USA},
 keywords = {algorithms, bebras, computer science education, concept maps, concepts, control flow statement, karel, karol, motivation, novice programmer, programming, programming environment, scratch, self-regulation},
}

@inproceedings{Denis:2005:MEG:1178477.1178581,
 author = {Denis, Guillaume and Jouvelot, Pierre},
 title = {Motivation-driven Educational Game Design: Applying Best Practices to Music Education},
 booktitle = {Proceedings of the 2005 ACM SIGCHI International Conference on Advances in Computer Entertainment Technology},
 series = {ACE '05},
 year = {2005},
 isbn = {1-59593-110-4},
 location = {Valencia, Spain},
 pages = {462--465},
 numpages = {4},
 url = {http://doi.acm.org/10.1145/1178477.1178581},
 doi = {10.1145/1178477.1178581},
 acmid = {1178581},
 publisher = {ACM},
 address = {New York, NY, USA},
 keywords = {educational games, fun, learning, motivation, music},
}

@inproceedings{Alekh:2018:ASF:3213818.3213830,
 author = {Alekh, Velayudhan and Vennila, Vilvanathan and Nair, Rahul and Susmitha, Vattigunta and Muraleedharan, Anirudh and Alkoyak-Yildiz, Meltem and Akshay, Nagarajan and Bhavani, Rao R.},
 title = {Aim for the Sky: Fostering a Constructionist Learning Environment for Teaching Maker Skills to Children in India},
 booktitle = {Proceedings of the Conference on Creativity and Making in Education},
 series = {FabLearn Europe'18},
 year = {2018},
 isbn = {978-1-4503-5371-7},
 location = {Trondheim, Norway},
 pages = {87--94},
 numpages = {8},
 url = {http://doi.acm.org/10.1145/3213818.3213830},
 doi = {10.1145/3213818.3213830},
 acmid = {3213830},
 publisher = {ACM},
 address = {New York, NY, USA},
 keywords = {21st century skills, Experiential learning, Higher order thinking skills, Product design, STEM, co-creation, constraint based design, constructionism, middle school education, participatory design},
}

@inproceedings{Danielsiek:2017:IAS:3105726.3106171,
 author = {Danielsiek, Holger and Toma, Laura and Vahrenhold, Jan},
 title = {An Instrument to Assess Self-Efficacy in Introductory Algorithms Courses},
 booktitle = {Proceedings of the 2017 ACM Conference on International Computing Education Research},
 series = {ICER '17},
 year = {2017},
 isbn = {978-1-4503-4968-0},
 location = {Tacoma, Washington, USA},
 pages = {217--225},
 numpages = {9},
 url = {http://doi.acm.org/10.1145/3105726.3106171},
 doi = {10.1145/3105726.3106171},
 acmid = {3106171},
 publisher = {ACM},
 address = {New York, NY, USA},
 keywords = {algorithms, computer science education, self-efficacy},
}

@inproceedings{Quille:2017:IGD:3059009.3059048,
 author = {Quille, Keith and Culligan, Natalie and Bergin, Susan},
 title = {Insights on Gender Differences in CS1: A Multi-institutional, Multi-variate Study.},
 booktitle = {Proceedings of the 2017 ACM Conference on Innovation and Technology in Computer Science Education},
 series = {ITiCSE '17},
 year = {2017},
 isbn = {978-1-4503-4704-4},
 location = {Bologna, Italy},
 pages = {263--268},
 numpages = {6},
 url = {http://doi.acm.org/10.1145/3059009.3059048},
 doi = {10.1145/3059009.3059048},
 acmid = {3059048},
 publisher = {ACM},
 address = {New York, NY, USA},
 keywords = {computer science education, cs1., female, gender, programming, programming self-efficacy},
}

@inproceedings{Buisman:2014:GES:2691352.2691353,
 author = {Buisman, Achilleas L. D. and van Eekelen, Marko C. J. D.},
 title = {Gamification in Educational Software Development},
 booktitle = {Proceedings of the Computer Science Education Research Conference},
 series = {CSERC '14},
 year = {2014},
 isbn = {978-1-4503-3347-4},
 location = {Berlin, Germany},
 pages = {9--20},
 numpages = {12},
 url = {http://doi.acm.org/10.1145/2691352.2691353},
 doi = {10.1145/2691352.2691353},
 acmid = {2691353},
 publisher = {ACM},
 address = {New York, NY, USA},
 keywords = {education, engagement, gamification, involvement, motivation, software development},
}

@inproceedings{Wirtky:2013:IEM:2487294.2487334,
 author = {Wirtky, Thomas},
 title = {Improving e-Learning Motivation Using Social Software},
 booktitle = {Proceedings of the 2013 Annual Conference on Computers and People Research},
 series = {SIGMIS-CPR '13},
 year = {2013},
 isbn = {978-1-4503-1975-1},
 location = {Cincinnati, Ohio, USA},
 pages = {185--190},
 numpages = {6},
 url = {http://doi.acm.org/10.1145/2487294.2487334},
 doi = {10.1145/2487294.2487334},
 acmid = {2487334},
 publisher = {ACM},
 address = {New York, NY, USA},
 keywords = {e-learning, hris, motivation, social software},
}

@inproceedings{Hosseini:2019:YG:3287324.3287411,
 author = {Hosseini, Hadi and Perweiler, Laurel},
 title = {Are You Game?},
 booktitle = {Proceedings of the 50th ACM Technical Symposium on Computer Science Education},
 series = {SIGCSE '19},
 year = {2019},
 isbn = {978-1-4503-5890-3},
 location = {Minneapolis, MN, USA},
 pages = {866--872},
 numpages = {7},
 url = {http://doi.acm.org/10.1145/3287324.3287411},
 doi = {10.1145/3287324.3287411},
 acmid = {3287411},
 publisher = {ACM},
 address = {New York, NY, USA},
 keywords = {game-based learning, introductory computer science, learning styles, scaffolding},
}

@inproceedings{McDermott:2016:MOE:2899415.2899474,
 author = {McDermott, Roger and Zarb, Mark and Daniels, Mats and Cajander, \AAsa and Clear, Tony},
 title = {Motivation, Optimal Experience and Flow in First Year Computing Science},
 booktitle = {Proceedings of the 2016 ACM Conference on Innovation and Technology in Computer Science Education},
 series = {ITiCSE '16},
 year = {2016},
 isbn = {978-1-4503-4231-5},
 location = {Arequipa, Peru},
 pages = {206--211},
 numpages = {6},
 url = {http://doi.acm.org/10.1145/2899415.2899474},
 doi = {10.1145/2899415.2899474},
 acmid = {2899474},
 publisher = {ACM},
 address = {New York, NY, USA},
 keywords = {flow, motivation, optimal experience, self determination theory},
}

@inproceedings{Prieto:2014:IIE:2669711.2669974,
 author = {Prieto, Jos{\'e} Carlos S\'{a}nchez and Miguel\'{a}\~{n}ez, Susana Olmos and Garc\'{\i}a-Pe\~{n}alvo, Francisco J.},
 title = {ICTs Integration in Education: Mobile Learning and the Technology Acceptance Model (TAM)},
 booktitle = {Proceedings of the Second International Conference on Technological Ecosystems for Enhancing Multiculturality},
 series = {TEEM '14},
 year = {2014},
 isbn = {978-1-4503-2896-8},
 location = {Salamanca, Spain},
 pages = {683--687},
 numpages = {5},
 url = {http://doi.acm.org/10.1145/2669711.2669974},
 doi = {10.1145/2669711.2669974},
 acmid = {2669974},
 publisher = {ACM},
 address = {New York, NY, USA},
 keywords = {ICT, TAM, educational research, mlearning, technology acceptance model},
}

@inproceedings{Toma:2018:SCL:3230977.3230980,
 author = {Toma, Laura and Vahrenhold, Jan},
 title = {Self-Efficacy, Cognitive Load, and Emotional Reactions in Collaborative Algorithms Labs - A Case Study},
 booktitle = {Proceedings of the 2018 ACM Conference on International Computing Education Research},
 series = {ICER '18},
 year = {2018},
 isbn = {978-1-4503-5628-2},
 location = {Espoo, Finland},
 pages = {1--10},
 numpages = {10},
 url = {http://doi.acm.org/10.1145/3230977.3230980},
 doi = {10.1145/3230977.3230980},
 acmid = {3230980},
 publisher = {ACM},
 address = {New York, NY, USA},
 keywords = {algorithms, computer science education, self-efficacy},
}

@inproceedings{Xu:2019:DRN:3338147.3338168,
 author = {Xu, Dan},
 title = {Design and Research of New English Listening and Speaking Teaching Mode Under the Background of Mobile Internet},
 booktitle = {Proceedings of the 2019 4th International Conference on Distance Education and Learning},
 series = {ICDEL 2019},
 year = {2019},
 isbn = {978-1-4503-6265-8},
 location = {Shanghai, China},
 pages = {167--172},
 numpages = {6},
 url = {http://doi.acm.org/10.1145/3338147.3338168},
 doi = {10.1145/3338147.3338168},
 acmid = {3338168},
 publisher = {ACM},
 address = {New York, NY, USA},
 keywords = {English listening and speaking teaching, Mobile network, big data, constructivist learning theory, multi-dimensional},
}

@inproceedings{Blikstein:2013:MMF:2485760.2485884,
 author = {Blikstein, Paulo and Krannich, Dennis},
 title = {The Makers' Movement and FabLabs in Education: Experiences, Technologies, and Research},
 booktitle = {Proceedings of the 12th International Conference on Interaction Design and Children},
 series = {IDC '13},
 year = {2013},
 isbn = {978-1-4503-1918-8},
 location = {New York, New York, USA},
 pages = {613--616},
 numpages = {4},
 url = {http://doi.acm.org/10.1145/2485760.2485884},
 doi = {10.1145/2485760.2485884},
 acmid = {2485884},
 publisher = {ACM},
 address = {New York, NY, USA},
 keywords = {FabLabs, constructionism, digital fabrication, education, making},
}

@inproceedings{Prieto:2014:MLA:2669711.2669961,
 author = {Prieto, Jos{\'e} Carlos S\'{a}nchez and Miguel\'{a}\~{n}ez, Susana Olmos and Garc\'{\i}a-Pe\~{n}alvo, Francisco J.},
 title = {Mobile Learning Adoption from Informal into Formal: An Extended TAM Model to Measure Mobile Acceptance Among Teachers},
 booktitle = {Proceedings of the Second International Conference on Technological Ecosystems for Enhancing Multiculturality},
 series = {TEEM '14},
 year = {2014},
 isbn = {978-1-4503-2896-8},
 location = {Salamanca, Spain},
 pages = {595--602},
 numpages = {8},
 url = {http://doi.acm.org/10.1145/2669711.2669961},
 doi = {10.1145/2669711.2669961},
 acmid = {2669961},
 publisher = {ACM},
 address = {New York, NY, USA},
 keywords = {ICT, TAM, mlearning, technology acceptance model, technology adoption},
}

@inproceedings{Carlborg:2018:SAM:3213818.3213824,
 author = {Carlborg, Niklas and Tyr{\'e}n, Markus and Heath, Carl and Eriksson, Eva},
 title = {The Scope of Autonomy Model: Development of Teaching Materials for Computational Thinking in Primary School},
 booktitle = {Proceedings of the Conference on Creativity and Making in Education},
 series = {FabLearn Europe'18},
 year = {2018},
 isbn = {978-1-4503-5371-7},
 location = {Trondheim, Norway},
 pages = {37--44},
 numpages = {8},
 url = {http://doi.acm.org/10.1145/3213818.3213824},
 doi = {10.1145/3213818.3213824},
 acmid = {3213824},
 publisher = {ACM},
 address = {New York, NY, USA},
 keywords = {Autonomy, Computational thinking, Education, Micro:bit, Teaching},
}

@inproceedings{Wirtky:2013:USS:2487294.2487307,
 author = {Wirtky, Thomas and Laumer, Sven and Eckhardt, Andreas and Weitzel, Tim},
 title = {Using Social Software for Enhancing IS Talents' e-Learning Motivation},
 booktitle = {Proceedings of the 2013 Annual Conference on Computers and People Research},
 series = {SIGMIS-CPR '13},
 year = {2013},
 isbn = {978-1-4503-1975-1},
 location = {Cincinnati, Ohio, USA},
 pages = {63--72},
 numpages = {10},
 url = {http://doi.acm.org/10.1145/2487294.2487307},
 doi = {10.1145/2487294.2487307},
 acmid = {2487307},
 publisher = {ACM},
 address = {New York, NY, USA},
 keywords = {e-learning, hris, motivation, social software},
}

@inproceedings{Tindall:2018:EYA:3167918.3167919,
 author = {Tindall, Alan and Patterson, Dale and Costain, Sean},
 title = {Educate Your Avatar, Educate Your Mind: Motivating Learning Through Play},
 booktitle = {Proceedings of the Australasian Computer Science Week Multiconference},
 series = {ACSW '18},
 year = {2018},
 isbn = {978-1-4503-5436-3},
 location = {Brisband, Queensland, Australia},
 pages = {46:1--46:7},
 articleno = {46},
 numpages = {7},
 url = {http://doi.acm.org/10.1145/3167918.3167919},
 doi = {10.1145/3167918.3167919},
 acmid = {3167919},
 publisher = {ACM},
 address = {New York, NY, USA},
 keywords = {computer game, education},
}

@inproceedings{Sade:2019:FIS:3287324.3287395,
 author = {S\"{a}de, Merilin and Suviste, Reelika and Luik, Piret and T\~{o}nisson, Eno and Lepp, Marina},
 title = {Factors That Influence Students' Motivation and Perception of Studying Computer Science},
 booktitle = {Proceedings of the 50th ACM Technical Symposium on Computer Science Education},
 series = {SIGCSE '19},
 year = {2019},
 isbn = {978-1-4503-5890-3},
 location = {Minneapolis, MN, USA},
 pages = {873--878},
 numpages = {6},
 url = {http://doi.acm.org/10.1145/3287324.3287395},
 doi = {10.1145/3287324.3287395},
 acmid = {3287395},
 publisher = {ACM},
 address = {New York, NY, USA},
 keywords = {computer science students, expectancy-value theory, motivation},
}

@inproceedings{Przybylla:2018:IPC:3279720.3279730,
 author = {Przybylla, Mareen and Romeike, Ralf},
 title = {Impact of Physical Computing on Learner Motivation},
 booktitle = {Proceedings of the 18th Koli Calling International Conference on Computing Education Research},
 series = {Koli Calling '18},
 year = {2018},
 isbn = {978-1-4503-6535-2},
 location = {Koli, Finland},
 pages = {9:1--9:10},
 articleno = {9},
 numpages = {10},
 url = {http://doi.acm.org/10.1145/3279720.3279730},
 doi = {10.1145/3279720.3279730},
 acmid = {3279730},
 publisher = {ACM},
 address = {New York, NY, USA},
 keywords = {CS education, intrinsic motivation, physical computing},
}

@inproceedings{Tisza:2019:RAG:3335055.3335065,
 author = {Tisza, Gabriella and Papavlasopoulou, Sofia and Christidou, Dimitra and Voulgari, Iro and Iivari, Netta and Giannakos, Michail N. and Kinnula, Marianne and Markopoulos, Panos},
 title = {The Role of Age and Gender on Implementing Informal and Non-formal Science Learning Activities for Children},
 booktitle = {Proceedings of the FabLearn Europe 2019 Conference},
 series = {FabLearn Europe '19},
 year = {2019},
 isbn = {978-1-4503-6266-5},
 location = {Oulu, Finland},
 pages = {10:1--10:9},
 articleno = {10},
 numpages = {9},
 url = {http://doi.acm.org/10.1145/3335055.3335065},
 doi = {10.1145/3335055.3335065},
 acmid = {3335065},
 publisher = {ACM},
 address = {New York, NY, USA},
 keywords = {Age, Coding, Education, Gender, Informal, Making, Non-formal, Play, STEM, Science learning},
}

@inproceedings{Larmuseau:2018:ISC:3170358.3170363,
 author = {Larmuseau, Charlotte and Elen, Jan and Depaepe, Fien},
 title = {The Influence of Students' Cognitive and Motivational Characteristics on Students' Use of a 4C/ID-based Online Learning Environment and Their Learning Gain},
 booktitle = {Proceedings of the 8th International Conference on Learning Analytics and Knowledge},
 series = {LAK '18},
 year = {2018},
 isbn = {978-1-4503-6400-3},
 location = {Sydney, New South Wales, Australia},
 pages = {171--180},
 numpages = {10},
 url = {http://doi.acm.org/10.1145/3170358.3170363},
 doi = {10.1145/3170358.3170363},
 acmid = {3170363},
 publisher = {ACM},
 address = {New York, NY, USA},
 keywords = {adaptive learning, instructional design, online learning},
}

@inproceedings{Mishkin:2019:AST:3287324.3287389,
 author = {Mishkin, Allison},
 title = {Applying Self-Determination Theory Towards Motivating Young Women in Computer Science},
 booktitle = {Proceedings of the 50th ACM Technical Symposium on Computer Science Education},
 series = {SIGCSE '19},
 year = {2019},
 isbn = {978-1-4503-5890-3},
 location = {Minneapolis, MN, USA},
 pages = {1025--1031},
 numpages = {7},
 url = {http://doi.acm.org/10.1145/3287324.3287389},
 doi = {10.1145/3287324.3287389},
 acmid = {3287389},
 publisher = {ACM},
 address = {New York, NY, USA},
 keywords = {belonging, gender, psychology, self-determination theory},
}

@inproceedings{Wyeth:2018:NRP:3270316.3271550,
 author = {Wyeth, Peta and Hall, Joshua and Carter, Marcus and Tyack, April and Altizer, Roger},
 title = {New Research Perspectives on Game Design and Development Education},
 booktitle = {Proceedings of the 2018 Annual Symposium on Computer-Human Interaction in Play Companion Extended Abstracts},
 series = {CHI PLAY '18 Extended Abstracts},
 year = {2018},
 isbn = {978-1-4503-5968-9},
 location = {Melbourne, VIC, Australia},
 pages = {703--708},
 numpages = {6},
 url = {http://doi.acm.org/10.1145/3270316.3271550},
 doi = {10.1145/3270316.3271550},
 acmid = {3271550},
 publisher = {ACM},
 address = {New York, NY, USA},
 keywords = {game design, game development, higher education, learning and teaching, professional development},
}

@inproceedings{Priego:2013:EFM:2536536.2536606,
 author = {Priego, Rub{\'e}n Guti{\'e}rrez and Peralta, Azahara Garc\'{\i}a},
 title = {Engagement Factors and Motivation in e-Learning and Blended-learning Projects},
 booktitle = {Proceedings of the First International Conference on Technological Ecosystem for Enhancing Multiculturality},
 series = {TEEM '13},
 year = {2013},
 isbn = {978-1-4503-2345-1},
 location = {Salamanca, Spain},
 pages = {453--460},
 numpages = {8},
 url = {http://doi.acm.org/10.1145/2536536.2536606},
 doi = {10.1145/2536536.2536606},
 acmid = {2536606},
 publisher = {ACM},
 address = {New York, NY, USA},
 keywords = {computer-managed instruction, e-learning engagement, e-learning motivation and eassessments, multimedia educational resources},
}

@article{Kori:2018:ASP:3278118.3183343,
 author = {Kori, K\"{u}lli and Pedaste, Margus and Must, Olev},
 title = {The Academic, Social, and Professional Integration Profiles of Information Technology Students},
 journal = {ACM Trans. Comput. Educ.},
 issue_date = {November 2018},
 volume = {18},
 number = {4},
 month = oct,
 year = {2018},
 issn = {1946-6226},
 pages = {20:1--20:19},
 articleno = {20},
 numpages = {19},
 url = {http://doi.acm.org/10.1145/3183343},
 doi = {10.1145/3183343},
 acmid = {3183343},
 publisher = {ACM},
 address = {New York, NY, USA},
 keywords = {Higher education, retention, students\&\#x2019; profiles},
}

@inproceedings{Tsur:2018:SMD:3159450.3159559,
 author = {Tsur, Moran and Rusk, Natalie},
 title = {Scratch Microworlds: Designing Project-Based Introductions to Coding},
 booktitle = {Proceedings of the 49th ACM Technical Symposium on Computer Science Education},
 series = {SIGCSE '18},
 year = {2018},
 isbn = {978-1-4503-5103-4},
 location = {Baltimore, Maryland, USA},
 pages = {894--899},
 numpages = {6},
 url = {http://doi.acm.org/10.1145/3159450.3159559},
 doi = {10.1145/3159450.3159559},
 acmid = {3159559},
 publisher = {ACM},
 address = {New York, NY, USA},
 keywords = {broadening participation, children, coding, cs for all, microworlds, project-based learning, scratch},
}

@inproceedings{Fernandez-Reyes:2018:IOG:3270112.3270118,
 author = {Fernandez-Reyes, Kiko and Clarke, Dave and Hornbach, Janina},
 title = {The Impact of Opt-in Gamification on Students' Grades in a Software Design Course},
 booktitle = {Proceedings of the 21st ACM/IEEE International Conference on Model Driven Engineering Languages and Systems: Companion Proceedings},
 series = {MODELS '18},
 year = {2018},
 isbn = {978-1-4503-5965-8},
 location = {Copenhagen, Denmark},
 pages = {90--97},
 numpages = {8},
 url = {http://doi.acm.org/10.1145/3270112.3270118},
 doi = {10.1145/3270112.3270118},
 acmid = {3270118},
 publisher = {ACM},
 address = {New York, NY, USA},
 keywords = {UML, education, gamification, software design},
}

@inproceedings{Harpstead:2019:ESA:3303772.3303797,
 author = {Harpstead, Erik and Richey, J. Elizabeth and Nguyen, Huy and McLaren, Bruce M.},
 title = {Exploring the Subtleties of Agency and Indirect Control in Digital Learning Games},
 booktitle = {Proceedings of the 9th International Conference on Learning Analytics \& Knowledge},
 series = {LAK19},
 year = {2019},
 isbn = {978-1-4503-6256-6},
 location = {Tempe, AZ, USA},
 pages = {121--129},
 numpages = {9},
 url = {http://doi.acm.org/10.1145/3303772.3303797},
 doi = {10.1145/3303772.3303797},
 acmid = {3303797},
 publisher = {ACM},
 address = {New York, NY, USA},
 keywords = {Digital learning games, agency, indirect control, self-regulated learning},
}

@inproceedings{Palalas:2017:DPA:3136907.3136934,
 author = {Palalas, Agnieszka and Wark, Norine},
 title = {Design Principles for an Adult Literacy Mobile Learning Solution},
 booktitle = {Proceedings of the 16th World Conference on Mobile and Contextual Learning},
 series = {mLearn 2017},
 year = {2017},
 isbn = {978-1-4503-5255-0},
 location = {Larnaca, Cyprus},
 pages = {27:1--27:8},
 articleno = {27},
 numpages = {8},
 url = {http://doi.acm.org/10.1145/3136907.3136934},
 doi = {10.1145/3136907.3136934},
 acmid = {3136934},
 publisher = {ACM},
 address = {New York, NY, USA},
 keywords = {Adult literacy, context, design guidelines, design principles, emotional barriers, learner-determined, mobile literacy learning solution, mobility, motivation},
}

@inproceedings{Varsaluoma:2016:EMA:2994310.2994369,
 author = {Varsaluoma, Jari and V\"{a}\"{a}t\"{a}j\"{a}, Heli and Walsh, Tanja},
 title = {Exploring Motivational Aspects and User Experience of Mobile Mathematics Learning Service in South Africa},
 booktitle = {Proceedings of the 20th International Academic Mindtrek Conference},
 series = {AcademicMindtrek '16},
 year = {2016},
 isbn = {978-1-4503-4367-1},
 location = {Tampere, Finland},
 pages = {159--168},
 numpages = {10},
 url = {http://doi.acm.org/10.1145/2994310.2994369},
 doi = {10.1145/2994310.2994369},
 acmid = {2994369},
 publisher = {ACM},
 address = {New York, NY, USA},
 keywords = {UX goals, developing countries, informal learning, mobile learning, motivation, user experience},
}

@inproceedings{Golliot:2018:SUI:3194658.3194687,
 author = {Golliot, Julie and Timsit, Mich\`{e}le and Herrera, Cathy and Fontugne, Elodie and Abellard, Alexandre and Durampart, Michel},
 title = {Specification, Use and Impact of the Persuasive Serious Game S'TIM in a Rehabilitation Process for Patients with Dysexecutive Syndrome},
 booktitle = {Proceedings of the 2018 International Conference on Digital Health},
 series = {DH '18},
 year = {2018},
 isbn = {978-1-4503-6493-5},
 location = {Lyon, France},
 pages = {150--151},
 numpages = {2},
 url = {http://doi.acm.org/10.1145/3194658.3194687},
 doi = {10.1145/3194658.3194687},
 acmid = {3194687},
 publisher = {ACM},
 address = {New York, NY, USA},
 keywords = {cognitive impact, dysexecutive syndrome, organisational change, rehabilitation, serious-game, tactile table},
}

@inproceedings{Knutas:2014:ICC:2659532.2659620,
 author = {Knutas, Antti and Ikonen, Jouni and Nikula, Uolevi and Porras, Jari},
 title = {Increasing Collaborative Communications in a Programming Course with Gamification: A Case Study},
 booktitle = {Proceedings of the 15th International Conference on Computer Systems and Technologies},
 series = {CompSysTech '14},
 year = {2014},
 isbn = {978-1-4503-2753-4},
 location = {Ruse, Bulgaria},
 pages = {370--377},
 numpages = {8},
 url = {http://doi.acm.org/10.1145/2659532.2659620},
 doi = {10.1145/2659532.2659620},
 acmid = {2659620},
 publisher = {ACM},
 address = {New York, NY, USA},
 keywords = {CS1, CSCL, computer supported collaborative learning, gamification, programming education, social network analysis},
}

@inproceedings{Clear:2005:MPV:1082424.1082431,
 author = {Clear, Tony and Kassabova, Diana},
 title = {Motivational Patterns in Virtual Team Collaboration},
 booktitle = {Proceedings of the 7th Australasian Conference on Computing Education - Volume 42},
 series = {ACE '05},
 year = {2005},
 isbn = {1-920682-24-4},
 location = {Newcastle, New South Wales, Australia},
 pages = {51--58},
 numpages = {8},
 url = {http://dl.acm.org/citation.cfm?id=1082424.1082431},
 acmid = {1082431},
 publisher = {Australian Computer Society, Inc.},
 address = {Darlinghurst, Australia, Australia},
 keywords = {collaborative learning, computer science education research, extrinsic motivation, global virtual teams, groupware, intrinsic motivation, virtual teams},
}

@inproceedings{Kaloti-Hallak:2015:SAM:2818314.2818317,
 author = {Kaloti-Hallak, Fatima and Armoni, Michal and Ben-Ari, Mordechai (Moti)},
 title = {Students' Attitudes and Motivation During Robotics Activities},
 booktitle = {Proceedings of the Workshop in Primary and Secondary Computing Education},
 series = {WiPSCE '15},
 year = {2015},
 isbn = {978-1-4503-3753-3},
 location = {London, United Kingdom},
 pages = {102--110},
 numpages = {9},
 url = {http://doi.acm.org/10.1145/2818314.2818317},
 doi = {10.1145/2818314.2818317},
 acmid = {2818317},
 publisher = {ACM},
 address = {New York, NY, USA},
 keywords = {Attitudes, middle-school, motivation, robotics},
}

@inproceedings{Korn:2017:DSP:3038535.3038538,
 author = {Korn, Oliver and Rees, Adrian and Dix, Alan},
 title = {Designing a System for Playful Coached Learning in the STEM Curriculum},
 booktitle = {Proceedings of the 2017 ACM Workshop on Intelligent Interfaces for Ubiquitous and Smart Learning},
 series = {SmartLearn '17},
 year = {2017},
 isbn = {978-1-4503-4904-8},
 location = {Limassol, Cyprus},
 pages = {31--37},
 numpages = {7},
 url = {http://doi.acm.org/10.1145/3038535.3038538},
 doi = {10.1145/3038535.3038538},
 acmid = {3038538},
 publisher = {ACM},
 address = {New York, NY, USA},
 keywords = {context-aware learning, gameful design, gamification, playful coached learning, smart learning, stem},
}

@inproceedings{Peters:2019:UPO:3312714.3312736,
 author = {Peters, Rifca and Oleari, Elettra and Sardu, Francesco and Neerincx, Mark A.},
 title = {Usability of the PAL Objectives Dashboard for Children's Diabetes Self-Management Education},
 booktitle = {Proceedings of the 2019 the 5th International Conference on e-Society, e-Learning and e-Technologies},
 series = {ICSLT 2019},
 year = {2019},
 isbn = {978-1-4503-6235-1},
 location = {Vienna, Austria},
 pages = {22--28},
 numpages = {7},
 url = {http://doi.acm.org/10.1145/3312714.3312736},
 doi = {10.1145/3312714.3312736},
 acmid = {3312736},
 publisher = {ACM},
 address = {New York, NY, USA},
 keywords = {Healthcare, education, gamification, learning goal, personalization},
}

@inproceedings{Weikle:2019:ASC:3287324.3287502,
 author = {Weikle, Dee A. B. and Lam, Michael O. and Kirkpatrick, Michael S.},
 title = {Automating Systems Course Unit and Integration Testing: Experience Report},
 booktitle = {Proceedings of the 50th ACM Technical Symposium on Computer Science Education},
 series = {SIGCSE '19},
 year = {2019},
 isbn = {978-1-4503-5890-3},
 location = {Minneapolis, MN, USA},
 pages = {565--570},
 numpages = {6},
 url = {http://doi.acm.org/10.1145/3287324.3287502},
 doi = {10.1145/3287324.3287502},
 acmid = {3287502},
 publisher = {ACM},
 address = {New York, NY, USA},
 keywords = {computer science education, computer systems fundamentals, unit testing},
}

@inproceedings{Celepkolu:2018:IPS:3159450.3159506,
 author = {Celepkolu, Mehmet and Boyer, Kristy Elizabeth},
 title = {The Importance of Producing Shared Code Through Pair Programming},
 booktitle = {Proceedings of the 49th ACM Technical Symposium on Computer Science Education},
 series = {SIGCSE '18},
 year = {2018},
 isbn = {978-1-4503-5103-4},
 location = {Baltimore, Maryland, USA},
 pages = {765--770},
 numpages = {6},
 url = {http://doi.acm.org/10.1145/3159450.3159506},
 doi = {10.1145/3159450.3159506},
 acmid = {3159506},
 publisher = {ACM},
 address = {New York, NY, USA},
 keywords = {collaborative problem solving, pair programming},
}

@inproceedings{Pedro:2015:GWB:2695664.2695752,
 author = {Pedro, Lais Z. and Lopes, Aparecida M. Z. and Prates, Bruno G. and Vassileva, Julita and Isotani, Seiji},
 title = {Does Gamification Work for Boys and Girls?: An Exploratory Study with a Virtual Learning Environment},
 booktitle = {Proceedings of the 30th Annual ACM Symposium on Applied Computing},
 series = {SAC '15},
 year = {2015},
 isbn = {978-1-4503-3196-8},
 location = {Salamanca, Spain},
 pages = {214--219},
 numpages = {6},
 url = {http://doi.acm.org/10.1145/2695664.2695752},
 doi = {10.1145/2695664.2695752},
 acmid = {2695752},
 publisher = {ACM},
 address = {New York, NY, USA},
 keywords = {e-learning, gamification, gaming the system, gender difference},
}

@inproceedings{Nuckles:2008:SVL:1599871.1599887,
 author = {N\"{u}ckles, Matthias and H\"{u}bner, Sandra and Renkl, Alexander},
 title = {Short-term Versus Long-term Effects of Cognitive and Metacognitive Prompts in Writing-to-learn},
 booktitle = {Proceedings of the 8th International Conference on International Conference for the Learning Sciences - Volume 2},
 series = {ICLS'08},
 year = {2008},
 location = {Utrecht, The Netherlands},
 pages = {124--131},
 numpages = {8},
 url = {http://dl.acm.org/citation.cfm?id=1599871.1599887},
 acmid = {1599887},
 publisher = {International Society of the Learning Sciences},
}

@inproceedings{Lepe-Salazar:2015:MAD:2832932.2832951,
 author = {Lepe-Salazar, Francisco},
 title = {A Model to Analyze and Design Educational Games with Pedagogical Foundations},
 booktitle = {Proceedings of the 12th International Conference on Advances in Computer Entertainment Technology},
 series = {ACE '15},
 year = {2015},
 isbn = {978-1-4503-3852-3},
 location = {Iskandar, Malaysia},
 pages = {1:1--1:14},
 articleno = {1},
 numpages = {14},
 url = {http://doi.acm.org/10.1145/2832932.2832951},
 doi = {10.1145/2832932.2832951},
 acmid = {2832951},
 publisher = {ACM},
 address = {New York, NY, USA},
 keywords = {educational games, game design, learning sciences, learning theories, model, pedagogy, serious games},
}

@inproceedings{Howley:2009:MCB:1599503.1599523,
 author = {Howley, Iris and Chaudhuri, Sourish and Kumar, Rohit and Ros{\'e}, Carolyn Penstein},
 title = {Motivation and Collaborative Behavior: An Exploratory Analysis},
 booktitle = {Proceedings of the 9th International Conference on Computer Supported Collaborative Learning - Volume 2},
 series = {CSCL'09},
 year = {2009},
 isbn = {978-1-4092-8598-4},
 location = {Rhodes, Greece},
 pages = {59--61},
 numpages = {3},
 url = {http://dl.acm.org/citation.cfm?id=1599503.1599523},
 acmid = {1599523},
 publisher = {International Society of the Learning Sciences},
}

@inproceedings{Thiel:2019:MGL:3328320.3328393,
 author = {Thiel, Sarah-Kristin and Lyle, Peter},
 title = {Malleable Games - A Literature Review on Communities of Game Modders},
 booktitle = {Proceedings of the 9th International Conference on Communities \& Technologies - Transforming Communities},
 series = {C\&\#38;T '19},
 year = {2019},
 isbn = {978-1-4503-7162-9},
 location = {Vienna, Austria},
 pages = {198--209},
 numpages = {12},
 url = {http://doi.acm.org/10.1145/3328320.3328393},
 doi = {10.1145/3328320.3328393},
 acmid = {3328393},
 publisher = {ACM},
 address = {New York, NY, USA},
 keywords = {communities, creativity, game mods, games, literature review, modders, modding, motivation},
}

@inproceedings{Songer:2014:PAM:2669711.2669901,
 author = {Songer, Robert W. and Miyata, Kazunori},
 title = {A Playful Affordances Model for Gameful Learning},
 booktitle = {Proceedings of the Second International Conference on Technological Ecosystems for Enhancing Multiculturality},
 series = {TEEM '14},
 year = {2014},
 isbn = {978-1-4503-2896-8},
 location = {Salamanca, Spain},
 pages = {205--213},
 numpages = {9},
 url = {http://doi.acm.org/10.1145/2669711.2669901},
 doi = {10.1145/2669711.2669901},
 acmid = {2669901},
 publisher = {ACM},
 address = {New York, NY, USA},
 keywords = {gameful design, gamification, learning, motivation, play},
}

@inproceedings{Bartel:2015:TCE:2793107.2810325,
 author = {Bartel, Alexander and Figas, Paula and Hagel, Georg},
 title = {Towards a Competency-based Education with Gamification Design Elements},
 booktitle = {Proceedings of the 2015 Annual Symposium on Computer-Human Interaction in Play},
 series = {CHI PLAY '15},
 year = {2015},
 isbn = {978-1-4503-3466-2},
 location = {London, United Kingdom},
 pages = {457--462},
 numpages = {6},
 url = {http://doi.acm.org/10.1145/2793107.2810325},
 doi = {10.1145/2793107.2810325},
 acmid = {2810325},
 publisher = {ACM},
 address = {New York, NY, USA},
 keywords = {competency-based education, gamification, gamification design elements},
}

@inproceedings{Xie:2009:SMR:1600053.1600090,
 author = {Xie, Kui and Ke, Fengfeng},
 title = {How Does Students' Motivation Relate to Peer-moderated Online Interactions?},
 booktitle = {Proceedings of the 9th International Conference on Computer Supported Collaborative Learning - Volume 1},
 series = {CSCL'09},
 year = {2009},
 isbn = {978-1-4092-8598-4},
 location = {Rhodes, Greece},
 pages = {242--251},
 numpages = {10},
 url = {http://dl.acm.org/citation.cfm?id=1600053.1600090},
 acmid = {1600090},
 publisher = {International Society of the Learning Sciences},
}

@inproceedings{Rienties:2008:SMC:1599871.1599903,
 author = {Rienties, Bart and Tempelaar, Dirk and Van Den Bossche, Piet and Gijselaers, Wim and Segers, Mien},
 title = {Students' Motivations and Their Contributions to Virtual Learning},
 booktitle = {Proceedings of the 8th International Conference on International Conference for the Learning Sciences - Volume 2},
 series = {ICLS'08},
 year = {2008},
 location = {Utrecht, The Netherlands},
 pages = {254--261},
 numpages = {8},
 url = {http://dl.acm.org/citation.cfm?id=1599871.1599903},
 acmid = {1599903},
 publisher = {International Society of the Learning Sciences},
}

