@inproceedings{Long:2010:CST:1822348.1822364,
 author = {Long, Jeremy and Estey, Anthony and Bartle, David and Olsen, Sven and Gooch, Amy A.},
 title = {Catalyst: Seeing Through the Eyes of a Cat},
 booktitle = {Proceedings of the Fifth International Conference on the Foundations of Digital Games},
 series = {FDG '10},
 year = {2010},
 isbn = {978-1-60558-937-4},
 location = {Monterey, California},
 pages = {116--123},
 numpages = {8},
 url = {http://doi.acm.org/10.1145/1822348.1822364},
 doi = {10.1145/1822348.1822364},
 acmid = {1822364},
 publisher = {ACM},
 address = {New York, NY, USA},
 keywords = {digital game-based learning, simulation, visual systems},
}

@article{Gee:2003:VGT:950566.950595,
 author = {Gee, James Paul},
 title = {What Video Games Have to Teach Us About Learning and Literacy},
 journal = {Comput. Entertain.},
 issue_date = {October 2003},
 volume = {1},
 number = {1},
 month = oct,
 year = {2003},
 issn = {1544-3574},
 pages = {20--20},
 numpages = {1},
 url = {http://doi.acm.org/10.1145/950566.950595},
 doi = {10.1145/950566.950595},
 acmid = {950595},
 publisher = {ACM},
 address = {New York, NY, USA},
 keywords = {education, games, learning, literacy},
}

@inproceedings{Dowling:2003:RHT:857097.857108,
 author = {Dowling, Carolyn},
 title = {The Role of the Human Teacher in Learning Environments of the Future},
 booktitle = {Proceedings of the 3.1 and 3.3 Working Groups Conference on International Federation for Information Processing: ICT and the Teacher of the Future - Volume 23},
 series = {CRPIT '03},
 year = {2003},
 isbn = {1-920682-02-3},
 location = {Melbourne, Australia},
 pages = {37--38},
 numpages = {2},
 url = {http://dl.acm.org/citation.cfm?id=857097.857108},
 acmid = {857108},
 publisher = {Australian Computer Society, Inc.},
 address = {Darlinghurst, Australia, Australia},
 keywords = {agent software, learning environments, online learning, role of the teacher},
}

@inproceedings{Okada:2014:FAM:2567574.2567579,
 author = {Okada, Masaya and Tada, Masahiro},
 title = {Formative Assessment Method of Real-world Learning by Integrating Heterogeneous Elements of Behavior, Knowledge, and the Environment},
 booktitle = {Proceedings of the Fourth International Conference on Learning Analytics And Knowledge},
 series = {LAK '14},
 year = {2014},
 isbn = {978-1-4503-2664-3},
 location = {Indianapolis, Indiana, USA},
 pages = {1--10},
 numpages = {10},
 url = {http://doi.acm.org/10.1145/2567574.2567579},
 doi = {10.1145/2567574.2567579},
 acmid = {2567579},
 publisher = {ACM},
 address = {New York, NY, USA},
 keywords = {context estimation, formative assessment, multimodal sensing, real-world learning, spatial information distribution},
}

@inproceedings{Foster:2013:CMD:2470654.2470669,
 author = {Foster, Stephen R. and Esper, Sarah and Griswold, William G.},
 title = {From Competition to Metacognition: Designing Diverse, Sustainable Educational Games},
 booktitle = {Proceedings of the SIGCHI Conference on Human Factors in Computing Systems},
 series = {CHI '13},
 year = {2013},
 isbn = {978-1-4503-1899-0},
 location = {Paris, France},
 pages = {99--108},
 numpages = {10},
 url = {http://doi.acm.org/10.1145/2470654.2470669},
 doi = {10.1145/2470654.2470669},
 acmid = {2470669},
 publisher = {ACM},
 address = {New York, NY, USA},
 keywords = {education, games},
}

@inproceedings{Anderson:2013:LCS:2445196.2445344,
 author = {Anderson, Nicole and Gegg-Harrison, Tim},
 title = {Learning Computer Science in the "Comfort Zone of Proximal Development"},
 booktitle = {Proceeding of the 44th ACM Technical Symposium on Computer Science Education},
 series = {SIGCSE '13},
 year = {2013},
 isbn = {978-1-4503-1868-6},
 location = {Denver, Colorado, USA},
 pages = {495--500},
 numpages = {6},
 url = {http://doi.acm.org/10.1145/2445196.2445344},
 doi = {10.1145/2445196.2445344},
 acmid = {2445344},
 publisher = {ACM},
 address = {New York, NY, USA},
 keywords = {CS1, active learning, mobile game development, pair programming/teaching, scaffolding},
}

@inproceedings{Wardrip:2015:LPM:2771839.2771920,
 author = {Wardrip, Peter S. and Brahms, Lisa},
 title = {Learning Practices of Making: Developing a Framework for Design},
 booktitle = {Proceedings of the 14th International Conference on Interaction Design and Children},
 series = {IDC '15},
 year = {2015},
 isbn = {978-1-4503-3590-4},
 location = {Boston, Massachusetts},
 pages = {375--378},
 numpages = {4},
 url = {http://doi.acm.org/10.1145/2771839.2771920},
 doi = {10.1145/2771839.2771920},
 acmid = {2771920},
 publisher = {ACM},
 address = {New York, NY, USA},
 keywords = {education, learning, making, museum},
}

@inproceedings{Chang:2018:DOP:3159450.3159505,
 author = {Chang, Yunjeong and Cintron, Leslie and Cohoon, James P. and Tychonievich, Luther},
 title = {Diversity-focused Online Professional Development for Community College Computing Faculty: Participant Motivations and Perceptions},
 booktitle = {Proceedings of the 49th ACM Technical Symposium on Computer Science Education},
 series = {SIGCSE '18},
 year = {2018},
 isbn = {978-1-4503-5103-4},
 location = {Baltimore, Maryland, USA},
 pages = {783--788},
 numpages = {6},
 url = {http://doi.acm.org/10.1145/3159450.3159505},
 doi = {10.1145/3159450.3159505},
 acmid = {3159505},
 publisher = {ACM},
 address = {New York, NY, USA},
 keywords = {community college, diversity, in-service training, motivation, online course, perceptions, professional development},
}

@article{Butcher-Powell:2003:WDI:771712.771742,
 author = {Butcher-Powell, Loreen Marie and Brazon, Barbara},
 title = {Workshop: Developing Interactive Competence: Student Centered Discussion},
 journal = {J. Comput. Sci. Coll.},
 issue_date = {February 2003},
 volume = {18},
 number = {3},
 month = feb,
 year = {2003},
 issn = {1937-4771},
 pages = {235--240},
 numpages = {6},
 url = {http://dl.acm.org/citation.cfm?id=771712.771742},
 acmid = {771742},
 publisher = {Consortium for Computing Sciences in Colleges},
 address = {USA},
}

@inproceedings{Cutts:2012:ATT:2361276.2361290,
 author = {Cutts, Quintin and Esper, Sarah and Fecho, Marlena and Foster, Stephen R. and Simon, Beth},
 title = {The Abstraction Transition Taxonomy: Developing Desired Learning Outcomes Through the Lens of Situated Cognition},
 booktitle = {Proceedings of the Ninth Annual International Conference on International Computing Education Research},
 series = {ICER '12},
 year = {2012},
 isbn = {978-1-4503-1604-0},
 location = {Auckland, New Zealand},
 pages = {63--70},
 numpages = {8},
 url = {http://doi.acm.org/10.1145/2361276.2361290},
 doi = {10.1145/2361276.2361290},
 acmid = {2361290},
 publisher = {ACM},
 address = {New York, NY, USA},
 keywords = {cognitive apprenticeship, cs0, cs1, cs2, deliberate practice, situated cognition, taxonomy},
}

@inproceedings{Schouten:2014:CLS:2637248.2637282,
 author = {Schouten, Dylan G. M.},
 title = {Computer-Supported Learning of Societal Participation Skills by Low-Literates and Non-Natives},
 booktitle = {Proceedings of the 2014 European Conference on Cognitive Ergonomics},
 series = {ECCE '14},
 year = {2014},
 isbn = {978-1-4503-2874-6},
 location = {Vienna, Austria},
 pages = {34:1--34:2},
 articleno = {34},
 numpages = {2},
 url = {http://doi.acm.org/10.1145/2637248.2637282},
 doi = {10.1145/2637248.2637282},
 acmid = {2637282},
 publisher = {ACM},
 address = {New York, NY, USA},
 keywords = {Societal participation, computer support, learning support, low-literates, non-natives, situated Cognitive Engineering},
}

@article{DeClue:2009:TAC:1516595.1516620,
 author = {DeClue, Tim},
 title = {A Theory of Attrition in Computer Science Education Which Explores the Effect of Learning Theory, Gender, and Context},
 journal = {J. Comput. Sci. Coll.},
 issue_date = {May 2009},
 volume = {24},
 number = {5},
 month = may,
 year = {2009},
 issn = {1937-4771},
 pages = {115--121},
 numpages = {7},
 url = {http://dl.acm.org/citation.cfm?id=1516595.1516620},
 acmid = {1516620},
 publisher = {Consortium for Computing Sciences in Colleges},
 address = {USA},
}

@inproceedings{Knobelsdorf:2014:TTC:2538862.2538944,
 author = {Knobelsdorf, Maria and Kreitz, Christoph and B\"{o}hne, Sebastian},
 title = {Teaching Theoretical Computer Science Using a Cognitive Apprenticeship Approach},
 booktitle = {Proceedings of the 45th ACM Technical Symposium on Computer Science Education},
 series = {SIGCSE '14},
 year = {2014},
 isbn = {978-1-4503-2605-6},
 location = {Atlanta, Georgia, USA},
 pages = {67--72},
 numpages = {6},
 url = {http://doi.acm.org/10.1145/2538862.2538944},
 doi = {10.1145/2538862.2538944},
 acmid = {2538944},
 publisher = {ACM},
 address = {New York, NY, USA},
 keywords = {cognitive apprenticeship, high failure rates, pedagogy, theoretical computer science, theory of computation},
}

@inproceedings{Fidalgo-Blanco:2018:OSA:3284179.3284315,
 author = {Fidalgo-Blanco, \'{A}ngel and S\'{a}nchez-Canales, Mar\'{\i}a and Sein-Echaluce, Mar\'{\i}a Luisa and Garc\'{\i}a-Pe\~{n}alvo, Francisco J.},
 title = {Ontological Search for Academic Resources},
 booktitle = {Proceedings of the Sixth International Conference on Technological Ecosystems for Enhancing Multiculturality},
 series = {TEEM'18},
 year = {2018},
 isbn = {978-1-4503-6518-5},
 location = {Salamanca, Spain},
 pages = {788--793},
 numpages = {6},
 url = {http://doi.acm.org/10.1145/3284179.3284315},
 doi = {10.1145/3284179.3284315},
 acmid = {3284315},
 publisher = {ACM},
 address = {New York, NY, USA},
 keywords = {Active methodologies, Ontological search, Repository, WordPress plugin},
}

@inproceedings{Hsiao:2019:RSL:3306500.3306531,
 author = {Hsiao, Yu-Chen and Shiao, Yi-Tzone and Yang, Ya-hui},
 title = {The Role of Self-regulated Learning in the Workplace Professional English e-Learning Course},
 booktitle = {Proceedings of the 10th International Conference on E-Education, E-Business, E-Management and E-Learning},
 series = {IC4E '19},
 year = {2019},
 isbn = {978-1-4503-6602-1},
 location = {Tokyo, Japan},
 pages = {205--210},
 numpages = {6},
 url = {http://doi.acm.org/10.1145/3306500.3306531},
 doi = {10.1145/3306500.3306531},
 acmid = {3306531},
 publisher = {ACM},
 address = {New York, NY, USA},
 keywords = {academic performance, action control strategies, e-learning, self-regulated learning (SRL), workplace professional english e-learning course},
}

@inproceedings{Yang:2019:CSP:3338147.3338164,
 author = {Yang, Yang and Zuo, Mingzhang and Wang, Wenqian},
 title = {A Case Study of Pupils' Scaffolding Learning Experience Supported by Information Technology},
 booktitle = {Proceedings of the 2019 4th International Conference on Distance Education and Learning},
 series = {ICDEL 2019},
 year = {2019},
 isbn = {978-1-4503-6265-8},
 location = {Shanghai, China},
 pages = {112--117},
 numpages = {6},
 url = {http://doi.acm.org/10.1145/3338147.3338164},
 doi = {10.1145/3338147.3338164},
 acmid = {3338164},
 publisher = {ACM},
 address = {New York, NY, USA},
 keywords = {Scaffolding, case study, information technology, scaffolding functions, scaffolding learning experience},
}

@inproceedings{Lavonen:2001:UCS:571968.571974,
 author = {Lavonen, Jari and Meisalo, Veijo and Lattu, Matti and Leinonen, Liisa and Wilusz, Tadeusz},
 title = {Using Computers in Science and Technology Education},
 booktitle = {Working Group Reports from ITiCSE on Innovation and Technology in Computer Science Education},
 series = {ITiCSE-WGR '00},
 year = {2001},
 pages = {127--135},
 numpages = {9},
 url = {http://doi.acm.org/10.1145/571968.571974},
 doi = {10.1145/571968.571974},
 acmid = {571974},
 publisher = {ACM},
 address = {New York, NY, USA},
}

@inproceedings{Chodos:2011:DVS:1987993.1988007,
 author = {Chodos, David and Stroulia, Eleni and King, Sharla},
 title = {Developing a Virtual-world Simulation},
 booktitle = {Proceedings of the 3rd Workshop on Software Engineering in Health Care},
 series = {SEHC '11},
 year = {2011},
 isbn = {978-1-4503-0585-3},
 location = {Waikiki, Honolulu, HI, USA},
 pages = {71--78},
 numpages = {8},
 url = {http://doi.acm.org/10.1145/1987993.1988007},
 doi = {10.1145/1987993.1988007},
 acmid = {1988007},
 publisher = {ACM},
 address = {New York, NY, USA},
 keywords = {medical education, simulation-based training, virtual worlds},
}

@inproceedings{Edwards:2009:DCP:1621995.1622031,
 author = {Edwards, Richard L.},
 title = {Design Charrettes As Pedagogical Method in a Multimedia Design Course},
 booktitle = {Proceedings of the 27th ACM International Conference on Design of Communication},
 series = {SIGDOC '09},
 year = {2009},
 isbn = {978-1-60558-559-8},
 location = {Bloomington, Indiana, USA},
 pages = {181--186},
 numpages = {6},
 url = {http://doi.acm.org/10.1145/1621995.1622031},
 doi = {10.1145/1621995.1622031},
 acmid = {1622031},
 publisher = {ACM},
 address = {New York, NY, USA},
 keywords = {charrette, collaboration, creativity, design, design research, learning},
}

@inproceedings{Porter:2013:PIC:2462476.2465587,
 author = {Porter, Leo and Garcia, Saturnino and Glick, John and Matusiewicz, Andrew and Taylor, Cynthia},
 title = {Peer Instruction in Computer Science at Small Liberal Arts Colleges},
 booktitle = {Proceedings of the 18th ACM Conference on Innovation and Technology in Computer Science Education},
 series = {ITiCSE '13},
 year = {2013},
 isbn = {978-1-4503-2078-8},
 location = {Canterbury, England, UK},
 pages = {129--134},
 numpages = {6},
 url = {http://doi.acm.org/10.1145/2462476.2465587},
 doi = {10.1145/2462476.2465587},
 acmid = {2465587},
 publisher = {ACM},
 address = {New York, NY, USA},
 keywords = {active learning, liberal arts colleges, peer instruction},
}

@inproceedings{Rughinis:2015:CMH:2702613.2732504,
 author = {Rughinis, Cosima and Rughinis, R\v{a}zvan},
 title = {Consider the Moon. Human-Computer Bricolage of Extended Objects},
 booktitle = {Proceedings of the 33rd Annual ACM Conference Extended Abstracts on Human Factors in Computing Systems},
 series = {CHI EA '15},
 year = {2015},
 isbn = {978-1-4503-3146-3},
 location = {Seoul, Republic of Korea},
 pages = {413--423},
 numpages = {11},
 url = {http://doi.acm.org/10.1145/2702613.2732504},
 doi = {10.1145/2702613.2732504},
 acmid = {2732504},
 publisher = {ACM},
 address = {New York, NY, USA},
 keywords = {augmented reality, digital collection, extended mind, extended object, the moon},
}

@inproceedings{Chodos:2010:HEV:1809085.1809097,
 author = {Chodos, David and Stroulia, Eleni and Boechler, Patricia and King, Sharla and Kuras, Pawel and Carbonaro, Michael and de Jong, Erik},
 title = {Healthcare Education with Virtual-world Simulations},
 booktitle = {Proceedings of the 2010 ICSE Workshop on Software Engineering in Health Care},
 series = {SEHC '10},
 year = {2010},
 isbn = {978-1-60558-973-2},
 location = {Cape Town, South Africa},
 pages = {89--99},
 numpages = {11},
 url = {http://doi.acm.org/10.1145/1809085.1809097},
 doi = {10.1145/1809085.1809097},
 acmid = {1809097},
 publisher = {ACM},
 address = {New York, NY, USA},
 keywords = {medical education, virtual worlds},
}

@inproceedings{Knobelsdorf:2016:ASP:2960310.2960331,
 author = {Knobelsdorf, Maria and Frede, Christiane},
 title = {Analyzing Student Practices in Theory of Computation in Light of Distributed Cognition Theory},
 booktitle = {Proceedings of the 2016 ACM Conference on International Computing Education Research},
 series = {ICER '16},
 year = {2016},
 isbn = {978-1-4503-4449-4},
 location = {Melbourne, VIC, Australia},
 pages = {73--81},
 numpages = {9},
 url = {http://doi.acm.org/10.1145/2960310.2960331},
 doi = {10.1145/2960310.2960331},
 acmid = {2960331},
 publisher = {ACM},
 address = {New York, NY, USA},
 keywords = {cs ed, distributed cognition theory, ethnographical approach, np-completeness proofs, observational study, qualitative research, students, theory of computation},
}

@inproceedings{Fowler:2018:PPG:3241815.3241862,
 author = {Fowler, Allan and Ni, Xuelei (Sherry) and Preston, Jon},
 title = {The Pedagogical Potential of Game Jams},
 booktitle = {Proceedings of the 19th Annual SIG Conference on Information Technology Education},
 series = {SIGITE '18},
 year = {2018},
 isbn = {978-1-4503-5954-2},
 location = {Fort Lauderdale, Florida, USA},
 pages = {112--116},
 numpages = {5},
 url = {http://doi.acm.org/10.1145/3241815.3241862},
 doi = {10.1145/3241815.3241862},
 acmid = {3241862},
 publisher = {ACM},
 address = {New York, NY, USA},
 keywords = {computing education, experiential learning, game jam, hackathon, learning, pedagogy},
}

@inproceedings{Knight:2013:EPA:2460296.2460312,
 author = {Knight, Simon and Buckingham Shum, Simon and Littleton, Karen},
 title = {Epistemology, Pedagogy, Assessment and Learning Analytics},
 booktitle = {Proceedings of the Third International Conference on Learning Analytics and Knowledge},
 series = {LAK '13},
 year = {2013},
 isbn = {978-1-4503-1785-6},
 location = {Leuven, Belgium},
 pages = {75--84},
 numpages = {10},
 url = {http://doi.acm.org/10.1145/2460296.2460312},
 doi = {10.1145/2460296.2460312},
 acmid = {2460312},
 publisher = {ACM},
 address = {New York, NY, USA},
 keywords = {discourse analytics, educational assessment, epistemology, learning analytics, pedagogy, social learning analytics},
}

@inproceedings{Fowler:2017:EYL:3102071.3116225,
 author = {Fowler, Allan},
 title = {Engaging Young Learners in Making Games: An Exploratory Study},
 booktitle = {Proceedings of the 12th International Conference on the Foundations of Digital Games},
 series = {FDG '17},
 year = {2017},
 isbn = {978-1-4503-5319-9},
 location = {Hyannis, Massachusetts},
 pages = {65:1--65:5},
 articleno = {65},
 numpages = {5},
 url = {http://doi.acm.org/10.1145/3102071.3116225},
 doi = {10.1145/3102071.3116225},
 acmid = {3116225},
 publisher = {ACM},
 address = {New York, NY, USA},
 keywords = {STEM, computer games, education, young children},
}

@inproceedings{Heinonen:2013:LAS:2512276.2512306,
 author = {Heinonen, Kenny and Hirvikoski, Kasper and Luukkainen, Matti and Vihavainen, Arto},
 title = {Learning Agile Software Engineering Practices Using Coding Dojo},
 booktitle = {Proceedings of the 14th Annual ACM SIGITE Conference on Information Technology Education},
 series = {SIGITE '13},
 year = {2013},
 isbn = {978-1-4503-2239-3},
 location = {Orlando, Florida, USA},
 pages = {97--102},
 numpages = {6},
 url = {http://doi.acm.org/10.1145/2512276.2512306},
 doi = {10.1145/2512276.2512306},
 acmid = {2512306},
 publisher = {ACM},
 address = {New York, NY, USA},
 keywords = {agile methodologies, coding dojo, software engineering},
}

@article{Kolikant:2008:CEC:1597849.1384349,
 author = {Kolikant, YifatBen-David},
 title = {Computer-science Education As a Cultural Encounter: A Socio-cultural Framework for Articulating Learning Difficulties},
 journal = {SIGCSE Bull.},
 issue_date = {September 2008},
 volume = {40},
 number = {3},
 month = jun,
 year = {2008},
 issn = {0097-8418},
 pages = {291--295},
 numpages = {5},
 url = {http://doi.acm.org/10.1145/1597849.1384349},
 doi = {10.1145/1597849.1384349},
 acmid = {1384349},
 publisher = {ACM},
 address = {New York, NY, USA},
 keywords = {correctness, learning difficulties, sociocultural theories},
}

@inproceedings{Kolikant:2008:CEC:1384271.1384349,
 author = {Kolikant, YifatBen-David},
 title = {Computer-science Education As a Cultural Encounter: A Socio-cultural Framework for Articulating Learning Difficulties},
 booktitle = {Proceedings of the 13th Annual Conference on Innovation and Technology in Computer Science Education},
 series = {ITiCSE '08},
 year = {2008},
 isbn = {978-1-60558-078-4},
 location = {Madrid, Spain},
 pages = {291--295},
 numpages = {5},
 url = {http://doi.acm.org/10.1145/1384271.1384349},
 doi = {10.1145/1384271.1384349},
 acmid = {1384349},
 publisher = {ACM},
 address = {New York, NY, USA},
 keywords = {correctness, learning difficulties, sociocultural theories},
}

@inproceedings{Simon:2013:WTI:2445196.2445215,
 author = {Simon, Beth and Parris, Julian and Spacco, Jaime},
 title = {How We Teach Impacts Student Learning: Peer Instruction vs. Lecture in CS0},
 booktitle = {Proceeding of the 44th ACM Technical Symposium on Computer Science Education},
 series = {SIGCSE '13},
 year = {2013},
 isbn = {978-1-4503-1868-6},
 location = {Denver, Colorado, USA},
 pages = {41--46},
 numpages = {6},
 url = {http://doi.acm.org/10.1145/2445196.2445215},
 doi = {10.1145/2445196.2445215},
 acmid = {2445215},
 publisher = {ACM},
 address = {New York, NY, USA},
 keywords = {active learning, peer instruction, student-centric learning},
}

@inproceedings{Apostolellis:2010:EVA:1810543.1810605,
 author = {Apostolellis, Panagiotis and Daradoumis, Thanasis},
 title = {Exploring the Value of Audience Collaboration and Game Design in Immersive Virtual Learning Environments},
 booktitle = {Proceedings of the 9th International Conference on Interaction Design and Children},
 series = {IDC '10},
 year = {2010},
 isbn = {978-1-60558-951-0},
 location = {Barcelona, Spain},
 pages = {326--330},
 numpages = {5},
 url = {http://doi.acm.org/10.1145/1810543.1810605},
 doi = {10.1145/1810543.1810605},
 acmid = {1810605},
 publisher = {ACM},
 address = {New York, NY, USA},
 keywords = {audience interaction, collaboration, games, informal learning, location-based entertainment, virtual reality},
}

@inproceedings{Shuyska:2008:TCP:1822258.1822273,
 author = {Shuyska, Jane Alexen and Davies, Chris},
 title = {ThinkSpace: The Collaborative Process of Designing New Technologies for the Classroom},
 booktitle = {Proceedings of the 4th International Symposium on Wikis},
 series = {WikiSym '08},
 year = {2008},
 isbn = {978-1-60558-128-6},
 location = {Porto, Portugal},
 pages = {11:1--11:8},
 articleno = {11},
 numpages = {8},
 url = {http://doi.acm.org/10.1145/1822258.1822273},
 doi = {10.1145/1822258.1822273},
 acmid = {1822273},
 publisher = {ACM},
 address = {New York, NY, USA},
 keywords = {collaborative knowledge building, concept mapping, design-based research, history, wiki},
}

@inproceedings{Zingaro:2013:FCP:2445196.2445369,
 author = {Zingaro, Daniel and Cherenkova, Yuliya and Karpova, Olessia and Petersen, Andrew},
 title = {Facilitating Code-writing in PI Classes},
 booktitle = {Proceeding of the 44th ACM Technical Symposium on Computer Science Education},
 series = {SIGCSE '13},
 year = {2013},
 isbn = {978-1-4503-1868-6},
 location = {Denver, Colorado, USA},
 pages = {585--590},
 numpages = {6},
 url = {http://doi.acm.org/10.1145/2445196.2445369},
 doi = {10.1145/2445196.2445369},
 acmid = {2445369},
 publisher = {ACM},
 address = {New York, NY, USA},
 keywords = {CS1, active learning, pair programming, peer investigation},
}

@article{Cunningham:1997:TSC:271042.271053,
 author = {Cunningham, Sally Jo},
 title = {Teaching Students to Critically Evaluate the Quality of Internet Research Resources},
 journal = {SIGCSE Bull.},
 issue_date = {June 1997},
 volume = {29},
 number = {2},
 month = jun,
 year = {1997},
 issn = {0097-8418},
 pages = {31--ff.},
 url = {http://doi.acm.org/10.1145/271042.271053},
 doi = {10.1145/271042.271053},
 acmid = {271053},
 publisher = {ACM},
 address = {New York, NY, USA},
}

@inproceedings{Hu:2017:ULI:3124116.3124120,
 author = {Hu, Dexin and Wang, Yiwei and Chen, Cheng},
 title = {Ubiquitous Learning: Information Technology Driving Learning Revolution},
 booktitle = {Proceedings of the 2017 International Conference on Education and Multimedia Technology},
 series = {ICEMT '17},
 year = {2017},
 isbn = {978-1-4503-5293-2},
 location = {Singapore, Singapore},
 pages = {21--26},
 numpages = {6},
 url = {http://doi.acm.org/10.1145/3124116.3124120},
 doi = {10.1145/3124116.3124120},
 acmid = {3124120},
 publisher = {ACM},
 address = {New York, NY, USA},
 keywords = {information technology, learning style, typical model, ubiquitous learning},
}

@inproceedings{Costa:2010:MGL:1936755.1936769,
 author = {Costa, Pedro J.},
 title = {Map Gaming for Local Promotion},
 booktitle = {Proceedings of the Workshop on Open Source and Design of Communication},
 series = {OSDOC '10},
 year = {2010},
 isbn = {978-1-4503-0480-1},
 location = {Lisbon, Portugal},
 pages = {45--48},
 numpages = {4},
 url = {http://doi.acm.org/10.1145/1936755.1936769},
 doi = {10.1145/1936755.1936769},
 acmid = {1936769},
 publisher = {ACM},
 address = {New York, NY, USA},
 keywords = {computer-game, game design, learn about a place, local promotion, tourism promotion},
}

@inproceedings{Moher:2008:WDI:1357054.1357082,
 author = {Moher, Tom and Uphoff, Brian and Bhatt, Darshan and L\'{o}pez Silva, Brenda and Malcolm, Peter},
 title = {WallCology: Designing Interaction Affordances for Learner Engagement in Authentic Science Inquiry},
 booktitle = {Proceedings of the SIGCHI Conference on Human Factors in Computing Systems},
 series = {CHI '08},
 year = {2008},
 isbn = {978-1-60558-011-1},
 location = {Florence, Italy},
 pages = {163--172},
 numpages = {10},
 url = {http://doi.acm.org/10.1145/1357054.1357082},
 doi = {10.1145/1357054.1357082},
 acmid = {1357082},
 publisher = {ACM},
 address = {New York, NY, USA},
 keywords = {embedded phenomena, science inquiry learning, ubiquitous computing},
}

@article{Ellis:2015:TPE:2850426.2684812,
 author = {Ellis, Heidi J. C. and Hislop, Gregory W. and Jackson, Stoney and Postner, Lori},
 title = {Team Project Experiences in Humanitarian Free and Open Source Software (HFOSS)},
 journal = {Trans. Comput. Educ.},
 issue_date = {December 2015},
 volume = {15},
 number = {4},
 month = dec,
 year = {2015},
 issn = {1946-6226},
 pages = {18:1--18:23},
 articleno = {18},
 numpages = {23},
 url = {http://doi.acm.org/10.1145/2684812},
 doi = {10.1145/2684812},
 acmid = {2684812},
 publisher = {ACM},
 address = {New York, NY, USA},
 keywords = {Humanitarian free and open source software (HFOSS)},
}

@inproceedings{Simon:2013:SES:2493394.2493407,
 author = {Simon, Beth and Esper, Sarah and Porter, Leo and Cutts, Quintin},
 title = {Student Experience in a Student-centered Peer Instruction Classroom},
 booktitle = {Proceedings of the Ninth Annual International ACM Conference on International Computing Education Research},
 series = {ICER '13},
 year = {2013},
 isbn = {978-1-4503-2243-0},
 location = {San Diego, San California, USA},
 pages = {129--136},
 numpages = {8},
 url = {http://doi.acm.org/10.1145/2493394.2493407},
 doi = {10.1145/2493394.2493407},
 acmid = {2493407},
 publisher = {ACM},
 address = {New York, NY, USA},
 keywords = {affect, flipped classroom, peer instruction, student-centered learning},
}

@inproceedings{Sudol-DeLyser:2015:EAS:2676723.2677222,
 author = {Sudol-DeLyser, Leigh Ann},
 title = {Expression of Abstraction: Self Explanation in Code Production},
 booktitle = {Proceedings of the 46th ACM Technical Symposium on Computer Science Education},
 series = {SIGCSE '15},
 year = {2015},
 isbn = {978-1-4503-2966-8},
 location = {Kansas City, Missouri, USA},
 pages = {272--277},
 numpages = {6},
 url = {http://doi.acm.org/10.1145/2676723.2677222},
 doi = {10.1145/2676723.2677222},
 acmid = {2677222},
 publisher = {ACM},
 address = {New York, NY, USA},
 keywords = {code comprehension, computer science education research, explain in plain english, novice programmers, solo},
}

@inproceedings{Auer:2011:OSP:2181037.2181073,
 author = {Auer, Liisa and Juntunen, Jouni and Ojala, Pekka},
 title = {Open Source Project As a Pedagogical Tool in Higher Education},
 booktitle = {Proceedings of the 15th International Academic MindTrek Conference: Envisioning Future Media Environments},
 series = {MindTrek '11},
 year = {2011},
 isbn = {978-1-4503-0816-8},
 location = {Tampere, Finland},
 pages = {207--213},
 numpages = {7},
 url = {http://doi.acm.org/10.1145/2181037.2181073},
 doi = {10.1145/2181037.2181073},
 acmid = {2181073},
 publisher = {ACM},
 address = {New York, NY, USA},
 keywords = {higher education, learning, open source, pedagogy},
}

@inproceedings{Esper:2012:EHA:2361276.2361297,
 author = {Esper, Sarah and Simon, Beth and Cutts, Quintin},
 title = {Exploratory Homeworks: An Active Learning Tool for Textbook Reading},
 booktitle = {Proceedings of the Ninth Annual International Conference on International Computing Education Research},
 series = {ICER '12},
 year = {2012},
 isbn = {978-1-4503-1604-0},
 location = {Auckland, New Zealand},
 pages = {105--110},
 numpages = {6},
 url = {http://doi.acm.org/10.1145/2361276.2361297},
 doi = {10.1145/2361276.2361297},
 acmid = {2361297},
 publisher = {ACM},
 address = {New York, NY, USA},
 keywords = {active learning, cognitive apprenticeship, constructivism, cs0, kolb learning cycle},
}

@inproceedings{Zhao:2018:EEU:3284497.3284507,
 author = {Zhao, Lixinin and Hwang, Wu-Yuin and Shadiev, Rustam and Lin, Li-Kai and Shih, Timothy K. and Chen, Hong-Ren},
 title = {Exploring the Effects of Ubiquitous Geometry Learning in Real Situations},
 booktitle = {Proceedings of the 2Nd International Conference on Digital Technology in Education},
 series = {ICDTE 2018},
 year = {2018},
 isbn = {978-1-4503-6599-4},
 location = {Bangkok, Thailand},
 pages = {29--36},
 numpages = {8},
 url = {http://doi.acm.org/10.1145/3284497.3284507},
 doi = {10.1145/3284497.3284507},
 acmid = {3284507},
 publisher = {ACM},
 address = {New York, NY, USA},
 keywords = {Authentic context, Geometry measurement, Spatial estimation ability, Ubiquitous geometry learning},
}

@inproceedings{Weidler-Lewis:2017:DDS:3017680.3017776,
 author = {Weidler-Lewis, Joanna and DuBow, Wendy and Kaminsky, Alexis},
 title = {Defining a Discipline or Shaping a Community: Constraints on Broadening Participation in Computing},
 booktitle = {Proceedings of the 2017 ACM SIGCSE Technical Symposium on Computer Science Education},
 series = {SIGCSE '17},
 year = {2017},
 isbn = {978-1-4503-4698-6},
 location = {Seattle, Washington, USA},
 pages = {627--632},
 numpages = {6},
 url = {http://doi.acm.org/10.1145/3017680.3017776},
 doi = {10.1145/3017680.3017776},
 acmid = {3017776},
 publisher = {ACM},
 address = {New York, NY, USA},
 keywords = {broadening participation in computing, communities of practice, gender, history of computing, persistence in computing, situated learning},
}

@inproceedings{Esper:2014:CBE:2674683.2674684,
 author = {Esper, Sarah and Foster, Stephen R. and Griswold, William G. and Herrera, Carlos and Snyder, Wyatt},
 title = {CodeSpells: Bridging Educational Language Features with Industry-standard Languages},
 booktitle = {Proceedings of the 14th Koli Calling International Conference on Computing Education Research},
 series = {Koli Calling '14},
 year = {2014},
 isbn = {978-1-4503-3065-7},
 location = {Koli, Finland},
 pages = {05--14},
 numpages = {10},
 url = {http://doi.acm.org/10.1145/2674683.2674684},
 doi = {10.1145/2674683.2674684},
 acmid = {2674684},
 publisher = {ACM},
 address = {New York, NY, USA},
 keywords = {CS0, CS1, epistemic frames, serious games},
}

@article{Myller:2009:EET:1513593.1513600,
 author = {Myller, Niko and Bednarik, Roman and Sutinen, Erkki and Ben-Ari, Mordechai},
 title = {Extending the Engagement Taxonomy: Software Visualization and Collaborative Learning},
 journal = {Trans. Comput. Educ.},
 issue_date = {March 2009},
 volume = {9},
 number = {1},
 month = mar,
 year = {2009},
 issn = {1946-6226},
 pages = {7:1--7:27},
 articleno = {7},
 numpages = {27},
 url = {http://doi.acm.org/10.1145/1513593.1513600},
 doi = {10.1145/1513593.1513600},
 acmid = {1513600},
 publisher = {ACM},
 address = {New York, NY, USA},
 keywords = {Program visualization, collaborative learning, engagement taxonomy},
}

@inproceedings{Peng:2017:CSW:3041021.3054158,
 author = {Peng, Jun and Sergis, Stylianos and Wang, Minhong and Sampson, Demetrios},
 title = {Combining Smart Web-based Learning Environments with Teaching and Learning Analytics to Support Reflection on Project-based Programming Education},
 booktitle = {Proceedings of the 26th International Conference on World Wide Web Companion},
 series = {WWW '17 Companion},
 year = {2017},
 isbn = {978-1-4503-4914-7},
 location = {Perth, Australia},
 pages = {379--385},
 numpages = {7},
 url = {https://doi.org/10.1145/3041021.3054158},
 doi = {10.1145/3041021.3054158},
 acmid = {3054158},
 publisher = {International World Wide Web Conferences Steering Committee},
 address = {Republic and Canton of Geneva, Switzerland},
 keywords = {computer programming, learning analytics, project-based learning, teaching and learning analytics, technology-enabled learning, web-based learning},
}

@inproceedings{Chiazzese:2018:EER:3284179.3284186,
 author = {Chiazzese, Giuseppe and Arrigo, Marco and Chifari, Antonella and Lonati, Violetta and Tosto, Crispino},
 title = {Exploring the Effect of a Robotics Laboratory on Computational Thinking Skills in Primary School Children Using the Bebras Tasks},
 booktitle = {Proceedings of the Sixth International Conference on Technological Ecosystems for Enhancing Multiculturality},
 series = {TEEM'18},
 year = {2018},
 isbn = {978-1-4503-6518-5},
 location = {Salamanca, Spain},
 pages = {25--30},
 numpages = {6},
 url = {http://doi.acm.org/10.1145/3284179.3284186},
 doi = {10.1145/3284179.3284186},
 acmid = {3284186},
 publisher = {ACM},
 address = {New York, NY, USA},
 keywords = {Robotics education, coding, computational thinking, project-based learning},
}

@inproceedings{Fincher:2007:WQ:1288580.1288588,
 author = {Fincher, Sally and Tenenberg, Josh},
 title = {Warren's Question},
 booktitle = {Proceedings of the Third International Workshop on Computing Education Research},
 series = {ICER '07},
 year = {2007},
 isbn = {978-1-59593-841-1},
 location = {Atlanta, Georgia, USA},
 pages = {51--60},
 numpages = {10},
 url = {http://doi.acm.org/10.1145/1288580.1288588},
 doi = {10.1145/1288580.1288588},
 acmid = {1288588},
 publisher = {ACM},
 address = {New York, NY, USA},
}

@article{Esper:2014:DAP:2591468.2591496,
 author = {Esper, Sarah},
 title = {A Discussion on Adopting Peer Instruction in a Course Focused on Risk Management},
 journal = {J. Comput. Sci. Coll.},
 issue_date = {April 2014},
 volume = {29},
 number = {4},
 month = apr,
 year = {2014},
 issn = {1937-4771},
 pages = {175--182},
 numpages = {8},
 url = {http://dl.acm.org/citation.cfm?id=2591468.2591496},
 acmid = {2591496},
 publisher = {Consortium for Computing Sciences in Colleges},
 address = {USA},
}

@inproceedings{Karatsolis:2011:GCU:1999747.1999827,
 author = {Karatsolis, Andreas and Cervasato, Iliano and Harras, Khaled and Cooper, Yonina and Oflazer, Kemal and Abu-Ghazaleh, Nael and Sans, Thierry},
 title = {Getting CS Undergraduates to Communicate Effectively},
 booktitle = {Proceedings of the 16th Annual Joint Conference on Innovation and Technology in Computer Science Education},
 series = {ITiCSE '11},
 year = {2011},
 isbn = {978-1-4503-0697-3},
 location = {Darmstadt, Germany},
 pages = {283--287},
 numpages = {5},
 url = {http://doi.acm.org/10.1145/1999747.1999827},
 doi = {10.1145/1999747.1999827},
 acmid = {1999827},
 publisher = {ACM},
 address = {New York, NY, USA},
 keywords = {applied communication, curriculum alignment, situated learning},
}

@inproceedings{Cutts:2019:ERT:3304221.3319785,
 author = {Cutts, Quintin and Barr, Matthew and Bikanga Ada, Mireilla and Donaldson, Peter and Draper, Steve and Parkinson, Jack and Singer, Jeremy and Sundin, Lovisa},
 title = {Experience Report: Thinkathon -- Countering an \&\#34;I Got It Working\&\#34; Mentality with Pencil-and-Paper Exercises},
 booktitle = {Proceedings of the 2019 ACM Conference on Innovation and Technology in Computer Science Education},
 series = {ITiCSE '19},
 year = {2019},
 isbn = {978-1-4503-6301-3},
 location = {Aberdeen, Scotland Uk},
 pages = {203--209},
 numpages = {7},
 url = {http://doi.acm.org/10.1145/3304221.3319785},
 doi = {10.1145/3304221.3319785},
 acmid = {3319785},
 publisher = {ACM},
 address = {New York, NY, USA},
 keywords = {goal-directed problem solving, introductory programming, mastery learning, program comprehension},
}

@inproceedings{Sentance:2019:TEU:3287324.3287477,
 author = {Sentance, Sue and Waite, Jane and Kallia, Maria},
 title = {Teachers' Experiences of Using PRIMM to Teach Programming in School},
 booktitle = {Proceedings of the 50th ACM Technical Symposium on Computer Science Education},
 series = {SIGCSE '19},
 year = {2019},
 isbn = {978-1-4503-5890-3},
 location = {Minneapolis, MN, USA},
 pages = {476--482},
 numpages = {7},
 url = {http://doi.acm.org/10.1145/3287324.3287477},
 doi = {10.1145/3287324.3287477},
 acmid = {3287477},
 publisher = {ACM},
 address = {New York, NY, USA},
 keywords = {k-12 education, k-12 teachers, programming education},
}

@inproceedings{McDermott:2017:FYC:3059009.3059062,
 author = {McDermott, Roger and Zarb, Mark and Daniels, Mats and Isom\"{o}tt\"{o}nen, Ville},
 title = {First Year Computing Students' Perceptions of Authenticity in Assessment},
 booktitle = {Proceedings of the 2017 ACM Conference on Innovation and Technology in Computer Science Education},
 series = {ITiCSE '17},
 year = {2017},
 isbn = {978-1-4503-4704-4},
 location = {Bologna, Italy},
 pages = {10--15},
 numpages = {6},
 url = {http://doi.acm.org/10.1145/3059009.3059062},
 doi = {10.1145/3059009.3059062},
 acmid = {3059062},
 publisher = {ACM},
 address = {New York, NY, USA},
 keywords = {authentic assessment, authentic learning, first year computer science, situated learning},
}

@inproceedings{Simpson:2003:SSR:858403.858409,
 author = {Simpson, Matthew and Burmeister, Jay and Boykiw, Alan and Zhu, Jihan},
 title = {Successful Studio-based Real-world Projects in IT Education},
 booktitle = {Proceedings of the Fifth Australasian Conference on Computing Education - Volume 20},
 series = {ACE '03},
 year = {2003},
 isbn = {0-909925-98-4},
 location = {Adelaide, Australia},
 pages = {41--51},
 numpages = {11},
 url = {http://dl.acm.org/citation.cfm?id=858403.858409},
 acmid = {858409},
 publisher = {Australian Computer Society, Inc.},
 address = {Darlinghurst, Australia, Australia},
 keywords = {IT education, ethics, extreme programming, real-world clients, real-world projects, studio-based teaching},
}

@inproceedings{Proctor:2019:DDC:3287324.3287440,
 author = {Proctor, Chris and Bigman, Maxwell and Blikstein, Paulo},
 title = {Defining and Designing Computer Science Education in a K12 Public School District},
 booktitle = {Proceedings of the 50th ACM Technical Symposium on Computer Science Education},
 series = {SIGCSE '19},
 year = {2019},
 isbn = {978-1-4503-5890-3},
 location = {Minneapolis, MN, USA},
 pages = {314--320},
 numpages = {7},
 url = {http://doi.acm.org/10.1145/3287324.3287440},
 doi = {10.1145/3287324.3287440},
 acmid = {3287440},
 publisher = {ACM},
 address = {New York, NY, USA},
 keywords = {computational thinking, equity, k12 cs},
}

@inproceedings{Kutay:2006:UCP:1151869.1151886,
 author = {Kutay, Cat and Lister, Raymond},
 title = {Up Close and Pedagogical: Computing Academics Talk About Teaching},
 booktitle = {Proceedings of the 8th Australasian Conference on Computing Education - Volume 52},
 series = {ACE '06},
 year = {2006},
 isbn = {1-920682-34-1},
 location = {Hobart, Australia},
 pages = {125--134},
 numpages = {10},
 url = {http://dl.acm.org/citation.cfm?id=1151869.1151886},
 acmid = {1151886},
 publisher = {Australian Computer Society, Inc.},
 address = {Darlinghurst, Australia, Australia},
 keywords = {communities of practise, phenomenography, social constructivist learning},
}

@inproceedings{DeWitt:2006:CIF:1231047.1231054,
 author = {DeWitt, Janine and Cicalese, Cynthia},
 title = {Contextual Integration: A Framework for Presenting Social, Legal, and Ethical Content Across the Computer Security and Information Assurance Curriculum},
 booktitle = {Proceedings of the 3rd Annual Conference on Information Security Curriculum Development},
 series = {InfoSecCD '06},
 year = {2006},
 isbn = {1-59593-437-5},
 location = {Kennesaw, Georgia},
 pages = {30--40},
 numpages = {11},
 url = {http://doi.acm.org/10.1145/1231047.1231054},
 doi = {10.1145/1231047.1231054},
 acmid = {1231054},
 publisher = {ACM},
 address = {New York, NY, USA},
 keywords = {active learning, authentic learning, case studies, cognitive apprenticeship, computer security, curriculum, education, ethical reasoning, ethics, information assurance, integrative learning, situated learning, social context},
}

@inproceedings{Schulte:2005:NEP:1089786.1089800,
 author = {Schulte, Carsten and Magenheim, Johannes},
 title = {Novices' Expectations and Prior Knowledge of Software Development: Results of a Study with High School Students},
 booktitle = {Proceedings of the First International Workshop on Computing Education Research},
 series = {ICER '05},
 year = {2005},
 isbn = {1-59593-043-4},
 location = {Seattle, WA, USA},
 pages = {143--153},
 numpages = {11},
 url = {http://doi.acm.org/10.1145/1089786.1089800},
 doi = {10.1145/1089786.1089800},
 acmid = {1089800},
 publisher = {ACM},
 address = {New York, NY, USA},
 keywords = {empirical research, expectations for informatics courses, gender differences, motives for taking informatics courses, personal theory of software development, prior knowledge, process-product relation, socio-technical perspective, students' attitudes, teaching concepts of informatics},
}

@inproceedings{Fernandez-Vara:2008:GSP:1496984.1496990,
 author = {Fern\'{a}ndez-Vara, Clara and Tan, Philip},
 title = {The Game Studies Practicum: Applying Situated Learning to Teach Professional Practices},
 booktitle = {Proceedings of the 2008 Conference on Future Play: Research, Play, Share},
 series = {Future Play '08},
 year = {2008},
 isbn = {978-1-60558-218-4},
 location = {Toronto, Ontario, Canada},
 pages = {25--32},
 numpages = {8},
 url = {http://doi.acm.org/10.1145/1496984.1496990},
 doi = {10.1145/1496984.1496990},
 acmid = {1496990},
 publisher = {ACM},
 address = {New York, NY, USA},
 keywords = {Scrum, cognitive apprenticeship, curriculum, education, game studies, learning, legitimate peripheral participation, practicum, situated learning, teaching, videogames},
}

@article{Gates:2011:CAH:2037276.2037280,
 author = {Gates, Ann Quiroz and Hug, Sarah and Thiry, Heather and Al\'{o}, Richard and Beheshti, Mohsen and Fernandez, John and Rodriguez, Nestor and Adjouadi, Malek},
 title = {The Computing Alliance of Hispanic-Serving Institutions: Supporting Hispanics at Critical Transition Points},
 journal = {Trans. Comput. Educ.},
 issue_date = {October 2011},
 volume = {11},
 number = {3},
 month = oct,
 year = {2011},
 issn = {1946-6226},
 pages = {16:1--16:21},
 articleno = {16},
 numpages = {21},
 url = {http://doi.acm.org/10.1145/2037276.2037280},
 doi = {10.1145/2037276.2037280},
 acmid = {2037280},
 publisher = {ACM},
 address = {New York, NY, USA},
 keywords = {Affinity Research Groups, CAHSI, Hispanics, Peer-Led Team Learning, student advancement, student mentoring, student retention, undergraduate research},
}

@article{Barron:1993:TEM:155049.155060,
 author = {Barron, Brigid and Kantor, Ronald J.},
 title = {Tools to Enhance Math Education: The Jasper Series},
 journal = {Commun. ACM},
 issue_date = {May 1993},
 volume = {36},
 number = {5},
 month = may,
 year = {1993},
 issn = {0001-0782},
 pages = {52--54},
 numpages = {3},
 url = {http://doi.acm.org/10.1145/155049.155060},
 doi = {10.1145/155049.155060},
 acmid = {155060},
 publisher = {ACM},
 address = {New York, NY, USA},
}

@inproceedings{Cutts:2011:CRG:2016911.2016938,
 author = {Cutts, Quintin and Esper, Sarah and Simon, Beth},
 title = {Computing As the 4th "R": A General Education Approach to Computing Education},
 booktitle = {Proceedings of the Seventh International Workshop on Computing Education Research},
 series = {ICER '11},
 year = {2011},
 isbn = {978-1-4503-0829-8},
 location = {Providence, Rhode Island, USA},
 pages = {133--138},
 numpages = {6},
 url = {http://doi.acm.org/10.1145/2016911.2016938},
 doi = {10.1145/2016911.2016938},
 acmid = {2016938},
 publisher = {ACM},
 address = {New York, NY, USA},
 keywords = {active learning, cs0, general education, peer instruction},
}

@inproceedings{Sentance:2017:PEP:3137065.3137084,
 author = {Sentance, Sue and Waite, Jane},
 title = {PRIMM: Exploring Pedagogical Approaches for Teaching Text-based Programming in School},
 booktitle = {Proceedings of the 12th Workshop on Primary and Secondary Computing Education},
 series = {WiPSCE '17},
 year = {2017},
 isbn = {978-1-4503-5428-8},
 location = {Nijmegen, Netherlands},
 pages = {113--114},
 numpages = {2},
 url = {http://doi.acm.org/10.1145/3137065.3137084},
 doi = {10.1145/3137065.3137084},
 acmid = {3137084},
 publisher = {ACM},
 address = {New York, NY, USA},
 keywords = {K-12 education, pedagogy, programming},
}

@article{Schank:1993:LVM:155049.155061,
 author = {Schank, Roger C.},
 title = {Learning via Multimedia Computers},
 journal = {Commun. ACM},
 issue_date = {May 1993},
 volume = {36},
 number = {5},
 month = may,
 year = {1993},
 issn = {0001-0782},
 pages = {54--56},
 numpages = {3},
 url = {http://doi.acm.org/10.1145/155049.155061},
 doi = {10.1145/155049.155061},
 acmid = {155061},
 publisher = {ACM},
 address = {New York, NY, USA},
}

@article{Bareiss:2008:SLA:1352322.1352217,
 author = {Bareiss, Ray and Griss, Martin},
 title = {A Story-centered, Learn-by-doing Approach to Software Engineering Education},
 journal = {SIGCSE Bull.},
 issue_date = {March 2008},
 volume = {40},
 number = {1},
 month = mar,
 year = {2008},
 issn = {0097-8418},
 pages = {221--225},
 numpages = {5},
 url = {http://doi.acm.org/10.1145/1352322.1352217},
 doi = {10.1145/1352322.1352217},
 acmid = {1352217},
 publisher = {ACM},
 address = {New York, NY, USA},
 keywords = {active learning, learning by doing, software engineering education, story-centered curricula},
}

@inproceedings{Bareiss:2008:SLA:1352135.1352217,
 author = {Bareiss, Ray and Griss, Martin},
 title = {A Story-centered, Learn-by-doing Approach to Software Engineering Education},
 booktitle = {Proceedings of the 39th SIGCSE Technical Symposium on Computer Science Education},
 series = {SIGCSE '08},
 year = {2008},
 isbn = {978-1-59593-799-5},
 location = {Portland, OR, USA},
 pages = {221--225},
 numpages = {5},
 url = {http://doi.acm.org/10.1145/1352135.1352217},
 doi = {10.1145/1352135.1352217},
 acmid = {1352217},
 publisher = {ACM},
 address = {New York, NY, USA},
 keywords = {active learning, learning by doing, software engineering education, story-centered curricula},
}

@article{Edwards:2010:AED:1721933.1721951,
 author = {Edwards, Richard L. and Stewart, Jennifer K. and Ferati, Mexhid},
 title = {Assessing the Effectiveness of Distributed Pair Programming for an Online Informatics Curriculum},
 journal = {ACM Inroads},
 issue_date = {March 2010},
 volume = {1},
 number = {1},
 month = mar,
 year = {2010},
 issn = {2153-2184},
 pages = {48--54},
 numpages = {7},
 url = {http://doi.acm.org/10.1145/1721933.1721951},
 doi = {10.1145/1721933.1721951},
 acmid = {1721951},
 publisher = {ACM},
 address = {New York, NY, USA},
 keywords = {collaboration, computer science education, distributed pair programming, retention, student success},
}

@inproceedings{Cai:2014:WLC:2559206.2581183,
 author = {Cai, Carrie J. and Guo, Philip J. and Glass, James and Miller, Robert C.},
 title = {Wait-learning: Leveraging Conversational Dead Time for Second Language Education},
 booktitle = {CHI '14 Extended Abstracts on Human Factors in Computing Systems},
 series = {CHI EA '14},
 year = {2014},
 isbn = {978-1-4503-2474-8},
 location = {Toronto, Ontario, Canada},
 pages = {2239--2244},
 numpages = {6},
 url = {http://doi.acm.org/10.1145/2559206.2581183},
 doi = {10.1145/2559206.2581183},
 acmid = {2581183},
 publisher = {ACM},
 address = {New York, NY, USA},
 keywords = {design, education},
}

@inproceedings{Hickey:2015:FSA:2723576.2723634,
 author = {Hickey, Daniel T. and Quick, Joshua D. and Shen, Xinyi},
 title = {Formative and Summative Analyses of Disciplinary Engagement and Learning in a Big Open Online Course},
 booktitle = {Proceedings of the Fifth International Conference on Learning Analytics And Knowledge},
 series = {LAK '15},
 year = {2015},
 isbn = {978-1-4503-3417-4},
 location = {Poughkeepsie, New York},
 pages = {310--314},
 numpages = {5},
 url = {http://doi.acm.org/10.1145/2723576.2723634},
 doi = {10.1145/2723576.2723634},
 acmid = {2723634},
 publisher = {ACM},
 address = {New York, NY, USA},
 keywords = {analytic approaches, assessment, learning analytics, personalized learning, social learning analysis},
}

@inproceedings{Costabile:2008:EPC:1357054.1357080,
 author = {Costabile, Maria F. and De Angeli, Antonella and Lanzilotti, Rosa and Ardito, Carmelo and Buono, Paolo and Pederson, Thomas},
 title = {Explore! Possibilities and Challenges of Mobile Learning},
 booktitle = {Proceedings of the SIGCHI Conference on Human Factors in Computing Systems},
 series = {CHI '08},
 year = {2008},
 isbn = {978-1-60558-011-1},
 location = {Florence, Italy},
 pages = {145--154},
 numpages = {10},
 url = {http://doi.acm.org/10.1145/1357054.1357080},
 doi = {10.1145/1357054.1357080},
 acmid = {1357080},
 publisher = {ACM},
 address = {New York, NY, USA},
 keywords = {children, cooperative inquiry, digital augmentation, edutainment, mobile learning},
}

@article{Berenson:2004:VWS:1060071.1060074,
 author = {Berenson, Sarah B. and Slaten, Kelli M. and Williams, Laurie and Ho, Chih-Wei},
 title = {Voices of Women in a Software Engineering Course: Reflections on Collaboration},
 journal = {J. Educ. Resour. Comput.},
 issue_date = {March 2004},
 volume = {4},
 number = {1},
 month = mar,
 year = {2004},
 issn = {1531-4278},
 articleno = {3},
 url = {http://doi.acm.org/10.1145/1060071.1060074},
 doi = {10.1145/1060071.1060074},
 acmid = {1060074},
 publisher = {ACM},
 address = {New York, NY, USA},
 keywords = {Agile software development, active learning, collaboration, pair-programming, collaborative learning, pedagogy},
}

@article{Davis:2005:RCM:1151954.1067457,
 author = {Davis, Hugh C. and White, Su},
 title = {A Research-led Curriculum in Multimedia: Learning About Convergence},
 journal = {SIGCSE Bull.},
 issue_date = {September 2005},
 volume = {37},
 number = {3},
 month = jun,
 year = {2005},
 issn = {0097-8418},
 pages = {29--33},
 numpages = {5},
 url = {http://doi.acm.org/10.1145/1151954.1067457},
 doi = {10.1145/1151954.1067457},
 acmid = {1067457},
 publisher = {ACM},
 address = {New York, NY, USA},
 keywords = {multimedia, research-led teaching, student engagement},
}

@inproceedings{Davis:2005:RCM:1067445.1067457,
 author = {Davis, Hugh C. and White, Su},
 title = {A Research-led Curriculum in Multimedia: Learning About Convergence},
 booktitle = {Proceedings of the 10th Annual SIGCSE Conference on Innovation and Technology in Computer Science Education},
 series = {ITiCSE '05},
 year = {2005},
 isbn = {1-59593-024-8},
 location = {Caparica, Portugal},
 pages = {29--33},
 numpages = {5},
 url = {http://doi.acm.org/10.1145/1067445.1067457},
 doi = {10.1145/1067445.1067457},
 acmid = {1067457},
 publisher = {ACM},
 address = {New York, NY, USA},
 keywords = {multimedia, research-led teaching, student engagement},
}

@inproceedings{Rigby:2009:ECR:1631728.1631801,
 author = {Rigby, Steven and Dark, Melissa J. and Ekstrom, Joseph J. and Rogers, Marcus},
 title = {The Efficacy of Cross-discipline Representations for Ill-defined Concepts},
 booktitle = {Proceedings of the 10th ACM Conference on SIG-information Technology Education},
 series = {SIGITE '09},
 year = {2009},
 isbn = {978-1-60558-765-3},
 location = {Fairfax, Virginia, USA},
 pages = {229--234},
 numpages = {6},
 url = {http://doi.acm.org/10.1145/1631728.1631801},
 doi = {10.1145/1631728.1631801},
 acmid = {1631801},
 publisher = {ACM},
 address = {New York, NY, USA},
 keywords = {ias education},
}

@inproceedings{Loh:1998:PPD:274644.274728,
 author = {Loh, Ben and Radinsky, Josh and Russell, Eric and Gomez, Louis M. and Reiser, Brian J. and Edelson, Daniel C.},
 title = {The Progress Portfolio: Designing Reflective Tools for a Classroom Context},
 booktitle = {Proceedings of the SIGCHI Conference on Human Factors in Computing Systems},
 series = {CHI '98},
 year = {1998},
 isbn = {0-201-30987-4},
 location = {Los Angeles, California, USA},
 pages = {627--634},
 numpages = {8},
 url = {http://dx.doi.org/10.1145/274644.274728},
 doi = {10.1145/274644.274728},
 acmid = {274728},
 publisher = {ACM Press/Addison-Wesley Publishing Co.},
 address = {New York, NY, USA},
 keywords = {children, collaborative learning, education applications, inquiry support tools, learner-centered design},
}

@inproceedings{Nelimarkka:2018:SHS:3159450.3159495,
 author = {Nelimarkka, Matti and Hellas, Arto},
 title = {Social Help-seeking Strategies in a Programming MOOC},
 booktitle = {Proceedings of the 49th ACM Technical Symposium on Computer Science Education},
 series = {SIGCSE '18},
 year = {2018},
 isbn = {978-1-4503-5103-4},
 location = {Baltimore, Maryland, USA},
 pages = {116--121},
 numpages = {6},
 url = {http://doi.acm.org/10.1145/3159450.3159495},
 doi = {10.1145/3159450.3159495},
 acmid = {3159495},
 publisher = {ACM},
 address = {New York, NY, USA},
 keywords = {K-means, MOOC, MOOC buddy, collaborative learning, constructive learning, help-seeking strategies, learning approaches, social interaction, social learning, survey},
}

@inproceedings{Rigby:2007:PIG:1324302.1324355,
 author = {Rigby, Steven and Dark, Melissa J. and Ekstrom, J. and Rogers, Marcus},
 title = {Preparing IAS Graduates to Recognize and Manage Complexity},
 booktitle = {Proceedings of the 8th ACM SIGITE Conference on Information Technology Education},
 series = {SIGITE '07},
 year = {2007},
 isbn = {978-1-59593-920-3},
 location = {Destin, Florida, USA},
 pages = {245--252},
 numpages = {8},
 url = {http://doi.acm.org/10.1145/1324302.1324355},
 doi = {10.1145/1324302.1324355},
 acmid = {1324355},
 publisher = {ACM},
 address = {New York, NY, USA},
 keywords = {IAS education},
}

@article{Yadav:2014:CTE:2600089.2576872,
 author = {Yadav, Aman and Mayfield, Chris and Zhou, Ninger and Hambrusch, Susanne and Korb, John T.},
 title = {Computational Thinking in Elementary and Secondary Teacher Education},
 journal = {Trans. Comput. Educ.},
 issue_date = {March 2014},
 volume = {14},
 number = {1},
 month = mar,
 year = {2014},
 issn = {1946-6226},
 pages = {5:1--5:16},
 articleno = {5},
 numpages = {16},
 url = {http://doi.acm.org/10.1145/2576872},
 doi = {10.1145/2576872},
 acmid = {2576872},
 publisher = {ACM},
 address = {New York, NY, USA},
 keywords = {Computational thinking, teacher education, teaching/learning strategies},
}

@inproceedings{Rigby:2008:MCU:1414558.1414563,
 author = {Rigby, Steven and Dark, Melissa J. and Ekstrom, J. and Rogers, Marcus},
 title = {Measuring Conceptual Understanding: A Case Study},
 booktitle = {Proceedings of the 9th ACM SIGITE Conference on Information Technology Education},
 series = {SIGITE '08},
 year = {2008},
 isbn = {978-1-60558-329-7},
 location = {Cincinnati, OH, USA},
 pages = {11--16},
 numpages = {6},
 url = {http://doi.acm.org/10.1145/1414558.1414563},
 doi = {10.1145/1414558.1414563},
 acmid = {1414563},
 publisher = {ACM},
 address = {New York, NY, USA},
 keywords = {ias education},
}

@inproceedings{Ishii:2005:SRP:1056224.1056246,
 author = {Ishii, Norio and Miwa, Kazuhisa},
 title = {Supporting Reflective Practice in Creativity Education},
 booktitle = {Proceedings of the 5th Conference on Creativity \&Amp; Cognition},
 series = {C\&amp;C '05},
 year = {2005},
 isbn = {1-59593-025-6},
 location = {London, United Kingdom},
 pages = {150--157},
 numpages = {8},
 url = {http://doi.acm.org/10.1145/1056224.1056246},
 doi = {10.1145/1056224.1056246},
 acmid = {1056246},
 publisher = {ACM},
 address = {New York, NY, USA},
 keywords = {classroom instruction, creativity, reflective practice},
}

@inproceedings{Soloway:1996:LTP:238386.238476,
 author = {Soloway, Elliot and Jackson, Shari L. and Klein, Jonathan and Quintana, Chris and Reed, James and Spitulnik, Jeff and Stratford, Steven J. and Studer, Scott and Eng, Jim and Scala, Nancy},
 title = {Learning Theory in Practice: Case Studies of Learner-centered Design},
 booktitle = {Proceedings of the SIGCHI Conference on Human Factors in Computing Systems},
 series = {CHI '96},
 year = {1996},
 isbn = {0-89791-777-4},
 location = {Vancouver, British Columbia, Canada},
 pages = {189--196},
 numpages = {8},
 url = {http://doi.acm.org/10.1145/238386.238476},
 doi = {10.1145/238386.238476},
 acmid = {238476},
 publisher = {ACM},
 address = {New York, NY, USA},
 keywords = {case study, constructivism, educational applications, learner-centered design, scaffolding, science applications, socioculturalism},
}

@inproceedings{Carlone:2008:SSI:1599936.1600020,
 author = {Carlone, Heidi and Cook, Melissa and Wong, Jacqueline and Sandoval, William A. and Barton, Angela Calabrese and Tan, Edna and Brickhouse, Nancy},
 title = {Seeing and Supporting Identity Development in Science Education},
 booktitle = {Proceedings of the 8th International Conference on International Conference for the Learning Sciences - Volume 3},
 series = {ICLS'08},
 year = {2008},
 location = {Utrecht, The Netherlands},
 pages = {214--220},
 numpages = {7},
 url = {http://dl.acm.org/citation.cfm?id=1599936.1600020},
 acmid = {1600020},
 publisher = {International Society of the Learning Sciences},
}

@inproceedings{Ferguson:2012:SLA:2330601.2330616,
 author = {Ferguson, Rebecca and Shum, Simon Buckingham},
 title = {Social Learning Analytics: Five Approaches},
 booktitle = {Proceedings of the 2Nd International Conference on Learning Analytics and Knowledge},
 series = {LAK '12},
 year = {2012},
 isbn = {978-1-4503-1111-3},
 location = {Vancouver, British Columbia, Canada},
 pages = {23--33},
 numpages = {11},
 url = {http://doi.acm.org/10.1145/2330601.2330616},
 doi = {10.1145/2330601.2330616},
 acmid = {2330616},
 publisher = {ACM},
 address = {New York, NY, USA},
 keywords = {21<sup>st</sup> century skills, SocialLearn, discourse analytics, educational assessment, learning analytics, learning how to learn, social learning, social learning analytics, transferable skills},
}

@inproceedings{Barnett:2008:UGI:1599812.1599823,
 author = {Barnett, Mike and Houle, Meredith},
 title = {Using Geographic Information Systems to Support Student Learning Through Urban Ecology},
 booktitle = {Proceedings of the 8th International Conference on International Conference for the Learning Sciences - Volume 1},
 series = {ICLS'08},
 year = {2008},
 location = {Utrecht, The Netherlands},
 pages = {93--100},
 numpages = {8},
 url = {http://dl.acm.org/citation.cfm?id=1599812.1599823},
 acmid = {1599823},
 publisher = {International Society of the Learning Sciences},
}

@inproceedings{Scott:2019:NCU:3294016.3294019,
 author = {Scott, Michael James and Parker, Alcwyn and McDonald, Brian and Lewis, Gareth and Powley, Edward J.},
 title = {Nurturing Collaboration in an Undergraduate Computing Course with Robot-themed Team Training and Team Building},
 booktitle = {Proceedings of the 3rd Conference on Computing Education Practice},
 series = {CEP '19},
 year = {2019},
 isbn = {978-1-4503-6631-1},
 location = {Durham, United Kingdom},
 pages = {5:1--5:4},
 articleno = {5},
 numpages = {4},
 url = {http://doi.acm.org/10.1145/3294016.3294019},
 doi = {10.1145/3294016.3294019},
 acmid = {3294019},
 publisher = {ACM},
 address = {New York, NY, USA},
 keywords = {Collaboration, Group Projects, Programming, Robots, Teamwork},
}

@inproceedings{Han:2008:EEM:1599812.1599850,
 author = {Han, In Sook and Kinzer, Charles K.},
 title = {Examining the Effectiveness of a Multimedia Case-based Environment for Teaching Technology Integration to Korean Preservice Teachers},
 booktitle = {Proceedings of the 8th International Conference on International Conference for the Learning Sciences - Volume 1},
 series = {ICLS'08},
 year = {2008},
 location = {Utrecht, The Netherlands},
 pages = {319--326},
 numpages = {8},
 url = {http://dl.acm.org/citation.cfm?id=1599812.1599850},
 acmid = {1599850},
 publisher = {International Society of the Learning Sciences},
}

@inproceedings{Hammond:1995:PPE:217279.215309,
 author = {Hammond, Nick and McKendree, Jean and Reader, Will and Trapp, Annie},
 title = {The PsyCLE Project: Educational Multimedia for Conceptual Understanding},
 booktitle = {Proceedings of the Third ACM International Conference on Multimedia},
 series = {MULTIMEDIA '95},
 year = {1995},
 isbn = {0-89791-751-0},
 location = {San Francisco, California, USA},
 pages = {447--456},
 numpages = {10},
 url = {http://doi.acm.org/10.1145/217279.215309},
 doi = {10.1145/217279.215309},
 acmid = {215309},
 publisher = {ACM},
 address = {New York, NY, USA},
 keywords = {consortium project, learning principles, multimedia education, psychology},
}

@inproceedings{Daniels:2010:CCW:1862219.1862231,
 author = {Daniels, Mats and Cajander, \AAsa},
 title = {Constructive Controversy As a Way to Create "True Collaboration" in an Open Ended Group Project Setting},
 booktitle = {Proceedings of the Twelfth Australasian Conference on Computing Education - Volume 103},
 series = {ACE '10},
 year = {2010},
 isbn = {978-1-920682-84-2},
 location = {Brisbane, Australia},
 pages = {73--78},
 numpages = {6},
 url = {http://dl.acm.org/citation.cfm?id=1862219.1862231},
 acmid = {1862231},
 publisher = {Australian Computer Society, Inc.},
 address = {Darlinghurst, Australia, Australia},
 keywords = {action research, constructive controversy, open ended group problems},
}

@article{Oliver:1994:SEP:181648.181660,
 author = {Oliver, Dave},
 title = {Software Engineering Project Work in Combined Distance and on Campus Modes},
 journal = {SIGCSE Bull.},
 issue_date = {June 1994},
 volume = {26},
 number = {2},
 month = jun,
 year = {1994},
 issn = {0097-8418},
 pages = {31--35},
 numpages = {5},
 url = {http://doi.acm.org/10.1145/181648.181660},
 doi = {10.1145/181648.181660},
 acmid = {181660},
 publisher = {ACM},
 address = {New York, NY, USA},
}

@inproceedings{Singh:2019:USA:3304221.3319767,
 author = {Singh, Shaveen and Meyer, Bernd},
 title = {Using Social Annotations to Augment the Learning Space and Learner Experience},
 booktitle = {Proceedings of the 2019 ACM Conference on Innovation and Technology in Computer Science Education},
 series = {ITiCSE '19},
 year = {2019},
 isbn = {978-1-4503-6301-3},
 location = {Aberdeen, Scotland Uk},
 pages = {527--533},
 numpages = {7},
 url = {http://doi.acm.org/10.1145/3304221.3319767},
 doi = {10.1145/3304221.3319767},
 acmid = {3319767},
 publisher = {ACM},
 address = {New York, NY, USA},
 keywords = {annotations, digital education, engagement, situated cognition},
}

@inproceedings{Garcia:2018:WLE:3173574.3173830,
 author = {Garcia, Brittany and Chu, Sharon Lynn and Nam, Beth and Banigan, Colin},
 title = {Wearables for Learning: Examining the Smartwatch As a Tool for Situated Science Reflection},
 booktitle = {Proceedings of the 2018 CHI Conference on Human Factors in Computing Systems},
 series = {CHI '18},
 year = {2018},
 isbn = {978-1-4503-5620-6},
 location = {Montreal QC, Canada},
 pages = {256:1--256:13},
 articleno = {256},
 numpages = {13},
 url = {http://doi.acm.org/10.1145/3173574.3173830},
 doi = {10.1145/3173574.3173830},
 acmid = {3173830},
 publisher = {ACM},
 address = {New York, NY, USA},
 keywords = {children, education, everyday cognition, science learning, situated cognition, smartwatch, wearables},
}

@inproceedings{Boufaida:1993:SPR:170791.170828,
 author = {Boufaida, Mahmoud and Barril, Patrick},
 title = {Situated Planning and Resources in the Design of an Intelligent Tutorial},
 booktitle = {Proceedings of the 1993 ACM Conference on Computer Science},
 series = {CSC '93},
 year = {1993},
 isbn = {0-89791-558-5},
 location = {Indianapolis, Indiana, USA},
 pages = {189--194},
 numpages = {6},
 url = {http://doi.acm.org/10.1145/170791.170828},
 doi = {10.1145/170791.170828},
 acmid = {170828},
 publisher = {ACM},
 address = {New York, NY, USA},
}

@inproceedings{Worsley:2013:TDM:2460296.2460315,
 author = {Worsley, Marcelo and Blikstein, Paulo},
 title = {Towards the Development of Multimodal Action Based Assessment},
 booktitle = {Proceedings of the Third International Conference on Learning Analytics and Knowledge},
 series = {LAK '13},
 year = {2013},
 isbn = {978-1-4503-1785-6},
 location = {Leuven, Belgium},
 pages = {94--101},
 numpages = {8},
 url = {http://doi.acm.org/10.1145/2460296.2460315},
 doi = {10.1145/2460296.2460315},
 acmid = {2460315},
 publisher = {ACM},
 address = {New York, NY, USA},
}

@article{Holzinger:2005:LSM:1125280.1125284,
 author = {Holzinger, Andreas and Nischelwitzer, Alexander and Meisenberger, Matthias},
 title = {Lifelong-learning Support by M-learning: Example Scenarios},
 journal = {eLearn},
 issue_date = {November 2005},
 volume = {2005},
 number = {11},
 month = nov,
 year = {2005},
 issn = {1535-394X},
 pages = {2--},
 url = {http://doi.acm.org/10.1145/1125280.1125284},
 doi = {10.1145/1125280.1125284},
 acmid = {1125284},
 publisher = {ACM},
 address = {New York, NY, USA},
}

@inproceedings{Volta:2018:EMI:3212721.3212849,
 author = {Volta, Erica and Volpe, Gualtiero},
 title = {Exploiting Multimodal Integration in Adaptive Interactive Systems and Game-based Learning Interfaces},
 booktitle = {Proceedings of the 5th International Conference on Movement and Computing},
 series = {MOCO '18},
 year = {2018},
 isbn = {978-1-4503-6504-8},
 location = {Genoa, Italy},
 pages = {30:1--30:4},
 articleno = {30},
 numpages = {4},
 url = {http://doi.acm.org/10.1145/3212721.3212849},
 doi = {10.1145/3212721.3212849},
 acmid = {3212849},
 publisher = {ACM},
 address = {New York, NY, USA},
 keywords = {Movement Analysis, Multimodal Interactive Systems, Multimodal Technologies, Multisensory learning, Multisensory perception, Music Learning, Perceptual learning, Serious games, Sonification},
}

@inproceedings{Brennan:2009:SOC:1599503.1599529,
 author = {Brennan, Karen},
 title = {Scratch-Ed: An Online Community for Scratch Educators},
 booktitle = {Proceedings of the 9th International Conference on Computer Supported Collaborative Learning - Volume 2},
 series = {CSCL'09},
 year = {2009},
 isbn = {978-1-4092-8598-4},
 location = {Rhodes, Greece},
 pages = {76--78},
 numpages = {3},
 url = {http://dl.acm.org/citation.cfm?id=1599503.1599529},
 acmid = {1599529},
 publisher = {International Society of the Learning Sciences},
}

@inproceedings{Ray:2018:CAI:3159450.3159482,
 author = {Ray, Meg J. and Israel, Maya and Lee, Chung eun and Do, Virginie},
 title = {A Cross-Case Analysis of Instructional Strategies to Support Participation of K-8 Students with Disabilities in CS for All},
 booktitle = {Proceedings of the 49th ACM Technical Symposium on Computer Science Education},
 series = {SIGCSE '18},
 year = {2018},
 isbn = {978-1-4503-5103-4},
 location = {Baltimore, Maryland, USA},
 pages = {900--905},
 numpages = {6},
 url = {http://doi.acm.org/10.1145/3159450.3159482},
 doi = {10.1145/3159450.3159482},
 acmid = {3159482},
 publisher = {ACM},
 address = {New York, NY, USA},
 keywords = {CS for all, K-12 education, students with disabilities},
}

@inproceedings{Moher:2008:LPP:1599871.1599882,
 author = {Moher, Tom},
 title = {Learning and Participation in a Persistent Whole-classroom Seismology Simulation},
 booktitle = {Proceedings of the 8th International Conference on International Conference for the Learning Sciences - Volume 2},
 series = {ICLS'08},
 year = {2008},
 location = {Utrecht, The Netherlands},
 pages = {82--90},
 numpages = {9},
 url = {http://dl.acm.org/citation.cfm?id=1599871.1599882},
 acmid = {1599882},
 publisher = {International Society of the Learning Sciences},
}

@article{Kumar:2004:TYU:1083310.1083311,
 author = {Kumar, Amruth N.},
 title = {Three Years of Using Robots in an Artificial Intelligence Course: Lessons Learned},
 journal = {J. Educ. Resour. Comput.},
 issue_date = {September 2004},
 volume = {4},
 number = {3},
 month = sep,
 year = {2004},
 issn = {1531-4278},
 articleno = {2},
 url = {http://doi.acm.org/10.1145/1083310.1083311},
 doi = {10.1145/1083310.1083311},
 acmid = {1083311},
 publisher = {ACM},
 address = {New York, NY, USA},
 keywords = {LEGO\texttrademark robots, knowledge-based algorithms, open-laboratory projects},
}

@inproceedings{Lyons:2015:DVE:2771839.2771845,
 author = {Lyons, Leilah and Tissenbaum, Michael and Berland, Matthew and Eydt, Rebecca and Wielgus, Lauren and Mechtley, Adam},
 title = {Designing Visible Engineering: Supporting Tinkering Performances in Museums},
 booktitle = {Proceedings of the 14th International Conference on Interaction Design and Children},
 series = {IDC '15},
 year = {2015},
 isbn = {978-1-4503-3590-4},
 location = {Boston, Massachusetts},
 pages = {49--58},
 numpages = {10},
 url = {http://doi.acm.org/10.1145/2771839.2771845},
 doi = {10.1145/2771839.2771845},
 acmid = {2771845},
 publisher = {ACM},
 address = {New York, NY, USA},
 keywords = {engineering education, exhibit design, informal learning, multi-touch tabletops, museums},
}

@inproceedings{Wessner:2001:GFC:500286.500293,
 author = {Wessner, Martin and Pfister, Hans-R\"{u}diger},
 title = {Group Formation in Computer-supported Collaborative Learning},
 booktitle = {Proceedings of the 2001 International ACM SIGGROUP Conference on Supporting Group Work},
 series = {GROUP '01},
 year = {2001},
 isbn = {1-58113-294-8},
 location = {Boulder, Colorado, USA},
 pages = {24--31},
 numpages = {8},
 url = {http://doi.acm.org/10.1145/500286.500293},
 doi = {10.1145/500286.500293},
 acmid = {500293},
 publisher = {ACM},
 address = {New York, NY, USA},
 keywords = {L<sup>3</sup>, computer-supported cooperative learning, distributed learning, group formation, points of cooperation},
}

@article{Hundhausen:2017:ILA:3135996.3105759,
 author = {Hundhausen, C. D. and Olivares, D. M. and Carter, A. S.},
 title = {IDE-Based Learning Analytics for Computing Education: A Process Model, Critical Review, and Research Agenda},
 journal = {Trans. Comput. Educ.},
 issue_date = {August 2017},
 volume = {17},
 number = {3},
 month = aug,
 year = {2017},
 issn = {1946-6226},
 pages = {11:1--11:26},
 articleno = {11},
 numpages = {26},
 url = {http://doi.acm.org/10.1145/3105759},
 doi = {10.1145/3105759},
 acmid = {3105759},
 publisher = {ACM},
 address = {New York, NY, USA},
 keywords = {Learning analytics, learning interventions, learning process data},
}

@article{Hundhausen:2017:ILA:3135995.3105759,
 author = {Hundhausen, C. D. and Olivares, D. M. and Carter, A. S.},
 title = {IDE-Based Learning Analytics for Computing Education: A Process Model, Critical Review, and Research Agenda},
 journal = {ACM Trans. Comput. Educ.},
 issue_date = {August 2017},
 volume = {17},
 number = {3},
 month = aug,
 year = {2017},
 issn = {1946-6226},
 pages = {11:1--11:26},
 articleno = {11},
 numpages = {26},
 url = {http://doi.acm.org/10.1145/3105759},
 doi = {10.1145/3105759},
 acmid = {3105759},
 publisher = {ACM},
 address = {New York, NY, USA},
 keywords = {Learning analytics, learning interventions, learning process data},
}

@article{Magana:2013:IDC:2543488.2534971,
 author = {Magana, Alejandra J. and Falk, Michael L. and Reese,Jr., Michael J.},
 title = {Introducing Discipline-Based Computing in Undergraduate Engineering Education},
 journal = {Trans. Comput. Educ.},
 issue_date = {November 2013},
 volume = {13},
 number = {4},
 month = nov,
 year = {2013},
 issn = {1946-6226},
 pages = {16:1--16:22},
 articleno = {16},
 numpages = {22},
 url = {http://doi.acm.org/10.1145/2534971},
 doi = {10.1145/2534971},
 acmid = {2534971},
 publisher = {ACM},
 address = {New York, NY, USA},
 keywords = {Innovative pedagogies, discipline-based computing, engineering domains, how people learn framework, student-centered pedagogies},
}

@inproceedings{Crews:1995:AIL:223355.223418,
 author = {Crews,Jr., Thaddeus R.},
 title = {AdventurePlayer: An Intelligent Learning Environment},
 booktitle = {Conference Companion on Human Factors in Computing Systems},
 series = {CHI '95},
 year = {1995},
 isbn = {0-89791-755-3},
 location = {Denver, Colorado, USA},
 pages = {43--44},
 numpages = {2},
 url = {http://doi.acm.org/10.1145/223355.223418},
 doi = {10.1145/223355.223418},
 acmid = {223418},
 publisher = {ACM},
 address = {New York, NY, USA},
 keywords = {anchored instruction, heuristic techniques, intelligent learning environments, macrocontext microworlds, optimal solutions, trip planning},
}

@inproceedings{Cerni:2012:CCS:2457523.2457558,
 author = {Cerni, Tania and Job, Remo},
 title = {Cognitive-Educational Constraints for Socially-Relevant MALL Technologies},
 booktitle = {Proceedings of the The 2012 IEEE/WIC/ACM International Joint Conferences on Web Intelligence and Intelligent Agent Technology - Volume 03},
 series = {WI-IAT '12},
 year = {2012},
 isbn = {978-0-7695-4880-7},
 pages = {316--320},
 numpages = {5},
 url = {https://doi.org/10.1109/WI-IAT.2012.117},
 doi = {10.1109/WI-IAT.2012.117},
 acmid = {2457558},
 publisher = {IEEE Computer Society},
 address = {Washington, DC, USA},
 keywords = {Language learning, mLearning, MALL, cognitive factors, social disadvantage},
}

@inproceedings{DeVries:2008:IRT:1599871.1599927,
 author = {De Vries, Erica and Geronimi, Alix and Baill{\'e}, Jacques},
 title = {Introducing a Representational Tool of the Trade in Middle School},
 booktitle = {Proceedings of the 8th International Conference on International Conference for the Learning Sciences - Volume 2},
 series = {ICLS'08},
 year = {2008},
 location = {Utrecht, The Netherlands},
 pages = {446--453},
 numpages = {8},
 url = {http://dl.acm.org/citation.cfm?id=1599871.1599927},
 acmid = {1599927},
 publisher = {International Society of the Learning Sciences},
}

@inproceedings{Kurti:2008:CMS:1456223.1456331,
 author = {Kurti, Arianit},
 title = {Context Modeling to Support the Design of Mobile Learning},
 booktitle = {Proceedings of the 5th International Conference on Soft Computing As Transdisciplinary Science and Technology},
 series = {CSTST '08},
 year = {2008},
 isbn = {978-1-60558-046-3},
 location = {Cergy-Pontoise, France},
 pages = {536--541},
 numpages = {6},
 url = {http://doi.acm.org/10.1145/1456223.1456331},
 doi = {10.1145/1456223.1456331},
 acmid = {1456331},
 publisher = {ACM},
 address = {New York, NY, USA},
 keywords = {content adaptivity, context awareness, context model, contextual data model, mobile learning},
}

@inproceedings{Llorente:2014:SEC:2669711.2669887,
 author = {Llorente, Ana Ma Pinto and G\'{o}mez, Ma Cruz S\'{a}nchez and Garc\'{\i}a-Pe\~{n}alvo, Francisco Jos{\'e}},
 title = {Students' Essential Characteristics for Learning English in a Hypermedia Modular Model},
 booktitle = {Proceedings of the Second International Conference on Technological Ecosystems for Enhancing Multiculturality},
 series = {TEEM '14},
 year = {2014},
 isbn = {978-1-4503-2896-8},
 location = {Salamanca, Spain},
 pages = {107--111},
 numpages = {5},
 url = {http://doi.acm.org/10.1145/2669711.2669887},
 doi = {10.1145/2669711.2669887},
 acmid = {2669887},
 publisher = {ACM},
 address = {New York, NY, USA},
 keywords = {adult learning, blended learning, interactive learning environments, lifelong learning, multimedia/hypermedia systems},
}

@inproceedings{Andreev:2009:ADP:1731740.1731829,
 author = {Andreev, Rumen and Terzieva, Valentina and Kademova-Katzarova, Petia},
 title = {An Approach to Development of Personalized e-Learning Environment for Dyslexic Pupils' Acquisition of Reading Competence},
 booktitle = {Proceedings of the International Conference on Computer Systems and Technologies and Workshop for PhD Students in Computing},
 series = {CompSysTech '09},
 year = {2009},
 isbn = {978-1-60558-986-2},
 location = {Ruse, Bulgaria},
 pages = {83:1--83:6},
 articleno = {83},
 numpages = {6},
 url = {http://doi.acm.org/10.1145/1731740.1731829},
 doi = {10.1145/1731740.1731829},
 acmid = {1731829},
 publisher = {ACM},
 address = {New York, NY, USA},
 keywords = {Dyslexia, adaptable learning environments, e-learning, learning difficulties, reading},
}

@article{Tenenberg:2018:MCL:3210350.3132699,
 author = {Tenenberg, Josh and Roth, Wolff-Michael and Chinn, Donald and Jornet, Alfredo and Socha, David and Walter, Skip},
 title = {More Than the Code: Learning Rules of Rejection in Writing Programs},
 journal = {Commun. ACM},
 issue_date = {May 2018},
 volume = {61},
 number = {5},
 month = apr,
 year = {2018},
 issn = {0001-0782},
 pages = {66--71},
 numpages = {6},
 url = {http://doi.acm.org/10.1145/3132699},
 doi = {10.1145/3132699},
 acmid = {3132699},
 publisher = {ACM},
 address = {New York, NY, USA},
}

@inproceedings{Clancey:1992:OIR:142750.142991,
 author = {Clancey, William J.},
 title = {Overview of the Institute for Research on Learning},
 booktitle = {Proceedings of the SIGCHI Conference on Human Factors in Computing Systems},
 series = {CHI '92},
 year = {1992},
 isbn = {0-89791-513-5},
 location = {Monterey, California, USA},
 pages = {571--572},
 numpages = {2},
 url = {http://doi.acm.org/10.1145/142750.142991},
 doi = {10.1145/142750.142991},
 acmid = {142991},
 publisher = {ACM},
 address = {New York, NY, USA},
 keywords = {communities of practice, design processes, ethnographic analysis, laboratory overview, learning, participatory design, socio-technical systems design},
}

@inproceedings{Bart:2018:RPP:3159450.3159465,
 author = {Bart, Austin Cory and Kafura, Dennis and Shaffer, Clifford A. and Tilevich, Eli},
 title = {Reconciling the Promise and Pragmatics of Enhancing Computing Pedagogy with Data Science},
 booktitle = {Proceedings of the 49th ACM Technical Symposium on Computer Science Education},
 series = {SIGCSE '18},
 year = {2018},
 isbn = {978-1-4503-5103-4},
 location = {Baltimore, Maryland, USA},
 pages = {1029--1034},
 numpages = {6},
 url = {http://doi.acm.org/10.1145/3159450.3159465},
 doi = {10.1145/3159450.3159465},
 acmid = {3159465},
 publisher = {ACM},
 address = {New York, NY, USA},
 keywords = {computational thinking, corgis, data science, datasets},
}

@inproceedings{Kolikant:2008:NEF:1599812.1599824,
 author = {Kolikant, Yifat Ben-David},
 title = {From Newcomer Enculturation to Fertile Zones of Cultural Encounter: A Bidimensional Metaphor for Schooling},
 booktitle = {Proceedings of the 8th International Conference on International Conference for the Learning Sciences - Volume 1},
 series = {ICLS'08},
 year = {2008},
 location = {Utrecht, The Netherlands},
 pages = {101--108},
 numpages = {8},
 url = {http://dl.acm.org/citation.cfm?id=1599812.1599824},
 acmid = {1599824},
 publisher = {International Society of the Learning Sciences},
}

@inproceedings{Johri:2008:CPL:1599812.1599860,
 author = {Johri, Aditya and Lohani, Vinod K.},
 title = {Creating a Participatory Learning Environment in Large Lecture Classes Using Pen-based Computing},
 booktitle = {Proceedings of the 8th International Conference on International Conference for the Learning Sciences - Volume 1},
 series = {ICLS'08},
 year = {2008},
 location = {Utrecht, The Netherlands},
 pages = {398--405},
 numpages = {8},
 url = {http://dl.acm.org/citation.cfm?id=1599812.1599860},
 acmid = {1599860},
 publisher = {International Society of the Learning Sciences},
}

@inproceedings{Lin:2009:STA:1599503.1599557,
 author = {Lin, Hsien-Ta and Fishman, Barry},
 title = {Scaffolding Teacher Adaptation by Making Design Intent Explicit},
 booktitle = {Proceedings of the 9th International Conference on Computer Supported Collaborative Learning - Volume 2},
 series = {CSCL'09},
 year = {2009},
 isbn = {978-1-4092-8598-4},
 location = {Rhodes, Greece},
 pages = {159--161},
 numpages = {3},
 url = {http://dl.acm.org/citation.cfm?id=1599503.1599557},
 acmid = {1599557},
 publisher = {International Society of the Learning Sciences},
}

@inproceedings{Polman:2008:SAM:1599936.1599990,
 author = {Polman, Joseph L. and Miller, Diane},
 title = {Sociocognitive Apprenticeship: Mediating Practices and Identities},
 booktitle = {Proceedings of the 8th International Conference on International Conference for the Learning Sciences - Volume 3},
 series = {ICLS'08},
 year = {2008},
 location = {Utrecht, The Netherlands},
 pages = {115--116},
 numpages = {2},
 url = {http://dl.acm.org/citation.cfm?id=1599936.1599990},
 acmid = {1599990},
 publisher = {International Society of the Learning Sciences},
}

@inproceedings{Verweij:2017:FIT:3132272.3134122,
 author = {Verweij, David and Bakker, Saskia and Eggen, Berry},
 title = {FireFlies2: Interactive Tangible Pixels to Enable Distributed Cognition in Classroom Technologies},
 booktitle = {Proceedings of the 2017 ACM International Conference on Interactive Surfaces and Spaces},
 series = {ISS '17},
 year = {2017},
 isbn = {978-1-4503-4691-7},
 location = {Brighton, United Kingdom},
 pages = {260--269},
 numpages = {10},
 url = {http://doi.acm.org/10.1145/3132272.3134122},
 doi = {10.1145/3132272.3134122},
 acmid = {3134122},
 publisher = {ACM},
 address = {New York, NY, USA},
 keywords = {Distributed cognition, distributed display, primary education, research through design, tangible interaction},
}

@inproceedings{Schwartzman:2009:NSD:1584322.1584333,
 author = {Schwartzman, Leslie},
 title = {On the Nature of Student Defensiveness: Theory and Feedback from a Software Design Course},
 booktitle = {Proceedings of the Fifth International Workshop on Computing Education Research Workshop},
 series = {ICER '09},
 year = {2009},
 isbn = {978-1-60558-615-1},
 location = {Berkeley, CA, USA},
 pages = {81--92},
 numpages = {12},
 url = {http://doi.acm.org/10.1145/1584322.1584333},
 doi = {10.1145/1584322.1584333},
 acmid = {1584333},
 publisher = {ACM},
 address = {New York, NY, USA},
 keywords = {confusion, defensiveness, fixed unknowing, phenomenology, reflectiveness, rupture in knowing, transformative learning, will to authenticity},
}

@article{Bellotti:2013:SGM:2399180.2399185,
 author = {Bellotti, Francesco and Berta, Riccardo and De Gloria, Alessandro and D'ursi, Annamaria and Fiore, Valentina},
 title = {A Serious Game Model for Cultural Heritage},
 journal = {J. Comput. Cult. Herit.},
 issue_date = {December 2012},
 volume = {5},
 number = {4},
 month = jan,
 year = {2013},
 issn = {1556-4673},
 pages = {17:1--17:27},
 articleno = {17},
 numpages = {27},
 url = {http://doi.acm.org/10.1145/2399180.2399185},
 doi = {10.1145/2399180.2399185},
 acmid = {2399185},
 publisher = {ACM},
 address = {New York, NY, USA},
 keywords = {Serious games, content authoring, cultural heritage, game-based learning, task-based learning, user experience, user testing, virtual reality},
}

@article{Sedig:2001:RIM:371127.371159,
 author = {Sedig, Kamran and Klawe, Maria and Westrom, Marvin},
 title = {Role of Interface Manipulation Style and Scaffolding on Cognition and Concept Learning in Learnware},
 journal = {ACM Trans. Comput.-Hum. Interact.},
 issue_date = {March 2001},
 volume = {8},
 number = {1},
 month = mar,
 year = {2001},
 issn = {1073-0516},
 pages = {34--59},
 numpages = {26},
 url = {http://doi.acm.org/10.1145/371127.371159},
 doi = {10.1145/371127.371159},
 acmid = {371159},
 publisher = {ACM},
 address = {New York, NY, USA},
 keywords = {cognition, direct manipulation, education, human-computer interaction, learning, learnware, problem solving, reflection, transformation geometry},
}

@article{Corter:2007:CRS:1275511.1275513,
 author = {Corter, James E. and Nickerson, Jeffrey V. and Esche, Sven K. and Chassapis, Constantin and Im, Seongah and Ma, Jing},
 title = {Constructing Reality: A Study of Remote, Hands-on, and Simulated Laboratories},
 journal = {ACM Trans. Comput.-Hum. Interact.},
 issue_date = {August 2007},
 volume = {14},
 number = {2},
 month = aug,
 year = {2007},
 issn = {1073-0516},
 articleno = {7},
 url = {http://doi.acm.org/10.1145/1275511.1275513},
 doi = {10.1145/1275511.1275513},
 acmid = {1275513},
 publisher = {ACM},
 address = {New York, NY, USA},
 keywords = {Tele-operation, coordination, distance learning, experimentation, remote laboratories, simulation},
}

@inproceedings{Lasserre:2010:PNS:1806512.1806526,
 author = {Lasserre, Patricia and Kotowick, Kyle},
 title = {Proposal for a New Strategy to Practice Programming},
 booktitle = {Proceedings of the 15th Western Canadian Conference on Computing Education},
 series = {WCCCE '10},
 year = {2010},
 isbn = {978-1-4503-0098-8},
 location = {Kelowna, British Columbia, Canada},
 pages = {9:1--9:3},
 articleno = {9},
 numpages = {3},
 url = {http://doi.acm.org/10.1145/1806512.1806526},
 doi = {10.1145/1806512.1806526},
 acmid = {1806526},
 publisher = {ACM},
 address = {New York, NY, USA},
 keywords = {CS1/2, edutainment},
}

@inproceedings{Foster:1994:FUG:326619.326945,
 author = {Foster, David A.},
 title = {FRA: Using a Goal-based Scenario to Teach Financial Statement Analysis},
 booktitle = {Proceedings of the 1994 ACM Symposium on Applied Computing},
 series = {SAC '94},
 year = {1994},
 isbn = {0-89791-647-6},
 location = {Phoenix, Arizona, USA},
 pages = {568--572},
 numpages = {5},
 url = {http://doi.acm.org/10.1145/326619.326945},
 doi = {10.1145/326619.326945},
 acmid = {326945},
 publisher = {ACM},
 address = {New York, NY, USA},
 keywords = {financial accounting education, intelligent tutoring systems, learning by doing},
}

@inproceedings{Gegenfurtner:2009:OSP:1599503.1599591,
 author = {Gegenfurtner, Andreas},
 title = {Ontogenetic and Sociogenetic Perspectives on Learning, Technology, and Medical Image Diagnosis},
 booktitle = {Proceedings of the 9th International Conference on Computer Supported Collaborative Learning - Volume 2},
 series = {CSCL'09},
 year = {2009},
 isbn = {978-1-4092-8598-4},
 location = {Rhodes, Greece},
 pages = {252--254},
 numpages = {3},
 url = {http://dl.acm.org/citation.cfm?id=1599503.1599591},
 acmid = {1599591},
 publisher = {International Society of the Learning Sciences},
}

@inproceedings{Hautecouverture:2003:CAC:1063669.1063719,
 author = {Hautecouverture, Jean-Charles},
 title = {Coop{\'e}Era: Analysis of a Collaborative Platform Usage},
 booktitle = {Proceedings of the 15th Conference on L'Interaction Homme-Machine},
 series = {IHM '03},
 year = {2003},
 isbn = {1-58113-803-2},
 location = {Caen, France},
 pages = {287--290},
 numpages = {4},
 url = {http://doi.acm.org/10.1145/1063669.1063719},
 doi = {10.1145/1063669.1063719},
 acmid = {1063719},
 publisher = {ACM},
 address = {New York, NY, USA},
 keywords = {clinical approach of the activity, cognition and emotion, cultural psychology, distributed and situated cognition, human-machine interactions},
}

@inproceedings{Gresalfi:2008:DD:1599812.1599847,
 author = {Gresalfi, Melissa and Ingram-Goble, Adam},
 title = {Designing for Dispositions},
 booktitle = {Proceedings of the 8th International Conference on International Conference for the Learning Sciences - Volume 1},
 series = {ICLS'08},
 year = {2008},
 location = {Utrecht, The Netherlands},
 pages = {297--304},
 numpages = {8},
 url = {http://dl.acm.org/citation.cfm?id=1599812.1599847},
 acmid = {1599847},
 publisher = {International Society of the Learning Sciences},
}

@inproceedings{Matuk:2019:WLO:3311890.3311923,
 author = {Matuk, Camillia and Tam, Frankie and Martinez, Jonathan},
 title = {What Do We Learn by Observing Collaborative Design Among Cross-Domain, Cross-Role Educators?},
 booktitle = {Proceedings of FabLearn 2019},
 series = {FL2019},
 year = {2019},
 isbn = {978-1-4503-6244-3},
 location = {New York, NY, USA},
 pages = {184--188},
 numpages = {5},
 url = {http://doi.acm.org/10.1145/3311890.3311923},
 doi = {10.1145/3311890.3311923},
 acmid = {3311923},
 publisher = {ACM},
 address = {New York, NY, USA},
 keywords = {Collaboration, Game Design, Professional Development},
}

@article{Bart:2017:CCD:3095781.3017708,
 author = {Bart, Austin Cory and Whitcomb, Ryan and Kafura, Dennis and Shaffer, Clifford A. and Tilevich, Eli},
 title = {Computing with CORGIS: Diverse, Real-world Datasets for Introductory Computing},
 journal = {ACM Inroads},
 issue_date = {June 2017},
 volume = {8},
 number = {2},
 month = mar,
 year = {2017},
 issn = {2153-2184},
 pages = {66--72},
 numpages = {7},
 url = {http://doi.acm.org/10.1145/3095781.3017708},
 doi = {10.1145/3095781.3017708},
 acmid = {3017708},
 publisher = {ACM},
 address = {New York, NY, USA},
 keywords = {CORGIS, authenticity, big data, computational thinking, data science, motivation, pedagogy, real-world data},
}

@inproceedings{Bart:2017:CCD:3017680.3017708,
 author = {Bart, Austin Cory and Whitcomb, Ryan and Kafura, Dennis and Shaffer, Clifford A. and Tilevich, Eli},
 title = {Computing with CORGIS: Diverse, Real-world Datasets for Introductory Computing},
 booktitle = {Proceedings of the 2017 ACM SIGCSE Technical Symposium on Computer Science Education},
 series = {SIGCSE '17},
 year = {2017},
 isbn = {978-1-4503-4698-6},
 location = {Seattle, Washington, USA},
 pages = {57--62},
 numpages = {6},
 url = {http://doi.acm.org/10.1145/3017680.3017708},
 doi = {10.1145/3017680.3017708},
 acmid = {3017708},
 publisher = {ACM},
 address = {New York, NY, USA},
 keywords = {CORGIS, authenticity, big data, computational thinking, data science, motivation, pedagogy, real-world data},
}

@inproceedings{Schrier:2006:UAR:1179295.1179311,
 author = {Schrier, Karen},
 title = {Using Augmented Reality Games to Teach 21st Century Skills},
 booktitle = {ACM SIGGRAPH 2006 Educators Program},
 series = {SIGGRAPH '06},
 year = {2006},
 isbn = {1-59593-364-6},
 location = {Boston, Massachusetts},
 articleno = {15},
 url = {http://doi.acm.org/10.1145/1179295.1179311},
 doi = {10.1145/1179295.1179311},
 acmid = {1179311},
 publisher = {ACM},
 address = {New York, NY, USA},
 keywords = {21st century skills, augmented reality, critical thinking, educational games, history education, wireless handheld devices},
}

@inproceedings{Suzuki:1997:IFP:1599773.1599808,
 author = {Suzuki, Hideyuki and Kato, Hiroshi},
 title = {Identity Formation/Transformation As the Process of Collaborative Learning Through AlgoArena},
 booktitle = {Proceedings of the 2Nd International Conference on Computer Support for Collaborative Learning},
 series = {CSCL '97},
 year = {1997},
 location = {Toronto, Ontario, Canada},
 pages = {283--291},
 numpages = {9},
 url = {http://dl.acm.org/citation.cfm?id=1599773.1599808},
 acmid = {1599808},
 publisher = {International Society of the Learning Sciences},
 keywords = {identity, interaction analysis, situated learning, software education},
}

@article{Czejdo:2009:PRS:1516595.1516600,
 author = {Czejdo, Bogdan Denny and Bhattacharya, Sambit},
 title = {Programming Robots with State Diagrams},
 journal = {J. Comput. Sci. Coll.},
 issue_date = {May 2009},
 volume = {24},
 number = {5},
 month = may,
 year = {2009},
 issn = {1937-4771},
 pages = {19--26},
 numpages = {8},
 url = {http://dl.acm.org/citation.cfm?id=1516595.1516600},
 acmid = {1516600},
 publisher = {Consortium for Computing Sciences in Colleges},
 address = {USA},
}

@inproceedings{Carell:2009:NCT:1600053.1600134,
 author = {Carell, Angela and Herrmann, Thomas},
 title = {Negotiation-tools in CSCL-scenarios: Do They Have a Valid Use?},
 booktitle = {Proceedings of the 9th International Conference on Computer Supported Collaborative Learning - Volume 1},
 series = {CSCL'09},
 year = {2009},
 isbn = {978-1-4092-8598-4},
 location = {Rhodes, Greece},
 pages = {557--566},
 numpages = {10},
 url = {http://dl.acm.org/citation.cfm?id=1600053.1600134},
 acmid = {1600134},
 publisher = {International Society of the Learning Sciences},
}

@inproceedings{Price:2017:DPF:3139513.3139517,
 author = {Price, Sara and Duffy, Sam and Gori, Monica},
 title = {Developing a Pedagogical Framework for Designing a Multisensory Serious Gaming Environment},
 booktitle = {Proceedings of the 1st ACM SIGCHI International Workshop on Multimodal Interaction for Education},
 series = {MIE 2017},
 year = {2017},
 isbn = {978-1-4503-5557-5},
 location = {Glasgow, UK},
 pages = {1--9},
 numpages = {9},
 url = {http://doi.acm.org/10.1145/3139513.3139517},
 doi = {10.1145/3139513.3139517},
 acmid = {3139517},
 publisher = {ACM},
 address = {New York, NY, USA},
 keywords = {Education, Interaction design, Participatory design, Ubiquitous and mobile computing},
}

@inproceedings{Kopp:2007:FAS:1599600.1599674,
 author = {Kopp, Birgitta and Mandl, Heinz},
 title = {Fostering Argumentation with Script and Content Scheme in Videoconferencing},
 booktitle = {Proceedings of the 8th Iternational Conference on Computer Supported Collaborative Learning},
 series = {CSCL'07},
 year = {2007},
 isbn = {978-0-6151-5436-7},
 location = {New Brunswick, New Jersey, USA},
 pages = {385--394},
 numpages = {10},
 url = {http://dl.acm.org/citation.cfm?id=1599600.1599674},
 acmid = {1599674},
 publisher = {International Society of the Learning Sciences},
}

@inproceedings{Mougenot:2017:TCW:3121283.3121292,
 author = {Mougenot, C{\'e}line and D{\'e}tienne, Fran\c{c}oise and Pennington, Miles and Baker, Michael and Corvin, Tim and Veyrier, Clair-Antoine and Arai, Kengo and Huron, Samuel},
 title = {Tensions in Creativity Workshops},
 booktitle = {Proceedings of the European Conference on Cognitive Ergonomics 2017},
 series = {ECCE 2017},
 year = {2017},
 isbn = {978-1-4503-5256-7},
 location = {Ume\&aring;, Sweden},
 pages = {93--100},
 numpages = {8},
 url = {http://doi.acm.org/10.1145/3121283.3121292},
 doi = {10.1145/3121283.3121292},
 acmid = {3121292},
 publisher = {ACM},
 address = {New York, NY, USA},
 keywords = {Group creativity, argumentation, bodystorming, design workshops, interactive dynamics, physical constraints, role play, tensions, time pressure},
}

@inproceedings{Vattam:2007:ETS:1599600.1599736,
 author = {Vattam, Swaroop S. and Kramer, Christopher W. and Kim, Hyungsin and Kolodner, Janet L.},
 title = {Effects of Technology-based Support for Explanation Construction on Learners' Discourse During Design-based Learning in Science},
 booktitle = {Proceedings of the 8th Iternational Conference on Computer Supported Collaborative Learning},
 series = {CSCL'07},
 year = {2007},
 isbn = {978-0-6151-5436-7},
 location = {New Brunswick, New Jersey, USA},
 pages = {741--750},
 numpages = {10},
 url = {http://dl.acm.org/citation.cfm?id=1599600.1599736},
 acmid = {1599736},
 publisher = {International Society of the Learning Sciences},
}

@inproceedings{Williams:2007:ICP:1248820.1248898,
 author = {Williams, Laurie and Williams, Laurie and Layman, Lucas and Slaten, Kelli M. and Berenson, Sarah B. and Seaman, Carolyn},
 title = {On the Impact of a Collaborative Pedagogy on African American Millennial Students in Software Engineering},
 booktitle = {Proceedings of the 29th International Conference on Software Engineering},
 series = {ICSE '07},
 year = {2007},
 isbn = {0-7695-2828-7},
 pages = {677--687},
 numpages = {11},
 url = {https://doi.org/10.1109/ICSE.2007.58},
 doi = {10.1109/ICSE.2007.58},
 acmid = {1248898},
 publisher = {IEEE Computer Society},
 address = {Washington, DC, USA},
}

@inproceedings{Rummel:2008:UCC:1599936.1600037,
 author = {Rummel, Nikol and Hmelo-Silver, Cindy and Weinberger, Armin and Stegmann, Karsten and Fischer, Frank and Diziol, Dejana and Kahrimanis, George and Guevara, Talia and Holz, Johannes and Spada, Hans and Fiotakis, Georgios and Jeong, Heisawn and Law, Nancy},
 title = {Using Contrasting Cases to Relate Collaborative Processes and Outcomes in CSCL},
 booktitle = {Proceedings of the 8th International Conference on International Conference for the Learning Sciences - Volume 3},
 series = {ICLS'08},
 year = {2008},
 location = {Utrecht, The Netherlands},
 pages = {346--353},
 numpages = {8},
 url = {http://dl.acm.org/citation.cfm?id=1599936.1600037},
 acmid = {1600037},
 publisher = {International Society of the Learning Sciences},
}

@inproceedings{Worsley:2018:EMI:3170358.3170420,
 author = {Worsley, Marcelo},
 title = {(Dis)Engagement Matters: Identifying Efficacious Learning Practices with Multimodal Learning Analytics},
 booktitle = {Proceedings of the 8th International Conference on Learning Analytics and Knowledge},
 series = {LAK '18},
 year = {2018},
 isbn = {978-1-4503-6400-3},
 location = {Sydney, New South Wales, Australia},
 pages = {365--369},
 numpages = {5},
 url = {http://doi.acm.org/10.1145/3170358.3170420},
 doi = {10.1145/3170358.3170420},
 acmid = {3170420},
 publisher = {ACM},
 address = {New York, NY, USA},
 keywords = {collaboration, engineering design, gesture, qualitative analysis},
}

@inproceedings{Gegenfurtner:2009:SSE:1599503.1599527,
 author = {Gegenfurtner, Andreas},
 title = {What is Seen on the Screen? Exploring Collaborative Interpretation, Representational Tools, and Disciplined Perception in Medicine},
 booktitle = {Proceedings of the 9th International Conference on Computer Supported Collaborative Learning - Volume 2},
 series = {CSCL'09},
 year = {2009},
 isbn = {978-1-4092-8598-4},
 location = {Rhodes, Greece},
 pages = {71--72},
 numpages = {2},
 url = {http://dl.acm.org/citation.cfm?id=1599503.1599527},
 acmid = {1599527},
 publisher = {International Society of the Learning Sciences},
}

@inproceedings{Zuiker:2008:DEE:1599871.1599935,
 author = {Zuiker, Steven J. and Anderson, Kate T. and Lee, Judy Lai Har and Chee, Yam San},
 title = {Designing for the Epistemological Entailments of Physics Through Game-centered Dialogical Activity Cycles},
 booktitle = {Proceedings of the 8th International Conference on International Conference for the Learning Sciences - Volume 2},
 series = {ICLS'08},
 year = {2008},
 location = {Utrecht, The Netherlands},
 pages = {516--523},
 numpages = {8},
 url = {http://dl.acm.org/citation.cfm?id=1599871.1599935},
 acmid = {1599935},
 publisher = {International Society of the Learning Sciences},
}

@article{Boulet:2009:KTV:1595390.1597816,
 author = {Boulet, Guy},
 title = {Knowledge Transfer from Virtual Environments},
 journal = {eLearn},
 issue_date = {August 2009},
 volume = {2009},
 number = {8},
 month = aug,
 year = {2009},
 issn = {1535-394X},
 articleno = {8},
 url = {http://doi.acm.org/10.1145/1595390.1597816},
 doi = {10.1145/1595390.1597816},
 acmid = {1597816},
 publisher = {ACM},
 address = {New York, NY, USA},
}

@article{Antoniou:1997:NMT:271042.274426,
 author = {Antoniou, Grigoris},
 title = {A New Methodology for Teaching Default Reasoning},
 journal = {SIGCSE Bull.},
 issue_date = {June 1997},
 volume = {29},
 number = {2},
 month = jun,
 year = {1997},
 issn = {0097-8418},
 pages = {35--38},
 numpages = {4},
 url = {http://doi.acm.org/10.1145/271042.274426},
 doi = {10.1145/271042.274426},
 acmid = {274426},
 publisher = {ACM},
 address = {New York, NY, USA},
}

@inproceedings{Takeuchi:2007:TAS:1599600.1599771,
 author = {Takeuchi, Lori},
 title = {Toward Authentic Scientific Practice: Comparing the Use of GIS in the Classroom and Laboratory},
 booktitle = {Proceedings of the 8th Iternational Conference on Computer Supported Collaborative Learning},
 series = {CSCL'07},
 year = {2007},
 isbn = {978-0-6151-5436-7},
 location = {New Brunswick, New Jersey, USA},
 pages = {871--873},
 numpages = {3},
 url = {http://dl.acm.org/citation.cfm?id=1599600.1599771},
 acmid = {1599771},
 publisher = {International Society of the Learning Sciences},
}

@inproceedings{Barab:2008:CPS:1599936.1600017,
 author = {Barab, Sasha and Ingram-Goble, Adam and Gresalfi, Melissa and Arici, Anna and Siyahhan, Sinem and Dodge, Tyler and Hay, Ken},
 title = {Conceptual Play Spaces and the Quest Atlantis Project},
 booktitle = {Proceedings of the 8th International Conference on International Conference for the Learning Sciences - Volume 3},
 series = {ICLS'08},
 year = {2008},
 location = {Utrecht, The Netherlands},
 pages = {190--197},
 numpages = {8},
 url = {http://dl.acm.org/citation.cfm?id=1599936.1600017},
 acmid = {1600017},
 publisher = {International Society of the Learning Sciences},
}

@inproceedings{Sarmiento:2008:EJP:1599871.1599908,
 author = {Sarmiento, Johann W. and Stahl, Gerry},
 title = {Extending the Joint Problem Space: Time and Sequence As Essential Features of Knowledge Building},
 booktitle = {Proceedings of the 8th International Conference on International Conference for the Learning Sciences - Volume 2},
 series = {ICLS'08},
 year = {2008},
 location = {Utrecht, The Netherlands},
 pages = {295--302},
 numpages = {8},
 url = {http://dl.acm.org/citation.cfm?id=1599871.1599908},
 acmid = {1599908},
 publisher = {International Society of the Learning Sciences},
}

@inproceedings{Goldman:2009:SDP:1599503.1599548,
 author = {Goldman, Ricki and Dong, Chaoyan and Lansiquot, Reneta},
 title = {Software Design Principles for Video Research in the Learning Sciences and CSCL: Two Studies Use the Perspectivity Framework \& Orion\&\#8482;\texttrademark},
 booktitle = {Proceedings of the 9th International Conference on Computer Supported Collaborative Learning - Volume 2},
 series = {CSCL'09},
 year = {2009},
 isbn = {978-1-4092-8598-4},
 location = {Rhodes, Greece},
 pages = {132--134},
 numpages = {3},
 url = {http://dl.acm.org/citation.cfm?id=1599503.1599548},
 acmid = {1599548},
 publisher = {International Society of the Learning Sciences},
}

@inproceedings{Gobert:2007:FPC:1599600.1599604,
 author = {Gobert, Janice and Slotta, James and Clarke, Jody and Dede, Chris and Gijlers, Hannie and Saab, Nadira and Van Joolingen, Wouter and De Jong, Ton and Koedinger, Ken},
 title = {Fostering Peer Collaboration with Technology},
 booktitle = {Proceedings of the 8th Iternational Conference on Computer Supported Collaborative Learning},
 series = {CSCL'07},
 year = {2007},
 isbn = {978-0-6151-5436-7},
 location = {New Brunswick, New Jersey, USA},
 pages = {23--27},
 numpages = {5},
 url = {http://dl.acm.org/citation.cfm?id=1599600.1599604},
 acmid = {1599604},
 publisher = {International Society of the Learning Sciences},
}

@inproceedings{Maldonado:2009:CFG:1600053.1600087,
 author = {Maldonado, Heidy and Klemmer, Scott R. and Pea, Roy D.},
 title = {When is Collaborating with Friends a Good Idea? Insights from Design Education},
 booktitle = {Proceedings of the 9th International Conference on Computer Supported Collaborative Learning - Volume 1},
 series = {CSCL'09},
 year = {2009},
 isbn = {978-1-4092-8598-4},
 location = {Rhodes, Greece},
 pages = {227--231},
 numpages = {5},
 url = {http://dl.acm.org/citation.cfm?id=1600053.1600087},
 acmid = {1600087},
 publisher = {International Society of the Learning Sciences},
}

@inproceedings{Hassan:2017:SAE:3158233.3159332,
 author = {Hassan, Muhammad Mustafa and Qureshi, Adnan N.},
 title = {Situating Adaptive Educational Hypermedia into the Local Context of Developing Nations},
 booktitle = {Proceedings of the 2017 2Nd International Conference on Communication and Information Systems},
 series = {ICCIS 2017},
 year = {2017},
 isbn = {978-1-4503-5348-9},
 location = {Wuhan, China},
 pages = {376--381},
 numpages = {6},
 url = {http://doi.acm.org/10.1145/3158233.3159332},
 doi = {10.1145/3158233.3159332},
 acmid = {3159332},
 publisher = {ACM},
 address = {New York, NY, USA},
 keywords = {AEH, Adaptive Educational Hypermedia, Adaptor-Innovator model, Cognitive Styles, Contextualization, ESL, English as a Second Language, Learning Styles},
}

@inproceedings{Rieger:1997:UMC:1599773.1599800,
 author = {Rieger, Robert and Gay, Geraldine},
 title = {Using Mobile Computing to Enhance Field Study},
 booktitle = {Proceedings of the 2Nd International Conference on Computer Support for Collaborative Learning},
 series = {CSCL '97},
 year = {1997},
 location = {Toronto, Ontario, Canada},
 pages = {218--226},
 numpages = {9},
 url = {http://dl.acm.org/citation.cfm?id=1599773.1599800},
 acmid = {1599800},
 publisher = {International Society of the Learning Sciences},
 keywords = {PDA's, field study, handhelds, mobile computing, probes, situated learning},
}

@inproceedings{Molinari:2008:EKI:1599871.1599883,
 author = {Molinari, Ga\"{e}lle and Sangin, Mirweis and N\"{u}ssli, Marc-Antoine and Dillenbourg, Pierre},
 title = {Effects of Knowledge Interdependence with the Partner on Visual and Action Transactivity in Collaborative Concept Mapping},
 booktitle = {Proceedings of the 8th International Conference on International Conference for the Learning Sciences - Volume 2},
 series = {ICLS'08},
 year = {2008},
 location = {Utrecht, The Netherlands},
 pages = {91--98},
 numpages = {8},
 url = {http://dl.acm.org/citation.cfm?id=1599871.1599883},
 acmid = {1599883},
 publisher = {International Society of the Learning Sciences},
}

@inproceedings{Sami:2009:MMJ:1600053.1600066,
 author = {Sami, Paavola and Kai, Hakkarainen},
 title = {From Meaning Making to Joint Construction of Knowledge Practices and Artefacts: A Trialogical Approach to CSCL},
 booktitle = {Proceedings of the 9th International Conference on Computer Supported Collaborative Learning - Volume 1},
 series = {CSCL'09},
 year = {2009},
 isbn = {978-1-4092-8598-4},
 location = {Rhodes, Greece},
 pages = {83--92},
 numpages = {10},
 url = {http://dl.acm.org/citation.cfm?id=1600053.1600066},
 acmid = {1600066},
 publisher = {International Society of the Learning Sciences},
}

@inproceedings{Clark:2007:EQD:1599600.1599603,
 author = {Clark, Douglas and Sampson, Victor and Weinberger, Armin and Erkens, Gijsbert},
 title = {Evaluating the Quality of Dialogical Argumentation in CSCL: Moving Beyond an Analysis of Formal Structure},
 booktitle = {Proceedings of the 8th Iternational Conference on Computer Supported Collaborative Learning},
 series = {CSCL'07},
 year = {2007},
 isbn = {978-0-6151-5436-7},
 location = {New Brunswick, New Jersey, USA},
 pages = {13--22},
 numpages = {10},
 url = {http://dl.acm.org/citation.cfm?id=1599600.1599603},
 acmid = {1599603},
 publisher = {International Society of the Learning Sciences},
}

@inproceedings{Tscholl:2008:CKC:1599871.1599922,
 author = {Tscholl, Michael and Dowell, John},
 title = {Characterising Knowledge Construction Through a Process Analysis of Dialogues},
 booktitle = {Proceedings of the 8th International Conference on International Conference for the Learning Sciences - Volume 2},
 series = {ICLS'08},
 year = {2008},
 location = {Utrecht, The Netherlands},
 pages = {407--414},
 numpages = {8},
 url = {http://dl.acm.org/citation.cfm?id=1599871.1599922},
 acmid = {1599922},
 publisher = {International Society of the Learning Sciences},
}

@inproceedings{Lymer:2007:WBP:1599600.1599689,
 author = {Lymer, Gustav and Lundin, Johan and Brown, Barry and Rost, Mattias and Holmquist, Lars Erik},
 title = {Web Based Platforms in Co-located Practice: The Use of a Wiki As Support for Learning and Instruction},
 booktitle = {Proceedings of the 8th Iternational Conference on Computer Supported Collaborative Learning},
 series = {CSCL'07},
 year = {2007},
 isbn = {978-0-6151-5436-7},
 location = {New Brunswick, New Jersey, USA},
 pages = {480--489},
 numpages = {10},
 url = {http://dl.acm.org/citation.cfm?id=1599600.1599689},
 acmid = {1599689},
 publisher = {International Society of the Learning Sciences},
}

@inproceedings{Stahl:2008:ISA:1599871.1599915,
 author = {Stahl, Gerry and \c{C}akir, Murat Perit},
 title = {Integrating Synchronous and Asynchronous Support for Group Cognition in Online Collaborative Learning},
 booktitle = {Proceedings of the 8th International Conference on International Conference for the Learning Sciences - Volume 2},
 series = {ICLS'08},
 year = {2008},
 location = {Utrecht, The Netherlands},
 pages = {351--358},
 numpages = {8},
 url = {http://dl.acm.org/citation.cfm?id=1599871.1599915},
 acmid = {1599915},
 publisher = {International Society of the Learning Sciences},
}

@inproceedings{Teasley:2008:CCC:1599936.1600039,
 author = {Teasley, Stephanie D. and Fischer, Frank and Weinberger, Armin and Stegmann, Karsten and Dillenbourg, Pierre and Kapur, Manu and Chi, Michelene},
 title = {Cognitive Convergence in Collaborative Learning},
 booktitle = {Proceedings of the 8th International Conference on International Conference for the Learning Sciences - Volume 3},
 series = {ICLS'08},
 year = {2008},
 location = {Utrecht, The Netherlands},
 pages = {360--367},
 numpages = {8},
 url = {http://dl.acm.org/citation.cfm?id=1599936.1600039},
 acmid = {1600039},
 publisher = {International Society of the Learning Sciences},
}

@inproceedings{Lee:2009:GCG:1600053.1600115,
 author = {Lee, Lai Har Judy and Chee, Yam San},
 title = {Generative Conversations in Game-based Learning},
 booktitle = {Proceedings of the 9th International Conference on Computer Supported Collaborative Learning - Volume 1},
 series = {CSCL'09},
 year = {2009},
 isbn = {978-1-4092-8598-4},
 location = {Rhodes, Greece},
 pages = {419--428},
 numpages = {10},
 url = {http://dl.acm.org/citation.cfm?id=1600053.1600115},
 acmid = {1600115},
 publisher = {International Society of the Learning Sciences},
}

@inproceedings{Kafai:2008:CGD:1599812.1599863,
 author = {Kafai, Yasmin B.},
 title = {Considering Gender in Digital Games: Implications for Serious Game Designs in the Learning Sciences},
 booktitle = {Proceedings of the 8th International Conference on International Conference for the Learning Sciences - Volume 1},
 series = {ICLS'08},
 year = {2008},
 location = {Utrecht, The Netherlands},
 pages = {422--429},
 numpages = {8},
 url = {http://dl.acm.org/citation.cfm?id=1599812.1599863},
 acmid = {1599863},
 publisher = {International Society of the Learning Sciences},
}

@inproceedings{Maldonado:2007:PCD:1599600.1599690,
 author = {Maldonado, Heidy and Lee, Brian and Klemmer, Scott R. and Pea, Roy D.},
 title = {Patterns of Collaboration in Design Courses: Team Dynamics Affect Technology Appropriation, Artifact Creation, and Course Performance},
 booktitle = {Proceedings of the 8th Iternational Conference on Computer Supported Collaborative Learning},
 series = {CSCL'07},
 year = {2007},
 isbn = {978-0-6151-5436-7},
 location = {New Brunswick, New Jersey, USA},
 pages = {490--499},
 numpages = {10},
 url = {http://dl.acm.org/citation.cfm?id=1599600.1599690},
 acmid = {1599690},
 publisher = {International Society of the Learning Sciences},
}

@inproceedings{Newstetter:2008:LLI:1599936.1600030,
 author = {Newstetter, Wendy and Johri, Aditya and Wulf, Volker},
 title = {Laboratory Learning: Industry and University Research As Site for Situated and Distributed Cognition},
 booktitle = {Proceedings of the 8th International Conference on International Conference for the Learning Sciences - Volume 3},
 series = {ICLS'08},
 year = {2008},
 location = {Utrecht, The Netherlands},
 pages = {290--297},
 numpages = {8},
 url = {http://dl.acm.org/citation.cfm?id=1599936.1600030},
 acmid = {1600030},
 publisher = {International Society of the Learning Sciences},
}

@inproceedings{Mathews:2008:SSS:1599936.1599978,
 author = {Mathews, James and Holden, Christopher and Jan, Ming-Fong and Martin, John},
 title = {Sick at South Shore Beach: A Place-based Augmented Reality Game As a Framework for Building Evidence-based Arguments},
 booktitle = {Proceedings of the 8th International Conference on International Conference for the Learning Sciences - Volume 3},
 series = {ICLS'08},
 year = {2008},
 location = {Utrecht, The Netherlands},
 pages = {89--90},
 numpages = {2},
 url = {http://dl.acm.org/citation.cfm?id=1599936.1599978},
 acmid = {1599978},
 publisher = {International Society of the Learning Sciences},
}

@inproceedings{Wientjes:2007:OVR:1599600.1599743,
 author = {Wientjes, Greg and Karim, Jawed},
 title = {Online Video Repository and Supportive Community for Beginning Teachers},
 booktitle = {Proceedings of the 8th Iternational Conference on Computer Supported Collaborative Learning},
 series = {CSCL'07},
 year = {2007},
 isbn = {978-0-6151-5436-7},
 location = {New Brunswick, New Jersey, USA},
 pages = {788--790},
 numpages = {3},
 url = {http://dl.acm.org/citation.cfm?id=1599600.1599743},
 acmid = {1599743},
 publisher = {International Society of the Learning Sciences},
}

@inproceedings{Xie:2009:SMR:1600053.1600090,
 author = {Xie, Kui and Ke, Fengfeng},
 title = {How Does Students' Motivation Relate to Peer-moderated Online Interactions?},
 booktitle = {Proceedings of the 9th International Conference on Computer Supported Collaborative Learning - Volume 1},
 series = {CSCL'09},
 year = {2009},
 isbn = {978-1-4092-8598-4},
 location = {Rhodes, Greece},
 pages = {242--251},
 numpages = {10},
 url = {http://dl.acm.org/citation.cfm?id=1600053.1600090},
 acmid = {1600090},
 publisher = {International Society of the Learning Sciences},
}

@inproceedings{Ketelhut:2008:RPU:1599812.1599865,
 author = {Ketelhut, Diane Jass and Clarke, Jody and Nelson, Brian C. and Dukas, Geordie},
 title = {Rethinking Pedagogy: Using Multi-user Virtual Environments to Foster Authentic Science Learning},
 booktitle = {Proceedings of the 8th International Conference on International Conference for the Learning Sciences - Volume 1},
 series = {ICLS'08},
 year = {2008},
 location = {Utrecht, The Netherlands},
 pages = {438--445},
 numpages = {8},
 url = {http://dl.acm.org/citation.cfm?id=1599812.1599865},
 acmid = {1599865},
 publisher = {International Society of the Learning Sciences},
}

@inproceedings{Martin:2008:RAP:1599871.1599876,
 author = {Martin, John and Mathews, James and Jan, Mingfong and Holden, Chris},
 title = {Restructuring Activity and Place: Augmented Reality Games on Handhelds},
 booktitle = {Proceedings of the 8th International Conference on International Conference for the Learning Sciences - Volume 2},
 series = {ICLS'08},
 year = {2008},
 location = {Utrecht, The Netherlands},
 pages = {35--42},
 numpages = {8},
 url = {http://dl.acm.org/citation.cfm?id=1599871.1599876},
 acmid = {1599876},
 publisher = {International Society of the Learning Sciences},
}

