@inproceedings{Khan:2012:REP:2330601.2330655,
 author = {Khan, Tariq M. and Clear, Fintan and Sajadi, Samira Sadat},
 title = {The Relationship Between Educational Performance and Online Access Routines: Analysis of Students' Access to an Online Discussion Forum},
 booktitle = {Proceedings of the 2Nd International Conference on Learning Analytics and Knowledge},
 series = {LAK '12},
 year = {2012},
 isbn = {978-1-4503-1111-3},
 location = {Vancouver, British Columbia, Canada},
 pages = {226--229},
 numpages = {4},
 url = {http://doi.acm.org/10.1145/2330601.2330655},
 doi = {10.1145/2330601.2330655},
 acmid = {2330655},
 publisher = {ACM},
 address = {New York, NY, USA},
 keywords = {learning analytics, online discussion, participation patterns},
}

@article{Liccardi:2007:RSN:1345375.1345442,
 author = {Liccardi, Ilaria and Ounnas, Asma and Pau, Reena and Massey, Elizabeth and Kinnunen, P\"{a}ivi and Lewthwaite, Sarah and Midy, Marie-Anne and Sarkar, Chandan},
 title = {The Role of Social Networks in Students' Learning Experiences},
 journal = {SIGCSE Bull.},
 issue_date = {December 2007},
 volume = {39},
 number = {4},
 month = dec,
 year = {2007},
 issn = {0097-8418},
 pages = {224--237},
 numpages = {14},
 url = {http://doi.acm.org/10.1145/1345375.1345442},
 doi = {10.1145/1345375.1345442},
 acmid = {1345442},
 publisher = {ACM},
 address = {New York, NY, USA},
 keywords = {computer science education, higher education, learning process, social network, student experience},
}

@inproceedings{Liccardi:2007:RSN:1345443.1345442,
 author = {Liccardi, Ilaria and Ounnas, Asma and Pau, Reena and Massey, Elizabeth and Kinnunen, P\"{a}ivi and Lewthwaite, Sarah and Midy, Marie-Anne and Sarkar, Chandan},
 title = {The Role of Social Networks in Students' Learning Experiences},
 booktitle = {Working Group Reports on ITiCSE on Innovation and Technology in Computer Science Education},
 series = {ITiCSE-WGR '07},
 year = {2007},
 location = {Dundee, Scotland},
 pages = {224--237},
 numpages = {14},
 url = {http://doi.acm.org/10.1145/1345443.1345442},
 doi = {10.1145/1345443.1345442},
 acmid = {1345442},
 publisher = {ACM},
 address = {New York, NY, USA},
 keywords = {computer science education, higher education, learning process, social network, student experience},
}

@inproceedings{Dagdilelis:2012:PTT:2481449.2481468,
 author = {Dagdilelis, Vassilios and Xinogalos, Stelios},
 title = {Preparing Teachers for Teaching Informatics: Theoretical Considerations and Practical Implications},
 booktitle = {Proceedings of the 7th Workshop in Primary and Secondary Computing Education},
 series = {WiPSCE '12},
 year = {2012},
 isbn = {978-1-4503-1787-0},
 location = {Hamburg, Germany},
 pages = {78--81},
 numpages = {4},
 url = {http://doi.acm.org/10.1145/2481449.2481468},
 doi = {10.1145/2481449.2481468},
 acmid = {2481468},
 publisher = {ACM},
 address = {New York, NY, USA},
 keywords = {secondary computing education, teacher's training},
}

