@inproceedings{Solomon:2016:RSR:2960310.2960340,
 author = {Solomon, Amber},
 title = {The Role of Spatial Reasoning in Learning Computer Science},
 booktitle = {Proceedings of the 2016 ACM Conference on International Computing Education Research},
 series = {ICER '16},
 year = {2016},
 isbn = {978-1-4503-4449-4},
 location = {Melbourne, VIC, Australia},
 pages = {265--266},
 numpages = {2},
 url = {http://doi.acm.org/10.1145/2960310.2960340},
 doi = {10.1145/2960310.2960340},
 acmid = {2960340},
 publisher = {ACM},
 address = {New York, NY, USA},
 keywords = {socioeconomic status, spatial reasoning},
}

@article{deAguilera:2003:VGE:950566.950583,
 author = {de Aguilera, Miguel and Mendiz, Alfonso},
 title = {Video Games and Education: (Education in the Face of a ``Parallel School'')},
 journal = {Comput. Entertain.},
 issue_date = {October 2003},
 volume = {1},
 number = {1},
 month = oct,
 year = {2003},
 issn = {1544-3574},
 pages = {1:1--1:10},
 articleno = {1},
 numpages = {10},
 url = {http://doi.acm.org/10.1145/950566.950583},
 doi = {10.1145/950566.950583},
 acmid = {950583},
 publisher = {ACM},
 address = {New York, NY, USA},
 keywords = {bibliography, critical review, education, education reform, media effects, video games},
}

@inproceedings{Cooper:2015:SST:2787622.2787728,
 author = {Cooper, Stephen and Wang, Karen and Israni, Maya and Sorby, Sheryl},
 title = {Spatial Skills Training in Introductory Computing},
 booktitle = {Proceedings of the Eleventh Annual International Conference on International Computing Education Research},
 series = {ICER '15},
 year = {2015},
 isbn = {978-1-4503-3630-7},
 location = {Omaha, Nebraska, USA},
 pages = {13--20},
 numpages = {8},
 url = {http://doi.acm.org/10.1145/2787622.2787728},
 doi = {10.1145/2787622.2787728},
 acmid = {2787728},
 publisher = {ACM},
 address = {New York, NY, USA},
 keywords = {introductory computer science, spatial skills, training},
}

@article{Mitra:2016:BWN:2942427.2909887,
 author = {Mitra, Ankita},
 title = {A Byte is All We Need},
 journal = {Commun. ACM},
 issue_date = {June 2016},
 volume = {59},
 number = {6},
 month = may,
 year = {2016},
 issn = {0001-0782},
 pages = {42--44},
 numpages = {3},
 url = {http://doi.acm.org/10.1145/2909887},
 doi = {10.1145/2909887},
 acmid = {2909887},
 publisher = {ACM},
 address = {New York, NY, USA},
}

@inproceedings{Figueiredo:2016:NLP:3012430.3012572,
 author = {Figueiredo, Jos{\'e} and Gomes, Nat\'{a}lia and Garc\'{\i}a-Pe\~{n}alvo, Francisco Jos{\'e}},
 title = {Ne-course for Learning Programming},
 booktitle = {Proceedings of the Fourth International Conference on Technological Ecosystems for Enhancing Multiculturality},
 series = {TEEM '16},
 year = {2016},
 isbn = {978-1-4503-4747-1},
 location = {Salamanca, Spain},
 pages = {549--553},
 numpages = {5},
 url = {http://doi.acm.org/10.1145/3012430.3012572},
 doi = {10.1145/3012430.3012572},
 acmid = {3012572},
 publisher = {ACM},
 address = {New York, NY, USA},
 keywords = {cs0, cs1, introductory programming, learning programming, programming education, teaching programming},
}

@inproceedings{Solomon:2017:DSR:3105726.3105744,
 author = {Solomon, Amber},
 title = {Determining if Spatial Reasoning is Required to Learn CS},
 booktitle = {Proceedings of the 2017 ACM Conference on International Computing Education Research},
 series = {ICER '17},
 year = {2017},
 isbn = {978-1-4503-4968-0},
 location = {Tacoma, Washington, USA},
 pages = {297--298},
 numpages = {2},
 url = {http://doi.acm.org/10.1145/3105726.3105744},
 doi = {10.1145/3105726.3105744},
 acmid = {3105744},
 publisher = {ACM},
 address = {New York, NY, USA},
 keywords = {marginalized communities, spatial reasoning},
}

@inproceedings{Wilson:2018:IDL:3290511.3290522,
 author = {Wilson, Marie Florence and Salis, Carole and Murgia, Fabrizio},
 title = {The Innovative Didactic Labs of the Iscol@ Project},
 booktitle = {Proceedings of the 10th International Conference on Education Technology and Computers},
 series = {ICETC '18},
 year = {2018},
 isbn = {978-1-4503-6517-8},
 location = {Tokyo, Japan},
 pages = {129--135},
 numpages = {7},
 url = {http://doi.acm.org/10.1145/3290511.3290522},
 doi = {10.1145/3290511.3290522},
 acmid = {3290522},
 publisher = {ACM},
 address = {New York, NY, USA},
 keywords = {collaborative learning, cooperation with industry in teaching, extracurricular activities, mobile learning, school dropout prevention, technology enhanced learning},
}

@inproceedings{Parker:2018:SSC:3230977.3230987,
 author = {Parker, Miranda C. and Solomon, Amber and Pritchett, Brianna and Illingworth, David A. and Marguilieux, Lauren E. and Guzdial, Mark},
 title = {Socioeconomic Status and Computer Science Achievement: Spatial Ability As a Mediating Variable in a Novel Model of Understanding},
 booktitle = {Proceedings of the 2018 ACM Conference on International Computing Education Research},
 series = {ICER '18},
 year = {2018},
 isbn = {978-1-4503-5628-2},
 location = {Espoo, Finland},
 pages = {97--105},
 numpages = {9},
 url = {http://doi.acm.org/10.1145/3230977.3230987},
 doi = {10.1145/3230977.3230987},
 acmid = {3230987},
 publisher = {ACM},
 address = {New York, NY, USA},
 keywords = {access, cs achievement, socioeconomic status, spatial ability},
}

@inproceedings{Wauck:2017:URS:3025171.3025225,
 author = {Wauck, Helen and Xiao, Ziang and Chiu, Po-Tsung and Fu, Wai-Tat},
 title = {Untangling the Relationship Between Spatial Skills, Game Features, and Gender in a Video Game},
 booktitle = {Proceedings of the 22Nd International Conference on Intelligent User Interfaces},
 series = {IUI '17},
 year = {2017},
 isbn = {978-1-4503-4348-0},
 location = {Limassol, Cyprus},
 pages = {125--136},
 numpages = {12},
 url = {http://doi.acm.org/10.1145/3025171.3025225},
 doi = {10.1145/3025171.3025225},
 acmid = {3025225},
 publisher = {ACM},
 address = {New York, NY, USA},
 keywords = {children, education, game features, gender, player behavior, spatial reasoning, stem, video games},
}

@inproceedings{Chodos:2010:HEV:1809085.1809097,
 author = {Chodos, David and Stroulia, Eleni and Boechler, Patricia and King, Sharla and Kuras, Pawel and Carbonaro, Michael and de Jong, Erik},
 title = {Healthcare Education with Virtual-world Simulations},
 booktitle = {Proceedings of the 2010 ICSE Workshop on Software Engineering in Health Care},
 series = {SEHC '10},
 year = {2010},
 isbn = {978-1-60558-973-2},
 location = {Cape Town, South Africa},
 pages = {89--99},
 numpages = {11},
 url = {http://doi.acm.org/10.1145/1809085.1809097},
 doi = {10.1145/1809085.1809097},
 acmid = {1809097},
 publisher = {ACM},
 address = {New York, NY, USA},
 keywords = {medical education, virtual worlds},
}

@inproceedings{Ursyn:2007:WAC:1282040.1282063,
 author = {Ursyn, Anna and Scott, Terry},
 title = {Web with Art and Computer Science},
 booktitle = {ACM SIGGRAPH 2007 Educators Program},
 series = {SIGGRAPH '07},
 year = {2007},
 isbn = {978-1-4503-1830-3},
 location = {San Diego, California},
 articleno = {22},
 url = {http://doi.acm.org/10.1145/1282040.1282063},
 doi = {10.1145/1282040.1282063},
 acmid = {1282063},
 publisher = {ACM},
 address = {New York, NY, USA},
 keywords = {art and design, collaborative practice, computer graphics, interdisciplinary instruction, programming, science-art connection, web design},
}

@inproceedings{Ursyn:2007:LSA:1282040.1282049,
 author = {Ursyn, Anna and Sung, Ruwang},
 title = {Learning Science with Art},
 booktitle = {ACM SIGGRAPH 2007 Educators Program},
 series = {SIGGRAPH '07},
 year = {2007},
 isbn = {978-1-4503-1830-3},
 location = {San Diego, California},
 articleno = {8},
 url = {http://doi.acm.org/10.1145/1282040.1282049},
 doi = {10.1145/1282040.1282049},
 acmid = {1282049},
 publisher = {ACM},
 address = {New York, NY, USA},
 keywords = {collaborative practice, computer graphics, interdisciplinary instruction, novel approach to science -- art connection},
}

@inproceedings{Virata:2019:ARS:3306500.3306556,
 author = {Virata, Rholeo O. and Castro, Johan Daryll L.},
 title = {Augmented Reality in Science Classroom: Perceived Effects in Education, Visualization and Information Processing},
 booktitle = {Proceedings of the 10th International Conference on E-Education, E-Business, E-Management and E-Learning},
 series = {IC4E '19},
 year = {2019},
 isbn = {978-1-4503-6602-1},
 location = {Tokyo, Japan},
 pages = {85--92},
 numpages = {8},
 url = {http://doi.acm.org/10.1145/3306500.3306556},
 doi = {10.1145/3306500.3306556},
 acmid = {3306556},
 publisher = {ACM},
 address = {New York, NY, USA},
 keywords = {21<sup>st</sup> century e-learning, augmented reality, chemistry education, k12 science, science education},
}

@inproceedings{Hellas:2018:PAP:3293881.3295783,
 author = {Hellas, Arto and Ihantola, Petri and Petersen, Andrew and Ajanovski, Vangel V. and Gutica, Mirela and Hynninen, Timo and Knutas, Antti and Leinonen, Juho and Messom, Chris and Liao, Soohyun Nam},
 title = {Predicting Academic Performance: A Systematic Literature Review},
 booktitle = {Proceedings Companion of the 23rd Annual ACM Conference on Innovation and Technology in Computer Science Education},
 series = {ITiCSE 2018 Companion},
 year = {2018},
 isbn = {978-1-4503-6223-8},
 location = {Larnaca, Cyprus},
 pages = {175--199},
 numpages = {25},
 url = {http://doi.acm.org/10.1145/3293881.3295783},
 doi = {10.1145/3293881.3295783},
 acmid = {3295783},
 publisher = {ACM},
 address = {New York, NY, USA},
 keywords = {analytics, educational data mining, learning analytics, literature review, mapping study, performance, prediction},
}

@inproceedings{Parkinson:2018:IRS:3230977.3230990,
 author = {Parkinson, Jack and Cutts, Quintin},
 title = {Investigating the Relationship Between Spatial Skills and Computer Science},
 booktitle = {Proceedings of the 2018 ACM Conference on International Computing Education Research},
 series = {ICER '18},
 year = {2018},
 isbn = {978-1-4503-5628-2},
 location = {Espoo, Finland},
 pages = {106--114},
 numpages = {9},
 url = {http://doi.acm.org/10.1145/3230977.3230990},
 doi = {10.1145/3230977.3230990},
 acmid = {3230990},
 publisher = {ACM},
 address = {New York, NY, USA},
 keywords = {academic attainment, spatial skills, theoretical model},
}

@inproceedings{Gutica:2019:MHS:3304221.3325589,
 author = {Gutica, Mirela},
 title = {Motivating High School Girls to Study Computer Science},
 booktitle = {Proceedings of the 2019 ACM Conference on Innovation and Technology in Computer Science Education},
 series = {ITiCSE '19},
 year = {2019},
 isbn = {978-1-4503-6301-3},
 location = {Aberdeen, Scotland Uk},
 pages = {311--311},
 numpages = {1},
 url = {http://doi.acm.org/10.1145/3304221.3325589},
 doi = {10.1145/3304221.3325589},
 acmid = {3325589},
 publisher = {ACM},
 address = {New York, NY, USA},
 keywords = {computer science, gender gap, girls, motivation, role models},
}

@inproceedings{Baykal:2016:DTP:2930674.2936006,
 author = {Baykal, G\"{o}k\c{c}e Elif and Alaca, Ilg\im Veryeri and Yanta\c{c}, As\im Evren and G\"{o}ksun, Tilbe},
 title = {Developing Transmedia Puzzle Play to Facilitate Spatial Skills of Preschoolers},
 booktitle = {Proceedings of the The 15th International Conference on Interaction Design and Children},
 series = {IDC '16},
 year = {2016},
 isbn = {978-1-4503-4313-8},
 location = {Manchester, United Kingdom},
 pages = {631--636},
 numpages = {6},
 url = {http://doi.acm.org/10.1145/2930674.2936006},
 doi = {10.1145/2930674.2936006},
 acmid = {2936006},
 publisher = {ACM},
 address = {New York, NY, USA},
 keywords = {Spatial learning, child-centered design, physical-digital interaction, preschool children, spatial manipulatives, transmedia play},
}

@inproceedings{Simon:2006:PSF:1151869.1151894,
 author = {Simon and Fincher, Sally and Robins, Anthony and Baker, Bob and Box, Ilona and Cutts, Quintin and de Raadt, Michael and Haden, Patricia and Hamer, John and Hamilton, Margaret and Lister, Raymond and Petre, Marian and Sutton, Ken and Tolhurst, Denise and Tutty, Jodi},
 title = {Predictors of Success in a First Programming Course},
 booktitle = {Proceedings of the 8th Australasian Conference on Computing Education - Volume 52},
 series = {ACE '06},
 year = {2006},
 isbn = {1-920682-34-1},
 location = {Hobart, Australia},
 pages = {189--196},
 numpages = {8},
 url = {http://dl.acm.org/citation.cfm?id=1151869.1151894},
 acmid = {1151894},
 publisher = {Australian Computer Society, Inc.},
 address = {Darlinghurst, Australia, Australia},
 keywords = {education, programming aptitude},
}

@inproceedings{Schulte:2010:IPC:1971681.1971687,
 author = {Schulte, Carsten and Clear, Tony and Taherkhani, Ahmad and Busjahn, Teresa and Paterson, James H.},
 title = {An Introduction to Program Comprehension for Computer Science Educators},
 booktitle = {Proceedings of the 2010 ITiCSE Working Group Reports},
 series = {ITiCSE-WGR '10},
 year = {2010},
 isbn = {978-1-4503-0677-5},
 location = {Ankara, Turkey},
 pages = {65--86},
 numpages = {22},
 url = {http://doi.acm.org/10.1145/1971681.1971687},
 doi = {10.1145/1971681.1971687},
 acmid = {1971687},
 publisher = {ACM},
 address = {New York, NY, USA},
 keywords = {CS ed research, pedagogy, program comprehension},
}

@inproceedings{Bockmon:2019:VCI:3287324.3287372,
 author = {Bockmon, Ryan and Cooper, Stephen and Gratch, Jonathan and Dorodchi, Mohsen},
 title = {(Re)Validating Cognitive Introductory Computing Instruments},
 booktitle = {Proceedings of the 50th ACM Technical Symposium on Computer Science Education},
 series = {SIGCSE '19},
 year = {2019},
 isbn = {978-1-4503-5890-3},
 location = {Minneapolis, MN, USA},
 pages = {552--557},
 numpages = {6},
 url = {http://doi.acm.org/10.1145/3287324.3287372},
 doi = {10.1145/3287324.3287372},
 acmid = {3287372},
 publisher = {ACM},
 address = {New York, NY, USA},
 keywords = {assessment, cs1, replication, validity},
}

@inproceedings{Sheard:2009:ART:1584322.1584334,
 author = {Sheard, Judy and Simon, S. and Hamilton, Margaret and L\"{o}nnberg, Jan},
 title = {Analysis of Research into the Teaching and Learning of Programming},
 booktitle = {Proceedings of the Fifth International Workshop on Computing Education Research Workshop},
 series = {ICER '09},
 year = {2009},
 isbn = {978-1-60558-615-1},
 location = {Berkeley, CA, USA},
 pages = {93--104},
 numpages = {12},
 url = {http://doi.acm.org/10.1145/1584322.1584334},
 doi = {10.1145/1584322.1584334},
 acmid = {1584334},
 publisher = {ACM},
 address = {New York, NY, USA},
 keywords = {classifying publications, computing education, research methods, teaching and learning of programming},
}

@inproceedings{Chun:2010:DAW:1734263.1734369,
 author = {Chun, Seok-Ju and Ryoo, Jungwoo},
 title = {Development and Application of a Web-based Programming Learning System with LED Display Kits},
 booktitle = {Proceedings of the 41st ACM Technical Symposium on Computer Science Education},
 series = {SIGCSE '10},
 year = {2010},
 isbn = {978-1-4503-0006-3},
 location = {Milwaukee, Wisconsin, USA},
 pages = {310--314},
 numpages = {5},
 url = {http://doi.acm.org/10.1145/1734263.1734369},
 doi = {10.1145/1734263.1734369},
 acmid = {1734369},
 publisher = {ACM},
 address = {New York, NY, USA},
 keywords = {flowchart, led display kit, programming, web-based learning},
}

@inproceedings{Crawford:1997:ERR:299359.299386,
 author = {Crawford, Kathryn and Fekete, Alan},
 title = {What Do Exam Results Really Measure?},
 booktitle = {Proceedings of the 2Nd Australasian Conference on Computer Science Education},
 series = {ACSE '97},
 year = {1996},
 isbn = {0-89791-958-0},
 location = {The Univ. of Melbourne, Australia},
 pages = {185--190},
 numpages = {6},
 url = {http://doi.acm.org/10.1145/299359.299386},
 doi = {10.1145/299359.299386},
 acmid = {299386},
 publisher = {ACM},
 address = {New York, NY, USA},
}

@inproceedings{Figueiredo:2017:ICT:3144826.3145351,
 author = {Figueiredo, Jos{\'e} and Garc\'{\i}a-Pe\~{n}alvo, Francisco J.},
 title = {Improving Computational Thinking Using Follow and Give Instructions},
 booktitle = {Proceedings of the 5th International Conference on Technological Ecosystems for Enhancing Multiculturality},
 series = {TEEM 2017},
 year = {2017},
 isbn = {978-1-4503-5386-1},
 location = {C\&aacute;diz, Spain},
 pages = {3:1--3:7},
 articleno = {3},
 numpages = {7},
 url = {http://doi.acm.org/10.1145/3144826.3145351},
 doi = {10.1145/3144826.3145351},
 acmid = {3145351},
 publisher = {ACM},
 address = {New York, NY, USA},
 keywords = {CS0, CS1, Computational thinking, Programming, learning programming, teaching programming},
}

@inproceedings{Friend:2018:BES:3159450.3159515,
 author = {Friend, Michelle and Matthews, Michael and Winter, Victor and Love, Betty and Moisset, Deanna and Goodwin, Ian},
 title = {Bricklayer: Elementary Students Learn Math Through Programming and Art},
 booktitle = {Proceedings of the 49th ACM Technical Symposium on Computer Science Education},
 series = {SIGCSE '18},
 year = {2018},
 isbn = {978-1-4503-5103-4},
 location = {Baltimore, Maryland, USA},
 pages = {628--633},
 numpages = {6},
 url = {http://doi.acm.org/10.1145/3159450.3159515},
 doi = {10.1145/3159450.3159515},
 acmid = {3159515},
 publisher = {ACM},
 address = {New York, NY, USA},
 keywords = {art, coordinate graphing, elementary school, functional programming, mathematics, visual spatial skills},
}

@inproceedings{Jones:2007:SSN:1268784.1268852,
 author = {Jones, Sue Jane and Burnett, Gary E.},
 title = {Spatial Skills and Navigation of Source Code},
 booktitle = {Proceedings of the 12th Annual SIGCSE Conference on Innovation and Technology in Computer Science Education},
 series = {ITiCSE '07},
 year = {2007},
 isbn = {978-1-59593-610-3},
 location = {Dundee, Scotland},
 pages = {231--235},
 numpages = {5},
 url = {http://doi.acm.org/10.1145/1268784.1268852},
 doi = {10.1145/1268784.1268852},
 acmid = {1268852},
 publisher = {ACM},
 address = {New York, NY, USA},
 keywords = {education, navigation of source code, programming ability, spatial skills},
}

@article{Jones:2007:SSN:1269900.1268852,
 author = {Jones, Sue Jane and Burnett, Gary E.},
 title = {Spatial Skills and Navigation of Source Code},
 journal = {SIGCSE Bull.},
 issue_date = {September 2007},
 volume = {39},
 number = {3},
 month = jun,
 year = {2007},
 issn = {0097-8418},
 pages = {231--235},
 numpages = {5},
 url = {http://doi.acm.org/10.1145/1269900.1268852},
 doi = {10.1145/1269900.1268852},
 acmid = {1268852},
 publisher = {ACM},
 address = {New York, NY, USA},
 keywords = {education, navigation of source code, programming ability, spatial skills},
}

@inproceedings{Hartman:2006:VRS:1179295.1179342,
 author = {Hartman, Nathan W. and Connolly, Patrick E. and Gilger, Jeffrey W. and Bertoline, Gary R. and Heisler, Justin},
 title = {Virtual Reality-based Spatial Skills Assessment and Its Role in Computer Graphics Education},
 booktitle = {ACM SIGGRAPH 2006 Educators Program},
 series = {SIGGRAPH '06},
 year = {2006},
 isbn = {1-59593-364-6},
 location = {Boston, Massachusetts},
 articleno = {46},
 url = {http://doi.acm.org/10.1145/1179295.1179342},
 doi = {10.1145/1179295.1179342},
 acmid = {1179342},
 publisher = {ACM},
 address = {New York, NY, USA},
}

@inproceedings{Budinska:2017:GTB:3162087.3162102,
 author = {Budinsk\'{a}, Lucia and Mayerov\'{a}, Karol\'{\i}na},
 title = {Graph Tasks in Bebras Contest: What Does It Have to Do with Gender?},
 booktitle = {Proceedings of the 6th Computer Science Education Research Conference},
 series = {CSERC '17},
 year = {2017},
 isbn = {978-1-4503-6338-9},
 location = {Helsinki, Finland},
 pages = {83--90},
 numpages = {8},
 url = {http://doi.acm.org/10.1145/3162087.3162102},
 doi = {10.1145/3162087.3162102},
 acmid = {3162102},
 publisher = {ACM},
 address = {New York, NY, USA},
 keywords = {Bebras contest, computational thinking, gender differences, graph tasks, visual literacy},
}

@inproceedings{Cutts:2018:EDA:3174781.3174789,
 author = {Cutts, Quintin and Patitsas, Elizabeth and Cole, Elizabeth and Donaldson, Peter and Alshaigy, Bedour and Gutica, Mirela and Hellas, Arto and Larraza-Mendiluze, Edurne and McCartney, Robert and Riedesel, Charles},
 title = {Early Developmental Activities and Computing Proficiency},
 booktitle = {Proceedings of the 2017 ITiCSE Conference on Working Group Reports},
 series = {ITiCSE-WGR '17},
 year = {2017},
 isbn = {978-1-4503-5627-5},
 location = {Bologna, Italy},
 pages = {140--157},
 numpages = {18},
 url = {http://doi.acm.org/10.1145/3174781.3174789},
 doi = {10.1145/3174781.3174789},
 acmid = {3174789},
 publisher = {ACM},
 address = {New York, NY, USA},
 keywords = {early-years, pre-computational thinking, pre-requisite, primary, proficiency},
}

@article{Radu:2014:ARE:2656530.2656592,
 author = {Radu, Iulian},
 title = {Augmented Reality in Education: A Meta-review and Cross-media Analysis},
 journal = {Personal Ubiquitous Comput.},
 issue_date = {August    2014},
 volume = {18},
 number = {6},
 month = aug,
 year = {2014},
 issn = {1617-4909},
 pages = {1533--1543},
 numpages = {11},
 url = {http://dx.doi.org/10.1007/s00779-013-0747-y},
 doi = {10.1007/s00779-013-0747-y},
 acmid = {2656592},
 publisher = {Springer-Verlag},
 address = {London, UK, UK},
 keywords = {Augmented reality, Children, Comparative studies, Education, Human factors},
}

@inproceedings{Eilam:2008:IVC:1599812.1599836,
 author = {Eilam, Billie and Poyas, Yael},
 title = {Identifying Variables and Constructing Relations: Effects of Multiple Images and Texts Stimuli},
 booktitle = {Proceedings of the 8th International Conference on International Conference for the Learning Sciences - Volume 1},
 series = {ICLS'08},
 year = {2008},
 location = {Utrecht, The Netherlands},
 pages = {207--215},
 numpages = {9},
 url = {http://dl.acm.org/citation.cfm?id=1599812.1599836},
 acmid = {1599836},
 publisher = {International Society of the Learning Sciences},
}

@inproceedings{Fonseca:2013:ASP:2536536.2536610,
 author = {Fonseca, David and Redondo, Ernesto},
 title = {Are the Architecture Students Prepared for the Use of Mobile Technology in the Classroom?},
 booktitle = {Proceedings of the First International Conference on Technological Ecosystem for Enhancing Multiculturality},
 series = {TEEM '13},
 year = {2013},
 isbn = {978-1-4503-2345-1},
 location = {Salamanca, Spain},
 pages = {481--487},
 numpages = {7},
 url = {http://doi.acm.org/10.1145/2536536.2536610},
 doi = {10.1145/2536536.2536610},
 acmid = {2536610},
 publisher = {ACM},
 address = {New York, NY, USA},
 keywords = {learning analytics, mixed method research, teaching innovation, user experience},
}

