@inproceedings{Kizilcec:2014:SFV:2556288.2557207,
 author = {Kizilcec, Ren{\'e} F. and Papadopoulos, Kathryn and Sritanyaratana, Lalida},
 title = {Showing Face in Video Instruction: Effects on Information Retention, Visual Attention, and Affect},
 booktitle = {Proceedings of the SIGCHI Conference on Human Factors in Computing Systems},
 series = {CHI '14},
 year = {2014},
 isbn = {978-1-4503-2473-1},
 location = {Toronto, Ontario, Canada},
 pages = {2095--2102},
 numpages = {8},
 url = {http://doi.acm.org/10.1145/2556288.2557207},
 doi = {10.1145/2556288.2557207},
 acmid = {2557207},
 publisher = {ACM},
 address = {New York, NY, USA},
 keywords = {audiovisual instruction, eye-tracking, multimedia learning},
}

@inproceedings{Kizilcec:2014:SFV:2611528.2557207,
 author = {Kizilcec, Ren{\'e} F. and Papadopoulos, Kathryn and Sritanyaratana, Lalida},
 title = {Showing Face in Video Instruction: Effects on Information Retention, Visual Attention, and Affect},
 booktitle = {Proceedings of the 32Nd Annual ACM Conference on Human Factors in Computing Systems},
 series = {CHI '14},
 year = {2014},
 isbn = {978-1-4503-2473-1},
 location = {Toronto, Ontario, Canada},
 pages = {2095--2102},
 numpages = {8},
 url = {http://doi.acm.org/10.1145/2556288.2557207},
 doi = {10.1145/2556288.2557207},
 acmid = {2557207},
 publisher = {ACM},
 address = {New York, NY, USA},
 keywords = {audiovisual instruction, eye-tracking, multimedia learning},
}

@article{Garner:2004:UCR:1026487.1008115,
 author = {Garner, Stuart},
 title = {The Use of a Code Restructuring Tool in the Learning of Programming},
 journal = {SIGCSE Bull.},
 issue_date = {September 2004},
 volume = {36},
 number = {3},
 month = jun,
 year = {2004},
 issn = {0097-8418},
 pages = {277--277},
 numpages = {1},
 url = {http://doi.acm.org/10.1145/1026487.1008115},
 doi = {10.1145/1026487.1008115},
 acmid = {1008115},
 publisher = {ACM},
 address = {New York, NY, USA},
 keywords = {completion method, learning, programming},
}

@inproceedings{Garner:2004:UCR:1007996.1008115,
 author = {Garner, Stuart},
 title = {The Use of a Code Restructuring Tool in the Learning of Programming},
 booktitle = {Proceedings of the 9th Annual SIGCSE Conference on Innovation and Technology in Computer Science Education},
 series = {ITiCSE '04},
 year = {2004},
 isbn = {1-58113-836-9},
 location = {Leeds, United Kingdom},
 pages = {277--277},
 numpages = {1},
 url = {http://doi.acm.org/10.1145/1007996.1008115},
 doi = {10.1145/1007996.1008115},
 acmid = {1008115},
 publisher = {ACM},
 address = {New York, NY, USA},
 keywords = {completion method, learning, programming},
}

@inproceedings{Lee:2010:ICA:1822090.1822172,
 author = {Lee, Ming-Han and R\"{o}\ssling, Guido},
 title = {Integrating Categories of Algorithm Learning Objective into Algorithm Visualization Design: A Proposal},
 booktitle = {Proceedings of the Fifteenth Annual Conference on Innovation and Technology in Computer Science Education},
 series = {ITiCSE '10},
 year = {2010},
 isbn = {978-1-60558-820-9},
 location = {Bilkent, Ankara, Turkey},
 pages = {289--293},
 numpages = {5},
 url = {http://doi.acm.org/10.1145/1822090.1822172},
 doi = {10.1145/1822090.1822172},
 acmid = {1822172},
 publisher = {ACM},
 address = {New York, NY, USA},
 keywords = {AV design, CALO, algorithm visualization, computer science education, learning objective},
}

@inproceedings{Tirronen:2012:DEL:2401796.2401805,
 author = {Tirronen, Ville and Isom\"{o}tt\"{o}nen, Ville},
 title = {On the Design of Effective Learning Materials for Supporting Self-directed Learning of Programming},
 booktitle = {Proceedings of the 12th Koli Calling International Conference on Computing Education Research},
 series = {Koli Calling '12},
 year = {2012},
 isbn = {978-1-4503-1795-5},
 location = {Koli, Finland},
 pages = {74--82},
 numpages = {9},
 url = {http://doi.acm.org/10.1145/2401796.2401805},
 doi = {10.1145/2401796.2401805},
 acmid = {2401805},
 publisher = {ACM},
 address = {New York, NY, USA},
 keywords = {cognitive load theory, functional programming, programming education, self-direction},
}

@inproceedings{Seidel:2016:VAP:3011784.3011820,
 author = {Seidel, Niels},
 title = {Video Assessment Patterns: Designing Video Player for Integrated Assessment},
 booktitle = {Proceedings of the 21st European Conference on Pattern Languages of Programs},
 series = {EuroPlop '16},
 year = {2016},
 isbn = {978-1-4503-4074-8},
 location = {Kaufbeuren, Germany},
 pages = {32:1--32:20},
 articleno = {32},
 numpages = {20},
 url = {http://doi.acm.org/10.1145/3011784.3011820},
 doi = {10.1145/3011784.3011820},
 acmid = {3011820},
 publisher = {ACM},
 address = {New York, NY, USA},
 keywords = {e-assessment, hyper-video, interaction design patterns, interactive video, video assessment, video-based learning},
}

@inproceedings{Leinonen:2019:EAS:3287324.3287378,
 author = {Leinonen, Antti and Nygren, Henrik and Pirttinen, Nea and Hellas, Arto and Leinonen, Juho},
 title = {Exploring the Applicability of Simple Syntax Writing Practice for Learning Programming},
 booktitle = {Proceedings of the 50th ACM Technical Symposium on Computer Science Education},
 series = {SIGCSE '19},
 year = {2019},
 isbn = {978-1-4503-5890-3},
 location = {Minneapolis, MN, USA},
 pages = {84--90},
 numpages = {7},
 url = {http://doi.acm.org/10.1145/3287324.3287378},
 doi = {10.1145/3287324.3287378},
 acmid = {3287378},
 publisher = {ACM},
 address = {New York, NY, USA},
 keywords = {embedded tool, syntax practice, writing code},
}

@inproceedings{Morrison:2014:MCL:2632320.2632348,
 author = {Morrison, Briana B. and Dorn, Brian and Guzdial, Mark},
 title = {Measuring Cognitive Load in Introductory CS: Adaptation of an Instrument},
 booktitle = {Proceedings of the Tenth Annual Conference on International Computing Education Research},
 series = {ICER '14},
 year = {2014},
 isbn = {978-1-4503-2755-8},
 location = {Glasgow, Scotland, United Kingdom},
 pages = {131--138},
 numpages = {8},
 url = {http://doi.acm.org/10.1145/2632320.2632348},
 doi = {10.1145/2632320.2632348},
 acmid = {2632348},
 publisher = {ACM},
 address = {New York, NY, USA},
 keywords = {cognitive load theory, confirmatory factor analysis, measuring cognitive load, survey},
}

@article{Sorva:2013:RGP:2543488.2490822,
 author = {Sorva, Juha and Karavirta, Ville and Malmi, Lauri},
 title = {A Review of Generic Program Visualization Systems for Introductory Programming Education},
 journal = {Trans. Comput. Educ.},
 issue_date = {November 2013},
 volume = {13},
 number = {4},
 month = nov,
 year = {2013},
 issn = {1946-6226},
 pages = {15:1--15:64},
 articleno = {15},
 numpages = {64},
 url = {http://doi.acm.org/10.1145/2490822},
 doi = {10.1145/2490822},
 acmid = {2490822},
 publisher = {ACM},
 address = {New York, NY, USA},
 keywords = {CS1, Introductory programming education, engagement taxonomy, literature review, notional machine, program dynamics, program visualization, software visualization},
}

@inproceedings{Whitney:2019:COC:3287324.3287347,
 author = {Whitney, Michael and Dallas, Bryan},
 title = {Captioning Online Course Videos: An Investigation into Knowledge Retention and Student Perception},
 booktitle = {Proceedings of the 50th ACM Technical Symposium on Computer Science Education},
 series = {SIGCSE '19},
 year = {2019},
 isbn = {978-1-4503-5890-3},
 location = {Minneapolis, MN, USA},
 pages = {511--517},
 numpages = {7},
 url = {http://doi.acm.org/10.1145/3287324.3287347},
 doi = {10.1145/3287324.3287347},
 acmid = {3287347},
 publisher = {ACM},
 address = {New York, NY, USA},
 keywords = {captions, computing education, online instruction, subtitles},
}

@inproceedings{Mason:2012:WBJ:2483716.2483738,
 author = {Mason, Raina and Cooper, Graham},
 title = {Why the Bottom 10% Just Can'T Do It: Mental Effort Measures and Implication for Introductory Programming Courses},
 booktitle = {Proceedings of the Fourteenth Australasian Computing Education Conference - Volume 123},
 series = {ACE '12},
 year = {2012},
 isbn = {978-1-921770-04-3},
 location = {Melbourne, Australia},
 pages = {187--196},
 numpages = {10},
 url = {http://dl.acm.org/citation.cfm?id=2483716.2483738},
 acmid = {2483738},
 publisher = {Australian Computer Society, Inc.},
 address = {Darlinghurst, Australia, Australia},
 keywords = {Australian university courses, cognition, cognitive load, introductory programming, mental effort measures, pedagogy, programming success},
}

@inproceedings{Mason:2016:FAC:2960310.2960321,
 author = {Mason, Raina and Simon and Cooper, Graham and Wilks, Barry},
 title = {Flipping the Assessment of Cognitive Load: Why and How},
 booktitle = {Proceedings of the 2016 ACM Conference on International Computing Education Research},
 series = {ICER '16},
 year = {2016},
 isbn = {978-1-4503-4449-4},
 location = {Melbourne, VIC, Australia},
 pages = {43--52},
 numpages = {10},
 url = {http://doi.acm.org/10.1145/2960310.2960321},
 doi = {10.1145/2960310.2960321},
 acmid = {2960321},
 publisher = {ACM},
 address = {New York, NY, USA},
 keywords = {cognitive load theory, computing education, mobile apps, programming education},
}

@inproceedings{Sweller:2008:EBH:1404520.1404521,
 author = {Sweller, John},
 title = {Evolutionary Bases of Human Cognitive Architecture: Implications for Computing Education},
 booktitle = {Proceedings of the Fourth International Workshop on Computing Education Research},
 series = {ICER '08},
 year = {2008},
 isbn = {978-1-60558-216-0},
 location = {Sydney, Australia},
 pages = {1--2},
 numpages = {2},
 url = {http://doi.acm.org/10.1145/1404520.1404521},
 doi = {10.1145/1404520.1404521},
 acmid = {1404521},
 publisher = {ACM},
 address = {New York, NY, USA},
 keywords = {cognition, cognitive load theory, instruction},
}

@inproceedings{Nelson:2018:UTC:3230977.3230992,
 author = {Nelson, Greg L. and Ko, Andrew J.},
 title = {On Use of Theory in Computing Education Research},
 booktitle = {Proceedings of the 2018 ACM Conference on International Computing Education Research},
 series = {ICER '18},
 year = {2018},
 isbn = {978-1-4503-5628-2},
 location = {Espoo, Finland},
 pages = {31--39},
 numpages = {9},
 url = {http://doi.acm.org/10.1145/3230977.3230992},
 doi = {10.1145/3230977.3230992},
 acmid = {3230992},
 publisher = {ACM},
 address = {New York, NY, USA},
 keywords = {cognitive load theory, design, design science, domain-specific theory, peer review, publication bias, theory},
}

@inproceedings{Sharma:2014:UTM:2643572.2643584,
 author = {Sharma, Ankur and Hawkey, Kirstie},
 title = {Understanding the Tradeoffs of Mobile Device Output Modalities in Just-in-time Learning of Mechanical Tasks},
 booktitle = {Proceedings of the 2014 Mulitmedia, Interaction, Design and Innovation International Conference on Multimedia, Interaction, Design and Innovation},
 series = {MIDI '14},
 year = {2014},
 isbn = {978-1-4503-2779-4},
 location = {Warsaw, Poland},
 pages = {12:1--12:10},
 articleno = {12},
 numpages = {10},
 url = {http://doi.acm.org/10.1145/2643572.2643584},
 doi = {10.1145/2643572.2643584},
 acmid = {2643584},
 publisher = {ACM},
 address = {New York, NY, USA},
 keywords = {Multi-media-interface, cognitive load, just-in-time learning, mobile device},
}

@inproceedings{Bouki:2011:CTM:2038476.2038531,
 author = {Bouki, Vassiliki and Economou, Daphne and Angelopoulou, Anastassia},
 title = {Cognitive Theory of Multimedia Learning and Learning Videos Design: The Redundancy Principle},
 booktitle = {Proceedings of the 29th ACM International Conference on Design of Communication},
 series = {SIGDOC '11},
 year = {2011},
 isbn = {978-1-4503-0936-3},
 location = {Pisa, Italy},
 pages = {271--278},
 numpages = {8},
 url = {http://doi.acm.org/10.1145/2038476.2038531},
 doi = {10.1145/2038476.2038531},
 acmid = {2038531},
 publisher = {ACM},
 address = {New York, NY, USA},
 keywords = {learning videos design, multimedia learning theory, redundancy principle},
}

@inproceedings{Melo:2014:AMD:2643604.2643605,
 author = {Melo, M\'{a}rio and Miranda, Guilhermina Lobato},
 title = {Applying the 4C-ID Model to the Design of a Digital Educational Resource for Teaching Electric Circuits: Effects on Student Achievement},
 booktitle = {Proceedings of the 2014 Workshop on Interaction Design in Educational Environments},
 series = {IDEE '14},
 year = {2014},
 isbn = {978-1-4503-3034-3},
 location = {Albacete, Spain},
 pages = {8:8--8:14},
 articleno = {8},
 numpages = {7},
 url = {http://doi.acm.org/10.1145/2643604.2643605},
 doi = {10.1145/2643604.2643605},
 acmid = {2643605},
 publisher = {ACM},
 address = {New York, NY, USA},
 keywords = {4C-ID model, Digital educational resources, Electric circuits, Instructional design \& technology, Learning environments, Multimedia educational messages},
}

@inproceedings{Larmuseau:2019:MDU:3303772.3303778,
 author = {Larmuseau, Charlotte and Vanneste, Pieter and Desmet, Piet and Depaepe, Fien},
 title = {Multichannel Data for Understanding Cognitive Affordances During Complex Problem Solving},
 booktitle = {Proceedings of the 9th International Conference on Learning Analytics \& Knowledge},
 series = {LAK19},
 year = {2019},
 isbn = {978-1-4503-6256-6},
 location = {Tempe, AZ, USA},
 pages = {61--70},
 numpages = {10},
 url = {http://doi.acm.org/10.1145/3303772.3303778},
 doi = {10.1145/3303772.3303778},
 acmid = {3303778},
 publisher = {ACM},
 address = {New York, NY, USA},
 keywords = {Cognitive load, complex problem solving, online measurements, physiological data, strategy use, virtual learning environments},
}

@inproceedings{Ericson:2016:IDP:2960310.2960335,
 author = {Ericson, Barbara J. and Rogers, Kantwon and Parker, Miranda and Morrison, Briana and Guzdial, Mark},
 title = {Identifying Design Principles for CS Teacher Ebooks Through Design-Based Research},
 booktitle = {Proceedings of the 2016 ACM Conference on International Computing Education Research},
 series = {ICER '16},
 year = {2016},
 isbn = {978-1-4503-4449-4},
 location = {Melbourne, VIC, Australia},
 pages = {191--200},
 numpages = {10},
 url = {http://doi.acm.org/10.1145/2960310.2960335},
 doi = {10.1145/2960310.2960335},
 acmid = {2960335},
 publisher = {ACM},
 address = {New York, NY, USA},
 keywords = {design-based research, ebooks, electronic books, high school teacher professional development},
}

@article{Shin:2016:EMD:2954340.2914797,
 author = {Shin, Shin-Shing},
 title = {Evaluation of Model Driven Architecture-Based Instruction for Understanding Phase Transitions in Object-Oriented Analysis and Design},
 journal = {Trans. Comput. Educ.},
 issue_date = {October 2016},
 volume = {16},
 number = {4},
 month = aug,
 year = {2016},
 issn = {1946-6226},
 pages = {17:1--17:21},
 articleno = {17},
 numpages = {21},
 url = {http://doi.acm.org/10.1145/2914797},
 doi = {10.1145/2914797},
 acmid = {2914797},
 publisher = {ACM},
 address = {New York, NY, USA},
 keywords = {Cognitive load theory, model driven architecture, object-oriented analysis and design, phase transition, representation format, split-attention effect},
}

@inproceedings{Seehra:2014:CMM:2593968.2610454,
 author = {Seehra, Jasjeet Singh and Verma, Ansh and Ramani, Karthik},
 title = {ChiroBot: Modularrobotic Manipulation via Spatial Hand Gestures},
 booktitle = {Proceedings of the 2014 Conference on Interaction Design and Children},
 series = {IDC '14},
 year = {2014},
 isbn = {978-1-4503-2272-0},
 location = {Aarhus, Denmark},
 pages = {209--212},
 numpages = {4},
 url = {http://doi.acm.org/10.1145/2593968.2610454},
 doi = {10.1145/2593968.2610454},
 acmid = {2610454},
 publisher = {ACM},
 address = {New York, NY, USA},
 keywords = {constructionism, gestural interface, modular robot, mplayvalue},
}

@inproceedings{Ericson:2015:UUI:2818314.2818335,
 author = {Ericson, Barbara and Moore, Steven and Morrison, Briana and Guzdial, Mark},
 title = {Usability and Usage of Interactive Features in an Online Ebook for CS Teachers},
 booktitle = {Proceedings of the Workshop in Primary and Secondary Computing Education},
 series = {WiPSCE '15},
 year = {2015},
 isbn = {978-1-4503-3753-3},
 location = {London, United Kingdom},
 pages = {111--120},
 numpages = {10},
 url = {http://doi.acm.org/10.1145/2818314.2818335},
 doi = {10.1145/2818314.2818335},
 acmid = {2818335},
 publisher = {ACM},
 address = {New York, NY, USA},
 keywords = {Online education, computer science principles, high school teachers, professional development, secondary education},
}

@inproceedings{Oviatt:2007:EPI:1599600.1599708,
 author = {Oviatt, Sharon and Arthur, Alexander and Brock, Yaro and Cohen, Julia},
 title = {Expressive Pen-based Interfaces for Math Education},
 booktitle = {Proceedings of the 8th Iternational Conference on Computer Supported Collaborative Learning},
 series = {CSCL'07},
 year = {2007},
 isbn = {978-0-6151-5436-7},
 location = {New Brunswick, New Jersey, USA},
 pages = {573--582},
 numpages = {10},
 url = {http://dl.acm.org/citation.cfm?id=1599600.1599708},
 acmid = {1599708},
 publisher = {International Society of the Learning Sciences},
}

@inproceedings{Uchidiuno:2017:CES:3051457.3053981,
 author = {Uchidiuno, Judith and Hammer, Jessica and Yarzebinski, Evelyn and Koedinger, Kenneth R. and Ogan, Amy},
 title = {Characterizing ELL Students' Behavior During MOOC Videos Using Content Type},
 booktitle = {Proceedings of the Fourth (2017) ACM Conference on Learning @ Scale},
 series = {L@S '17},
 year = {2017},
 isbn = {978-1-4503-4450-0},
 location = {Cambridge, Massachusetts, USA},
 pages = {185--188},
 numpages = {4},
 url = {http://doi.acm.org/10.1145/3051457.3053981},
 doi = {10.1145/3051457.3053981},
 acmid = {3053981},
 publisher = {ACM},
 address = {New York, NY, USA},
 keywords = {ell student identification, english language learners, language support interventions, mooc behavioral analysis, moocs},
}

@inproceedings{Clarebout:2008:UIE:1599812.1599829,
 author = {Clarebout, Geraldine and Coens, Joke and Elen, Jan},
 title = {The Use of iPods in Education: A Cognitive Perspective},
 booktitle = {Proceedings of the 8th International Conference on International Conference for the Learning Sciences - Volume 1},
 series = {ICLS'08},
 year = {2008},
 location = {Utrecht, The Netherlands},
 pages = {153--158},
 numpages = {6},
 url = {http://dl.acm.org/citation.cfm?id=1599812.1599829},
 acmid = {1599829},
 publisher = {International Society of the Learning Sciences},
}

@inproceedings{Eilam:2008:IVC:1599812.1599836,
 author = {Eilam, Billie and Poyas, Yael},
 title = {Identifying Variables and Constructing Relations: Effects of Multiple Images and Texts Stimuli},
 booktitle = {Proceedings of the 8th International Conference on International Conference for the Learning Sciences - Volume 1},
 series = {ICLS'08},
 year = {2008},
 location = {Utrecht, The Netherlands},
 pages = {207--215},
 numpages = {9},
 url = {http://dl.acm.org/citation.cfm?id=1599812.1599836},
 acmid = {1599836},
 publisher = {International Society of the Learning Sciences},
}

@inproceedings{Ayres:2008:IIT:1599812.1599820,
 author = {Ayres, Paul and Youssef, Amina},
 title = {Investigating the Influence of Transitory Information and Motivation During Instructional Animations},
 booktitle = {Proceedings of the 8th International Conference on International Conference for the Learning Sciences - Volume 1},
 series = {ICLS'08},
 year = {2008},
 location = {Utrecht, The Netherlands},
 pages = {68--75},
 numpages = {8},
 url = {http://dl.acm.org/citation.cfm?id=1599812.1599820},
 acmid = {1599820},
 publisher = {International Society of the Learning Sciences},
}

@inproceedings{Teasley:2008:CCC:1599936.1600039,
 author = {Teasley, Stephanie D. and Fischer, Frank and Weinberger, Armin and Stegmann, Karsten and Dillenbourg, Pierre and Kapur, Manu and Chi, Michelene},
 title = {Cognitive Convergence in Collaborative Learning},
 booktitle = {Proceedings of the 8th International Conference on International Conference for the Learning Sciences - Volume 3},
 series = {ICLS'08},
 year = {2008},
 location = {Utrecht, The Netherlands},
 pages = {360--367},
 numpages = {8},
 url = {http://dl.acm.org/citation.cfm?id=1599936.1600039},
 acmid = {1600039},
 publisher = {International Society of the Learning Sciences},
}

