@inproceedings{Zipitria:2018:PCT:3289406.3289412,
 author = {Zipitr\'{\i}a, Sylvia da Rosa},
 title = {Piaget and Computational Thinking},
 booktitle = {Proceedings of the 7th Computer Science Education Research Conference},
 series = {CSERC '18},
 year = {2018},
 isbn = {978-1-4503-6624-3},
 location = {Saint Petersburg, Russian Federation},
 pages = {44--50},
 numpages = {7},
 url = {http://doi.acm.org/10.1145/3289406.3289412},
 doi = {10.1145/3289406.3289412},
 acmid = {3289412},
 publisher = {ACM},
 address = {New York, NY, USA},
 keywords = {Learning to program, Novice learners, Piaget's theory},
}

@inproceedings{Schmalfeldt:2018:IMC:3213818.3213840,
 author = {Schmalfeldt, Thomas},
 title = {The IDEA Model: A Conceptual Knowledge-Based Implementation of Making},
 booktitle = {Proceedings of the Conference on Creativity and Making in Education},
 series = {FabLearn Europe'18},
 year = {2018},
 isbn = {978-1-4503-5371-7},
 location = {Trondheim, Norway},
 pages = {110--111},
 numpages = {2},
 url = {http://doi.acm.org/10.1145/3213818.3213840},
 doi = {10.1145/3213818.3213840},
 acmid = {3213840},
 publisher = {ACM},
 address = {New York, NY, USA},
 keywords = {Constructionism, conceptual knowledge, operational method},
}

@inproceedings{Dowling:2003:RHT:857097.857108,
 author = {Dowling, Carolyn},
 title = {The Role of the Human Teacher in Learning Environments of the Future},
 booktitle = {Proceedings of the 3.1 and 3.3 Working Groups Conference on International Federation for Information Processing: ICT and the Teacher of the Future - Volume 23},
 series = {CRPIT '03},
 year = {2003},
 isbn = {1-920682-02-3},
 location = {Melbourne, Australia},
 pages = {37--38},
 numpages = {2},
 url = {http://dl.acm.org/citation.cfm?id=857097.857108},
 acmid = {857108},
 publisher = {Australian Computer Society, Inc.},
 address = {Darlinghurst, Australia, Australia},
 keywords = {agent software, learning environments, online learning, role of the teacher},
}

@inproceedings{Heimbuch:2014:SAC:2641580.2641607,
 author = {Heimbuch, Sven and Bodemer, Daniel},
 title = {Supporting Awareness of Content-related Controversies in a Wiki-based Learning Environment},
 booktitle = {Proceedings of The International Symposium on Open Collaboration},
 series = {OpenSym '14},
 year = {2014},
 isbn = {978-1-4503-3016-9},
 location = {Berlin, Germany},
 pages = {30:1--30:4},
 articleno = {30},
 numpages = {4},
 url = {http://doi.acm.org/10.1145/2641580.2641607},
 doi = {10.1145/2641580.2641607},
 acmid = {2641607},
 publisher = {ACM},
 address = {New York, NY, USA},
 keywords = {CSCL, Wikis, collaborative writing, knowledge construction},
}

@inproceedings{Meintjes:2016:IIT:2930674.2930685,
 author = {Meintjes, Roger and Schelhowe, Heidi},
 title = {Inclusive Interactives: The Transformative Potential of Making and Using Craft-Tech Social Objects Together in an After-School Centre},
 booktitle = {Proceedings of the The 15th International Conference on Interaction Design and Children},
 series = {IDC '16},
 year = {2016},
 isbn = {978-1-4503-4313-8},
 location = {Manchester, United Kingdom},
 pages = {89--100},
 numpages = {12},
 url = {http://doi.acm.org/10.1145/2930674.2930685},
 doi = {10.1145/2930674.2930685},
 acmid = {2930685},
 publisher = {ACM},
 address = {New York, NY, USA},
 keywords = {Construction kits, children, collaboration, computational crafts, development, interactive exhibits},
}

@inproceedings{Johnston:2012:YSO:2132176.2132262,
 author = {Johnston, Melissa P.},
 title = {Youth Searching Online: An Investigation of Gender Influence},
 booktitle = {Proceedings of the 2012 iConference},
 series = {iConference '12},
 year = {2012},
 isbn = {978-1-4503-0782-6},
 location = {Toronto, Ontario, Canada},
 pages = {494--497},
 numpages = {4},
 url = {http://doi.acm.org/10.1145/2132176.2132262},
 doi = {10.1145/2132176.2132262},
 acmid = {2132262},
 publisher = {ACM},
 address = {New York, NY, USA},
 keywords = {gender, school library, technology, youth information seeking},
}

@inproceedings{Seitinger:2009:DSC:1551788.1551810,
 author = {Seitinger, Susanne},
 title = {Designing for Spatial Competence},
 booktitle = {Proceedings of the 8th International Conference on Interaction Design and Children},
 series = {IDC '09},
 year = {2009},
 isbn = {978-1-60558-395-2},
 location = {Como, Italy},
 pages = {123--130},
 numpages = {8},
 url = {http://doi.acm.org/10.1145/1551788.1551810},
 doi = {10.1145/1551788.1551810},
 acmid = {1551810},
 publisher = {ACM},
 address = {New York, NY, USA},
 keywords = {design theory, exertion interfaces, physical play, spatial cognitive development},
}

@article{Faulkner:1999:IUI:384266.299791,
 author = {Faulkner, Xris and Culwin, Fintan},
 title = {Integration of Usability Issues Within Initial Software Development Education. (It's All About the User Dummy!)},
 journal = {SIGCSE Bull.},
 issue_date = {March 1999},
 volume = {31},
 number = {1},
 month = mar,
 year = {1999},
 issn = {0097-8418},
 pages = {296--300},
 numpages = {5},
 url = {http://doi.acm.org/10.1145/384266.299791},
 doi = {10.1145/384266.299791},
 acmid = {299791},
 publisher = {ACM},
 address = {New York, NY, USA},
 keywords = {computer science, curriculum, graphical user interface, human computer interaction, human computer systems, software development, texts},
}

@inproceedings{Faulkner:1999:IUI:299649.299791,
 author = {Faulkner, Xris and Culwin, Fintan},
 title = {Integration of Usability Issues Within Initial Software Development Education. (It's All About the User Dummy!)},
 booktitle = {The Proceedings of the Thirtieth SIGCSE Technical Symposium on Computer Science Education},
 series = {SIGCSE '99},
 year = {1999},
 isbn = {1-58113-085-6},
 location = {New Orleans, Louisiana, USA},
 pages = {296--300},
 numpages = {5},
 url = {http://doi.acm.org/10.1145/299649.299791},
 doi = {10.1145/299649.299791},
 acmid = {299791},
 publisher = {ACM},
 address = {New York, NY, USA},
 keywords = {computer science, curriculum, graphical user interface, human computer interaction, human computer systems, software development, texts},
}

@inproceedings{Spyropoulou:2013:ECE:2491845.2491882,
 author = {Spyropoulou, Maria and Ntourou, Dimitra and Simaki, Vasiliki and Malagkoniari, Dionysia and Koumpouri, Athanasia and Sorra, Maria},
 title = {Evaluating the Correspondence of Educational Software to Learning Theories},
 booktitle = {Proceedings of the 17th Panhellenic Conference on Informatics},
 series = {PCI '13},
 year = {2013},
 isbn = {978-1-4503-1969-0},
 location = {Thessaloniki, Greece},
 pages = {250--257},
 numpages = {8},
 url = {http://doi.acm.org/10.1145/2491845.2491882},
 doi = {10.1145/2491845.2491882},
 acmid = {2491882},
 publisher = {ACM},
 address = {New York, NY, USA},
 keywords = {behaviorism, cognitivism, constructivism, educational software, educational websites, evaluation, instructional design, learning theories, online learning},
}

@inproceedings{Petri:2015:PGJ:2786567.2801610,
 author = {Petri, Anja and Schindler, Christian and Slany, Wolfgang and Spieler, Bernadette and Smith, Jonathan},
 title = {Pocket Game Jams: A Constructionist Approach at Schools},
 booktitle = {Proceedings of the 17th International Conference on Human-Computer Interaction with Mobile Devices and Services Adjunct},
 series = {MobileHCI '15},
 year = {2015},
 isbn = {978-1-4503-3653-6},
 location = {Copenhagen, Denmark},
 pages = {1207--1211},
 numpages = {5},
 url = {http://doi.acm.org/10.1145/2786567.2801610},
 doi = {10.1145/2786567.2801610},
 acmid = {2801610},
 publisher = {ACM},
 address = {New York, NY, USA},
 keywords = {Game Jam, Pocket Code, Pocket Game Jam, constructionism, constructivism, educational application, learning by doing},
}

@inproceedings{Fernandez:2019:VPI:3311927.3325338,
 author = {Fernandez, Kenneth and Go, Caitlin and He, Jiayu},
 title = {VisualNote: Physical Image Tagging for Building a Personal Visual Library},
 booktitle = {Proceedings of the 18th ACM International Conference on Interaction Design and Children},
 series = {IDC '19},
 year = {2019},
 isbn = {978-1-4503-6690-8},
 location = {Boise, ID, USA},
 pages = {652--655},
 numpages = {4},
 url = {http://doi.acm.org/10.1145/3311927.3325338},
 doi = {10.1145/3311927.3325338},
 acmid = {3325338},
 publisher = {ACM},
 address = {New York, NY, USA},
 keywords = {constructionism, manipulatives, sketchnotes, tangibles, universal design for learning, visual note-taking},
}

@inproceedings{Maksimenko:2019:RSD:3323771.3323822,
 author = {Maksimenko, Marianna N. and Mirzakhanyan, Ruzan E.},
 title = {The Role of Studying Discrete Mathematics in the Formation of the Logic of Thinking for Computer Science Students},
 booktitle = {Proceedings of the 2019 7th International Conference on Information and Education Technology},
 series = {ICIET 2019},
 year = {2019},
 isbn = {978-1-4503-6639-7},
 location = {Aizu-Wakamatsu, Japan},
 pages = {185--190},
 numpages = {6},
 url = {http://doi.acm.org/10.1145/3323771.3323822},
 doi = {10.1145/3323771.3323822},
 acmid = {3323822},
 publisher = {ACM},
 address = {New York, NY, USA},
 keywords = {Classical Logic, Development of Intelligence, Falsehood Logic, Logical Laws, Non-classical Logic, converse implication, converse non-implication, implication, non-implication, teaching Discrete Mathematics},
}

@inproceedings{Cai:2018:ICS:3183586.3183591,
 author = {Cai, Jianping},
 title = {Internet-based Collaborative Strategic Reading in College English Teaching},
 booktitle = {Proceedings of the 9th International Conference on E-Education, E-Business, E-Management and E-Learning},
 series = {IC4E '18},
 year = {2018},
 isbn = {978-1-4503-5485-1},
 location = {San Diego, California},
 pages = {11--14},
 numpages = {4},
 url = {http://doi.acm.org/10.1145/3183586.3183591},
 doi = {10.1145/3183586.3183591},
 acmid = {3183591},
 publisher = {ACM},
 address = {New York, NY, USA},
 keywords = {CSR, autonomous learning ability, internet},
}

@article{Dale:2006:MDT:1138403.1138432,
 author = {Dale, Nell B.},
 title = {Most Difficult Topics in CS1: Results of an Online Survey of Educators},
 journal = {SIGCSE Bull.},
 issue_date = {June 2006},
 volume = {38},
 number = {2},
 month = jun,
 year = {2006},
 issn = {0097-8418},
 pages = {49--53},
 numpages = {5},
 url = {http://doi.acm.org/10.1145/1138403.1138432},
 doi = {10.1145/1138403.1138432},
 acmid = {1138432},
 publisher = {ACM},
 address = {New York, NY, USA},
 keywords = {CS1 content, content analysis, survey results},
}

@inproceedings{Taxen:2003:TCG:965106.965110,
 author = {Tax{\'e}n, Gustav},
 title = {Teaching Computer Graphics Constructively},
 booktitle = {ACM SIGGRAPH 2003 Educators Program},
 series = {SIGGRAPH '03},
 year = {2003},
 location = {San Diego, California},
 pages = {1--4},
 numpages = {4},
 url = {http://doi.acm.org/10.1145/965106.965110},
 doi = {10.1145/965106.965110},
 acmid = {965110},
 publisher = {ACM},
 address = {New York, NY, USA},
 keywords = {computer graphics education, constructivism},
}

@inproceedings{Oliveira:2011:CAP:1999747.1999797,
 author = {Oliveira, Osvaldo Luiz and Monteiro, Ana Maria and Roman, Norton Trevisan},
 title = {From Concrete to Abstract?: Problem Domain in the Learning of Introductory Programming},
 booktitle = {Proceedings of the 16th Annual Joint Conference on Innovation and Technology in Computer Science Education},
 series = {ITiCSE '11},
 year = {2011},
 isbn = {978-1-4503-0697-3},
 location = {Darmstadt, Germany},
 pages = {173--177},
 numpages = {5},
 url = {http://doi.acm.org/10.1145/1999747.1999797},
 doi = {10.1145/1999747.1999797},
 acmid = {1999797},
 publisher = {ACM},
 address = {New York, NY, USA},
 keywords = {computer programming education, cs1, empirical research, introductory programming, languages},
}

@inproceedings{Izu:2017:ARP:3059009.3059036,
 author = {Izu, Cruz and Pope, Cheryl and Weerasinghe, Amali},
 title = {On the Ability to Reason About Program Behaviour: A Think-Aloud Study},
 booktitle = {Proceedings of the 2017 ACM Conference on Innovation and Technology in Computer Science Education},
 series = {ITiCSE '17},
 year = {2017},
 isbn = {978-1-4503-4704-4},
 location = {Bologna, Italy},
 pages = {305--310},
 numpages = {6},
 url = {http://doi.acm.org/10.1145/3059009.3059036},
 doi = {10.1145/3059009.3059036},
 acmid = {3059036},
 publisher = {ACM},
 address = {New York, NY, USA},
 keywords = {programming, reasoning, reversibility, state, think-aloud},
}

@inproceedings{DiBlas:2010:CDS:1810543.1810546,
 author = {Di Blas, Nicoletta and Paolini, Paolo and Sabiescu, Amalia},
 title = {Collective Digital Storytelling at School As a Whole-class Interaction},
 booktitle = {Proceedings of the 9th International Conference on Interaction Design and Children},
 series = {IDC '10},
 year = {2010},
 isbn = {978-1-60558-951-0},
 location = {Barcelona, Spain},
 pages = {11--19},
 numpages = {9},
 url = {http://doi.acm.org/10.1145/1810543.1810546},
 doi = {10.1145/1810543.1810546},
 acmid = {1810546},
 publisher = {ACM},
 address = {New York, NY, USA},
 keywords = {children, computer supported collaborative learning, digital storytelling, eLearning, educational applications},
}

@inproceedings{Chipman:2006:CST:1139073.1139081,
 author = {Chipman, Gene and Druin, Allison and Beer, Dianne and Fails, Jerry Alan and Guha, Mona Leigh and Simms, Sante},
 title = {A Case Study of Tangible Flags: A Collaborative Technology to Enhance Field Trips},
 booktitle = {Proceedings of the 2006 Conference on Interaction Design and Children},
 series = {IDC '06},
 year = {2006},
 location = {Tampere, Finland},
 pages = {1--8},
 numpages = {8},
 url = {http://doi.acm.org/10.1145/1139073.1139081},
 doi = {10.1145/1139073.1139081},
 acmid = {1139081},
 publisher = {ACM},
 address = {New York, NY, USA},
 keywords = {children, collaboration, cooperative inquiry, digital augmentation, mobile learning, tangible interfaces},
}

@inproceedings{Franco:2006:CGI:1179295.1179338,
 author = {Franco, Jorge Ferreira and da Cruz, Sandra Regina and de Deus Lopes, Roseli},
 title = {Computer Graphics, Interactive Technologies and Collaborative Learning Synergy Supporting Individuals' Skills Development},
 booktitle = {ACM SIGGRAPH 2006 Educators Program},
 series = {SIGGRAPH '06},
 year = {2006},
 isbn = {1-59593-364-6},
 location = {Boston, Massachusetts},
 articleno = {42},
 url = {http://doi.acm.org/10.1145/1179295.1179338},
 doi = {10.1145/1179295.1179338},
 acmid = {1179338},
 publisher = {ACM},
 address = {New York, NY, USA},
 keywords = {education, hypermedia, interactive graphics, literacy, social inclusion, virtual reality},
}

@inproceedings{Kay:2018:DMS:3279720.3279738,
 author = {Kay, Andrew and Wong, Shun Ha Sylvia},
 title = {Discovering Missing Stages in the Teaching of Algorithm Analysis: An APOS-based Study},
 booktitle = {Proceedings of the 18th Koli Calling International Conference on Computing Education Research},
 series = {Koli Calling '18},
 year = {2018},
 isbn = {978-1-4503-6535-2},
 location = {Koli, Finland},
 pages = {18:1--18:5},
 articleno = {18},
 numpages = {5},
 url = {http://doi.acm.org/10.1145/3279720.3279738},
 doi = {10.1145/3279720.3279738},
 acmid = {3279738},
 publisher = {ACM},
 address = {New York, NY, USA},
 keywords = {APOS theory, algorithm analysis, computing education},
}

@inproceedings{Turner:2010:PRC:1734263.1734379,
 author = {Turner, Scott and P{\'e}rez-Qui\~{n}ones, Manuel A. and Edwards, Stephen and Chase, Joseph},
 title = {Peer Review in CS2: Conceptual Learning},
 booktitle = {Proceedings of the 41st ACM Technical Symposium on Computer Science Education},
 series = {SIGCSE '10},
 year = {2010},
 isbn = {978-1-4503-0006-3},
 location = {Milwaukee, Wisconsin, USA},
 pages = {331--335},
 numpages = {5},
 url = {http://doi.acm.org/10.1145/1734263.1734379},
 doi = {10.1145/1734263.1734379},
 acmid = {1734379},
 publisher = {ACM},
 address = {New York, NY, USA},
 keywords = {cs education, learning, object-oriented concepts, peer review},
}

@inproceedings{Kumar:2013:SIC:2462476.2462507,
 author = {Kumar, Amruth N.},
 title = {A Study of the Influence of Code-tracing Problems on Code-writing Skills},
 booktitle = {Proceedings of the 18th ACM Conference on Innovation and Technology in Computer Science Education},
 series = {ITiCSE '13},
 year = {2013},
 isbn = {978-1-4503-2078-8},
 location = {Canterbury, England, UK},
 pages = {183--188},
 numpages = {6},
 url = {http://doi.acm.org/10.1145/2462476.2462507},
 doi = {10.1145/2462476.2462507},
 acmid = {2462507},
 publisher = {ACM},
 address = {New York, NY, USA},
 keywords = {code-reading, code-tracing, code-writing, problem-solving},
}

@inproceedings{Murphy:2012:AEP:2361276.2361299,
 author = {Murphy, Laurie and Fitzgerald, Sue and Lister, Raymond and McCauley, Ren{\'e}e},
 title = {Ability to 'Explain in Plain English' Linked to Proficiency in Computer-based Programming},
 booktitle = {Proceedings of the Ninth Annual International Conference on International Computing Education Research},
 series = {ICER '12},
 year = {2012},
 isbn = {978-1-4503-1604-0},
 location = {Auckland, New Zealand},
 pages = {111--118},
 numpages = {8},
 url = {http://doi.acm.org/10.1145/2361276.2361299},
 doi = {10.1145/2361276.2361299},
 acmid = {2361299},
 publisher = {ACM},
 address = {New York, NY, USA},
 keywords = {computer science education research, explain in plain english, mixed methods, novice programmers, qualitative research methods, solo},
}

@inproceedings{Kumar:2015:SCP:2729094.2742587,
 author = {Kumar, Amruth N.},
 title = {Solving Code-tracing Problems and Its Effect on Code-writing Skills Pertaining to Program Semantics},
 booktitle = {Proceedings of the 2015 ACM Conference on Innovation and Technology in Computer Science Education},
 series = {ITiCSE '15},
 year = {2015},
 isbn = {978-1-4503-3440-2},
 location = {Vilnius, Lithuania},
 pages = {314--319},
 numpages = {6},
 url = {http://doi.acm.org/10.1145/2729094.2742587},
 doi = {10.1145/2729094.2742587},
 acmid = {2742587},
 publisher = {ACM},
 address = {New York, NY, USA},
 keywords = {code-reading, code-tracing, code-writing, problem-solving},
}

@inproceedings{Teague:2014:PRW:2591708.2591712,
 author = {Teague, Donna and Lister, Raymond},
 title = {Programming: Reading, Writing and Reversing},
 booktitle = {Proceedings of the 2014 Conference on Innovation \&\#38; Technology in Computer Science Education},
 series = {ITiCSE '14},
 year = {2014},
 isbn = {978-1-4503-2833-3},
 location = {Uppsala, Sweden},
 pages = {285--290},
 numpages = {6},
 url = {http://doi.acm.org/10.1145/2591708.2591712},
 doi = {10.1145/2591708.2591712},
 acmid = {2591712},
 publisher = {ACM},
 address = {New York, NY, USA},
 keywords = {neo-piagetian theory, novice programmers, programming, reversibility, think aloud},
}

@inproceedings{East:2006:MTT:1151588.1151596,
 author = {East, J. Philip},
 title = {On Models of and for Teaching: Toward Theory-based Computing Education},
 booktitle = {Proceedings of the Second International Workshop on Computing Education Research},
 series = {ICER '06},
 year = {2006},
 isbn = {1-59593-494-4},
 location = {Canterbury, United Kingdom},
 pages = {41--50},
 numpages = {10},
 url = {http://doi.acm.org/10.1145/1151588.1151596},
 doi = {10.1145/1151588.1151596},
 acmid = {1151596},
 publisher = {ACM},
 address = {New York, NY, USA},
 keywords = {learning theory, pedagogical theory, theory of instruction, theory-based research, theory-based teaching},
}

@inproceedings{Antonitsch:2013:MAT:2532748.2532763,
 author = {Antonitsch, Peter K. and Gigacher, Cornelia and Hanisch, Liselotte and Sabitzer, Barbara},
 title = {A Media-reduced Approach Towards Informatics at Primary Level},
 booktitle = {Proceedings of the 8th Workshop in Primary and Secondary Computing Education},
 series = {WiPSE '13},
 year = {2013},
 isbn = {978-1-4503-2455-7},
 location = {Aarhus, Denmark},
 pages = {118--121},
 numpages = {4},
 url = {http://doi.acm.org/10.1145/2532748.2532763},
 doi = {10.1145/2532748.2532763},
 acmid = {2532763},
 publisher = {ACM},
 address = {New York, NY, USA},
 keywords = {computational thinking, planning, thinking},
}

@inproceedings{Zhao:2018:EEU:3284497.3284507,
 author = {Zhao, Lixinin and Hwang, Wu-Yuin and Shadiev, Rustam and Lin, Li-Kai and Shih, Timothy K. and Chen, Hong-Ren},
 title = {Exploring the Effects of Ubiquitous Geometry Learning in Real Situations},
 booktitle = {Proceedings of the 2Nd International Conference on Digital Technology in Education},
 series = {ICDTE 2018},
 year = {2018},
 isbn = {978-1-4503-6599-4},
 location = {Bangkok, Thailand},
 pages = {29--36},
 numpages = {8},
 url = {http://doi.acm.org/10.1145/3284497.3284507},
 doi = {10.1145/3284497.3284507},
 acmid = {3284507},
 publisher = {ACM},
 address = {New York, NY, USA},
 keywords = {Authentic context, Geometry measurement, Spatial estimation ability, Ubiquitous geometry learning},
}

@inproceedings{Shuyska:2008:TCP:1822258.1822273,
 author = {Shuyska, Jane Alexen and Davies, Chris},
 title = {ThinkSpace: The Collaborative Process of Designing New Technologies for the Classroom},
 booktitle = {Proceedings of the 4th International Symposium on Wikis},
 series = {WikiSym '08},
 year = {2008},
 isbn = {978-1-60558-128-6},
 location = {Porto, Portugal},
 pages = {11:1--11:8},
 articleno = {11},
 numpages = {8},
 url = {http://doi.acm.org/10.1145/1822258.1822273},
 doi = {10.1145/1822258.1822273},
 acmid = {1822273},
 publisher = {ACM},
 address = {New York, NY, USA},
 keywords = {collaborative knowledge building, concept mapping, design-based research, history, wiki},
}

@article{Turner:2008:MOD:1352322.1352169,
 author = {Turner, Scott A. and Quintana-Castillo, Ricardo and P{\'e}rez-Qui\~{n}ones, Manuel A. and Edwards, Stephen H.},
 title = {Misunderstandings About Object-oriented Design: Experiences Using Code Reviews},
 journal = {SIGCSE Bull.},
 issue_date = {March 2008},
 volume = {40},
 number = {1},
 month = mar,
 year = {2008},
 issn = {0097-8418},
 pages = {97--101},
 numpages = {5},
 url = {http://doi.acm.org/10.1145/1352322.1352169},
 doi = {10.1145/1352322.1352169},
 acmid = {1352169},
 publisher = {ACM},
 address = {New York, NY, USA},
 keywords = {code review, evaluation, object-oriented, reading code, student learning},
}

@inproceedings{Turner:2008:MOD:1352135.1352169,
 author = {Turner, Scott A. and Quintana-Castillo, Ricardo and P{\'e}rez-Qui\~{n}ones, Manuel A. and Edwards, Stephen H.},
 title = {Misunderstandings About Object-oriented Design: Experiences Using Code Reviews},
 booktitle = {Proceedings of the 39th SIGCSE Technical Symposium on Computer Science Education},
 series = {SIGCSE '08},
 year = {2008},
 isbn = {978-1-59593-799-5},
 location = {Portland, OR, USA},
 pages = {97--101},
 numpages = {5},
 url = {http://doi.acm.org/10.1145/1352135.1352169},
 doi = {10.1145/1352135.1352169},
 acmid = {1352169},
 publisher = {ACM},
 address = {New York, NY, USA},
 keywords = {code review, evaluation, object-oriented, reading code, student learning},
}

@inproceedings{Vivian:2014:ELC:2674683.2674695,
 author = {Vivian, Rebecca and Falkner, Katrina and Szabo, Claudia},
 title = {Can Everybody Learn to Code?: Computer Science Community Perceptions About Learning the Fundamentals of Programming},
 booktitle = {Proceedings of the 14th Koli Calling International Conference on Computing Education Research},
 series = {Koli Calling '14},
 year = {2014},
 isbn = {978-1-4503-3065-7},
 location = {Koli, Finland},
 pages = {41--50},
 numpages = {10},
 url = {http://doi.acm.org/10.1145/2674683.2674695},
 doi = {10.1145/2674683.2674695},
 acmid = {2674695},
 publisher = {ACM},
 address = {New York, NY, USA},
 keywords = {computer science education and learning, introductory programming, perceptions, university students},
}

@article{Kramer:2007:AKC:1232743.1232745,
 author = {Kramer, Jeff},
 title = {Is Abstraction the Key to Computing?},
 journal = {Commun. ACM},
 issue_date = {April 2007},
 volume = {50},
 number = {4},
 month = apr,
 year = {2007},
 issn = {0001-0782},
 pages = {36--42},
 numpages = {7},
 url = {http://doi.acm.org/10.1145/1232743.1232745},
 doi = {10.1145/1232743.1232745},
 acmid = {1232745},
 publisher = {ACM},
 address = {New York, NY, USA},
}

@inproceedings{Antle:2010:FDC:1935701.1935721,
 author = {Antle, Alissa N. and Bevans, Allen and Tanenbaum, Josh and Seaborn, Katie and Wang, Sijie},
 title = {Futura: Design for Collaborative Learning and Game Play on a Multi-touch Digital Tabletop},
 booktitle = {Proceedings of the Fifth International Conference on Tangible, Embedded, and Embodied Interaction},
 series = {TEI '11},
 year = {2011},
 isbn = {978-1-4503-0478-8},
 location = {Funchal, Portugal},
 pages = {93--100},
 numpages = {8},
 url = {http://doi.acm.org/10.1145/1935701.1935721},
 doi = {10.1145/1935701.1935721},
 acmid = {1935721},
 publisher = {ACM},
 address = {New York, NY, USA},
 keywords = {collaboration, design evaluation, design rationale, educational games, interactive surfaces, multi-touch interaction, simulation games, tabletop games},
}

@article{Yadin:2013:UUA:2432596.2432612,
 author = {Yadin, Aharon},
 title = {Using Unique Assignments for Reducing the Bimodal Grade Distribution},
 journal = {ACM Inroads},
 issue_date = {March 2013},
 volume = {4},
 number = {1},
 month = mar,
 year = {2013},
 issn = {2153-2184},
 pages = {38--42},
 numpages = {5},
 url = {http://doi.acm.org/10.1145/2432596.2432612},
 doi = {10.1145/2432596.2432612},
 acmid = {2432612},
 publisher = {ACM},
 address = {New York, NY, USA},
 keywords = {bimodal distribution, individual and unique assignments, learning habits},
}

@article{Armoni:2014:STK:2614512.2614521,
 author = {Armoni, Michal},
 title = {Spiral Thinking: K--12 Computer Science Education As Part of Holistic Computing Education},
 journal = {ACM Inroads},
 issue_date = {June 2014},
 volume = {5},
 number = {2},
 month = jun,
 year = {2014},
 issn = {2153-2184},
 pages = {31--33},
 numpages = {3},
 url = {http://doi.acm.org/10.1145/2614512.2614521},
 doi = {10.1145/2614512.2614521},
 acmid = {2614521},
 publisher = {ACM},
 address = {New York, NY, USA},
}

@article{Yadin:2011:RDR:2038876.2038894,
 author = {Yadin, Aharon},
 title = {Reducing the Dropout Rate in an Introductory Programming Course},
 journal = {ACM Inroads},
 issue_date = {December 2011},
 volume = {2},
 number = {4},
 month = dec,
 year = {2011},
 issn = {2153-2184},
 pages = {71--76},
 numpages = {6},
 url = {http://doi.acm.org/10.1145/2038876.2038894},
 doi = {10.1145/2038876.2038894},
 acmid = {2038894},
 publisher = {ACM},
 address = {New York, NY, USA},
 keywords = {introductory programming course, reducing dropout},
}

@inproceedings{Atherton:2017:SBB:3078072.3091992,
 author = {Atherton, Jack and Blikstein, Paulo},
 title = {Sonification Blocks: A Block-Based Programming Environment For Embodied Data Sonification},
 booktitle = {Proceedings of the 2017 Conference on Interaction Design and Children},
 series = {IDC '17},
 year = {2017},
 isbn = {978-1-4503-4921-5},
 location = {Stanford, California, USA},
 pages = {733--736},
 numpages = {4},
 url = {http://doi.acm.org/10.1145/3078072.3091992},
 doi = {10.1145/3078072.3091992},
 acmid = {3091992},
 publisher = {ACM},
 address = {New York, NY, USA},
 keywords = {computer science education, constructionism, embodied cognition, music, sonification},
}

@inproceedings{Marcu:2010:DEC:1734263.1734344,
 author = {Marcu, Gabriela and Kaufman, Samuel J. and Lee, Jaihee Kate and Black, Rebecca W. and Dourish, Paul and Hayes, Gillian R. and Richardson, Debra J.},
 title = {Design and Evaluation of a Computer Science and Engineering Course for Middle School Girls},
 booktitle = {Proceedings of the 41st ACM Technical Symposium on Computer Science Education},
 series = {SIGCSE '10},
 year = {2010},
 isbn = {978-1-4503-0006-3},
 location = {Milwaukee, Wisconsin, USA},
 pages = {234--238},
 numpages = {5},
 url = {http://doi.acm.org/10.1145/1734263.1734344},
 doi = {10.1145/1734263.1734344},
 acmid = {1734344},
 publisher = {ACM},
 address = {New York, NY, USA},
 keywords = {computer science and engineering education, diversity in computing, gender issues, hands-on curriculum},
}

@inproceedings{Kurkovsky:2015:TSE:2729094.2742604,
 author = {Kurkovsky, Stan},
 title = {Teaching Software Engineering with LEGO Serious Play},
 booktitle = {Proceedings of the 2015 ACM Conference on Innovation and Technology in Computer Science Education},
 series = {ITiCSE '15},
 year = {2015},
 isbn = {978-1-4503-3440-2},
 location = {Vilnius, Lithuania},
 pages = {213--218},
 numpages = {6},
 url = {http://doi.acm.org/10.1145/2729094.2742604},
 doi = {10.1145/2729094.2742604},
 acmid = {2742604},
 publisher = {ACM},
 address = {New York, NY, USA},
 keywords = {LEGO serious play, case studies, software engineering},
}

@inproceedings{Jenkins:2012:PII:2184512.2184547,
 author = {Jenkins, Janet T. and Jerkins, James A. and Stenger, Cynthia L.},
 title = {A Plan for Immediate Immersion of Computational Thinking into the High School Math Classroom Through a Partnership with the Alabama Math, Science, and Technology Initiative},
 booktitle = {Proceedings of the 50th Annual Southeast Regional Conference},
 series = {ACM-SE '12},
 year = {2012},
 isbn = {978-1-4503-1203-5},
 location = {Tuscaloosa, Alabama},
 pages = {148--152},
 numpages = {5},
 url = {http://doi.acm.org/10.1145/2184512.2184547},
 doi = {10.1145/2184512.2184547},
 acmid = {2184547},
 publisher = {ACM},
 address = {New York, NY, USA},
 keywords = {Python, abstraction, computational thinking},
}

@inproceedings{Teague:2016:CUI:2843043.2843064,
 author = {Teague, Donna and Fidge, Colin and Xu, Yue},
 title = {Combining Unsupervised and Invigilated Assessment of Introductory Programming},
 booktitle = {Proceedings of the Australasian Computer Science Week Multiconference},
 series = {ACSW '16},
 year = {2016},
 isbn = {978-1-4503-4042-7},
 location = {Canberra, Australia},
 pages = {9:1--9:10},
 articleno = {9},
 numpages = {10},
 url = {http://doi.acm.org/10.1145/2843043.2843064},
 doi = {10.1145/2843043.2843064},
 acmid = {2843064},
 publisher = {ACM},
 address = {New York, NY, USA},
 keywords = {assessment, introductory programming, neo-Piagetian theory, novice programmers},
}

@inproceedings{Sanchez-Ruiz:2008:FIT:1593105.1593112,
 author = {S\'{a}nchez-Ru\'{\i}z, Arturo J. and Jamba, Lisa A.},
 title = {FunFonts: Introducing 4th and 5th Graders to Programming Using Squeak},
 booktitle = {Proceedings of the 46th Annual Southeast Regional Conference on XX},
 series = {ACM-SE 46},
 year = {2008},
 isbn = {978-1-60558-105-7},
 location = {Auburn, Alabama},
 pages = {24--29},
 numpages = {6},
 url = {http://doi.acm.org/10.1145/1593105.1593112},
 doi = {10.1145/1593105.1593112},
 acmid = {1593112},
 publisher = {ACM},
 address = {New York, NY, USA},
 keywords = {computer programming in K-12, object-oriented programming, squeak},
}

@inproceedings{Yuen:2010:IMA:1734263.1734408,
 author = {Yuen, Timothy T. and Liu, Min},
 title = {How Interactive Multimedia Authoring Transforms Object-oriented Thinking},
 booktitle = {Proceedings of the 41st ACM Technical Symposium on Computer Science Education},
 series = {SIGCSE '10},
 year = {2010},
 isbn = {978-1-4503-0006-3},
 location = {Milwaukee, Wisconsin, USA},
 pages = {426--430},
 numpages = {5},
 url = {http://doi.acm.org/10.1145/1734263.1734408},
 doi = {10.1145/1734263.1734408},
 acmid = {1734408},
 publisher = {ACM},
 address = {New York, NY, USA},
 keywords = {adobe flash, computer science education, games, multimedia authoring, object-oriented programming},
}

@inproceedings{Spangsberg:2017:TPN:3141880.3143781,
 author = {Spangsberg, Thomas Hvid},
 title = {Teaching Programming to non-STEM Novices: A Didactical Study of Computational Thinking and non-STEM Computing Education},
 booktitle = {Proceedings of the 17th Koli Calling International Conference on Computing Education Research},
 series = {Koli Calling '17},
 year = {2017},
 isbn = {978-1-4503-5301-4},
 location = {Koli, Finland},
 pages = {201--202},
 numpages = {2},
 url = {http://doi.acm.org/10.1145/3141880.3143781},
 doi = {10.1145/3141880.3143781},
 acmid = {3143781},
 publisher = {ACM},
 address = {New York, NY, USA},
 keywords = {computational making, computational thinking, constructionism, non-STEM computing education},
}

@inproceedings{Hazzan:2006:TFS:1134285.1134396,
 author = {Hazzan, Orit and Dubinsky, Yael},
 title = {Teaching Framework for Software Development Methods},
 booktitle = {Proceedings of the 28th International Conference on Software Engineering},
 series = {ICSE '06},
 year = {2006},
 isbn = {1-59593-375-1},
 location = {Shanghai, China},
 pages = {703--706},
 numpages = {4},
 url = {http://doi.acm.org/10.1145/1134285.1134396},
 doi = {10.1145/1134285.1134396},
 acmid = {1134396},
 publisher = {ACM},
 address = {New York, NY, USA},
 keywords = {active learning, constructivism, learning, software development methods, software engineering, software engineering education, teaching},
}

@article{Lynch:2003:WCS:961290.961533,
 author = {Lynch, Kathy and Markham, Selby},
 title = {The Winds of Change: Students' Comfort Level in Different Learning Environments},
 journal = {SIGCSE Bull.},
 issue_date = {September 2003},
 volume = {35},
 number = {3},
 month = jun,
 year = {2003},
 issn = {0097-8418},
 pages = {70--73},
 numpages = {4},
 url = {http://doi.acm.org/10.1145/961290.961533},
 doi = {10.1145/961290.961533},
 acmid = {961533},
 publisher = {ACM},
 address = {New York, NY, USA},
 keywords = {learning environments, student satisfaction},
}

@inproceedings{Lynch:2003:WCS:961511.961533,
 author = {Lynch, Kathy and Markham, Selby},
 title = {The Winds of Change: Students' Comfort Level in Different Learning Environments},
 booktitle = {Proceedings of the 8th Annual Conference on Innovation and Technology in Computer Science Education},
 series = {ITiCSE '03},
 year = {2003},
 isbn = {1-58113-672-2},
 location = {Thessaloniki, Greece},
 pages = {70--73},
 numpages = {4},
 url = {http://doi.acm.org/10.1145/961511.961533},
 doi = {10.1145/961511.961533},
 acmid = {961533},
 publisher = {ACM},
 address = {New York, NY, USA},
 keywords = {learning environments, student satisfaction},
}

@inproceedings{Hoda:2014:TUW:2667490.2667509,
 author = {Hoda, Rashina and Andreae, Peter},
 title = {It's Not Them, It's Us! Why Computer Science Fails to Impress Many First Years},
 booktitle = {Proceedings of the Sixteenth Australasian Computing Education Conference - Volume 148},
 series = {ACE '14},
 year = {2014},
 isbn = {978-1-921770-31-9},
 location = {Auckland, New Zealand},
 pages = {159--162},
 numpages = {4},
 url = {http://dl.acm.org/citation.cfm?id=2667490.2667509},
 acmid = {2667509},
 publisher = {Australian Computer Society, Inc.},
 address = {Darlinghurst, Australia, Australia},
 keywords = {LEM theory, attrition and failure rates, computer science, first year course, software engineering},
}

@article{Fuller:2007:DCS:1345375.1345438,
 author = {Fuller, Ursula and Johnson, Colin G. and Ahoniemi, Tuukka and Cukierman, Diana and Hern\'{a}n-Losada, Isidoro and Jackova, Jana and Lahtinen, Essi and Lewis, Tracy L. and Thompson, Donna McGee and Riedesel, Charles and Thompson, Errol},
 title = {Developing a Computer Science-specific Learning Taxonomy},
 journal = {SIGCSE Bull.},
 issue_date = {December 2007},
 volume = {39},
 number = {4},
 month = dec,
 year = {2007},
 issn = {0097-8418},
 pages = {152--170},
 numpages = {19},
 url = {http://doi.acm.org/10.1145/1345375.1345438},
 doi = {10.1145/1345375.1345438},
 acmid = {1345438},
 publisher = {ACM},
 address = {New York, NY, USA},
 keywords = {assessment, benchmarking, computer science education, credit transfer, curricula, taxonomies of learning},
}

@inproceedings{Fuller:2007:DCS:1345443.1345438,
 author = {Fuller, Ursula and Johnson, Colin G. and Ahoniemi, Tuukka and Cukierman, Diana and Hern\'{a}n-Losada, Isidoro and Jackova, Jana and Lahtinen, Essi and Lewis, Tracy L. and Thompson, Donna McGee and Riedesel, Charles and Thompson, Errol},
 title = {Developing a Computer Science-specific Learning Taxonomy},
 booktitle = {Working Group Reports on ITiCSE on Innovation and Technology in Computer Science Education},
 series = {ITiCSE-WGR '07},
 year = {2007},
 location = {Dundee, Scotland},
 pages = {152--170},
 numpages = {19},
 url = {http://doi.acm.org/10.1145/1345443.1345438},
 doi = {10.1145/1345443.1345438},
 acmid = {1345438},
 publisher = {ACM},
 address = {New York, NY, USA},
 keywords = {assessment, benchmarking, computer science education, credit transfer, curricula, taxonomies of learning},
}

@inproceedings{Teague:2014:LTA:2667490.2667495,
 author = {Teague, Donna and Lister, Raymond},
 title = {Longitudinal Think Aloud Study of a Novice Programmer},
 booktitle = {Proceedings of the Sixteenth Australasian Computing Education Conference - Volume 148},
 series = {ACE '14},
 year = {2014},
 isbn = {978-1-921770-31-9},
 location = {Auckland, New Zealand},
 pages = {41--50},
 numpages = {10},
 url = {http://dl.acm.org/citation.cfm?id=2667490.2667495},
 acmid = {2667495},
 publisher = {Australian Computer Society, Inc.},
 address = {Darlinghurst, Australia, Australia},
 keywords = {neo-piagetian theory, programming, think aloud},
}

@inproceedings{Salehi:2012:PPL:2148131.2148186,
 author = {Salehi, Shima and Kim, Jain and Meltzer, Colin and Blikstein, Paulo},
 title = {Process Pad: A Low-cost Multi-touch Platform to Facilitate Multimodal Documentation of Complex Learning},
 booktitle = {Proceedings of the Sixth International Conference on Tangible, Embedded and Embodied Interaction},
 series = {TEI '12},
 year = {2012},
 isbn = {978-1-4503-1174-8},
 location = {Kingston, Ontario, Canada},
 pages = {257--262},
 numpages = {6},
 url = {http://doi.acm.org/10.1145/2148131.2148186},
 doi = {10.1145/2148131.2148186},
 acmid = {2148186},
 publisher = {ACM},
 address = {New York, NY, USA},
 keywords = {design rationale, scaffolding, self-explanation, tangible interaction embodied and embedded learning},
}

@inproceedings{Dagdilelis:2012:PTT:2481449.2481468,
 author = {Dagdilelis, Vassilios and Xinogalos, Stelios},
 title = {Preparing Teachers for Teaching Informatics: Theoretical Considerations and Practical Implications},
 booktitle = {Proceedings of the 7th Workshop in Primary and Secondary Computing Education},
 series = {WiPSCE '12},
 year = {2012},
 isbn = {978-1-4503-1787-0},
 location = {Hamburg, Germany},
 pages = {78--81},
 numpages = {4},
 url = {http://doi.acm.org/10.1145/2481449.2481468},
 doi = {10.1145/2481449.2481468},
 acmid = {2481468},
 publisher = {ACM},
 address = {New York, NY, USA},
 keywords = {secondary computing education, teacher's training},
}

@inproceedings{Dasgupta:2017:SCB:3025453.3025847,
 author = {Dasgupta, Sayamindu and Hill, Benjamin Mako},
 title = {Scratch Community Blocks: Supporting Children As Data Scientists},
 booktitle = {Proceedings of the 2017 CHI Conference on Human Factors in Computing Systems},
 series = {CHI '17},
 year = {2017},
 isbn = {978-1-4503-4655-9},
 location = {Denver, Colorado, USA},
 pages = {3620--3631},
 numpages = {12},
 url = {http://doi.acm.org/10.1145/3025453.3025847},
 doi = {10.1145/3025453.3025847},
 acmid = {3025847},
 publisher = {ACM},
 address = {New York, NY, USA},
 keywords = {block-based programming, computers and children, creativity support tools, data science, learning, social computing and social navigation},
}

@article{Harper:2006:ILT:1181901.1181918,
 author = {Harper, Steve},
 title = {Immersion Language Theory Meets CS},
 journal = {J. Comput. Sci. Coll.},
 issue_date = {December 2006},
 volume = {22},
 number = {2},
 month = dec,
 year = {2006},
 issn = {1937-4771},
 pages = {85--91},
 numpages = {7},
 url = {http://dl.acm.org/citation.cfm?id=1181901.1181918},
 acmid = {1181918},
 publisher = {Consortium for Computing Sciences in Colleges},
 address = {USA},
}

@article{El-Nasr:2006:LTG:1111293.1111301,
 author = {El-Nasr, Magy Seif and Smith, Brian K.},
 title = {Learning Through Game Modding},
 journal = {Comput. Entertain.},
 issue_date = {January 2006},
 volume = {4},
 number = {1},
 month = jan,
 year = {2006},
 issn = {1544-3574},
 articleno = {7},
 url = {http://doi.acm.org/10.1145/1111293.1111301},
 doi = {10.1145/1111293.1111301},
 acmid = {1111301},
 publisher = {ACM},
 address = {New York, NY, USA},
 keywords = {game engines and classrooms, games and education, learning and design},
}

@article{Martin:1999:AAI:382018.382028,
 author = {Martin, C. Dianne and Weltz, Elaine Yale},
 title = {From Awareness to Action: Integrating Ethics and Social Responsibility into the Computer Science Curriculum},
 journal = {SIGCAS Comput. Soc.},
 issue_date = {June 1999},
 volume = {29},
 number = {2},
 month = jun,
 year = {1999},
 issn = {0095-2737},
 pages = {6--14},
 numpages = {9},
 url = {http://doi.acm.org/10.1145/382018.382028},
 doi = {10.1145/382018.382028},
 acmid = {382028},
 publisher = {ACM},
 address = {New York, NY, USA},
}

@article{Qualls:2011:CSU:1961574.1961590,
 author = {Qualls, Jake A. and Grant, Michael M. and Sherrell, Linda B.},
 title = {CS1 Students' Understanding of Computational Thinking Concepts},
 journal = {J. Comput. Sci. Coll.},
 issue_date = {May 2011},
 volume = {26},
 number = {5},
 month = may,
 year = {2011},
 issn = {1937-4771},
 pages = {62--71},
 numpages = {10},
 url = {http://dl.acm.org/citation.cfm?id=1961574.1961590},
 acmid = {1961590},
 publisher = {Consortium for Computing Sciences in Colleges},
 address = {USA},
}

@article{Guimaraes:2012:EVG:2038772.2038793,
 author = {Guimaraes, Mario A. M. and Said, Huwida and Austin, Richard},
 title = {Experience with Video Games for Security},
 journal = {J. Comput. Sci. Coll.},
 issue_date = {January 2012},
 volume = {27},
 number = {3},
 month = jan,
 year = {2012},
 issn = {1937-4771},
 pages = {95--104},
 numpages = {10},
 url = {http://dl.acm.org/citation.cfm?id=2038772.2038793},
 acmid = {2038793},
 publisher = {Consortium for Computing Sciences in Colleges},
 address = {USA},
 keywords = {SDLC, forensics, game engine, gamemaker, network, pedagogy, phishing, unity, video game},
}

@article{Yuen:2007:NKC:1345375.1345413,
 author = {Yuen, Timothy T.},
 title = {Novices' Knowledge Construction of Difficult Concepts in CS1},
 journal = {SIGCSE Bull.},
 issue_date = {December 2007},
 volume = {39},
 number = {4},
 month = dec,
 year = {2007},
 issn = {0097-8418},
 pages = {49--53},
 numpages = {5},
 url = {http://doi.acm.org/10.1145/1345375.1345413},
 doi = {10.1145/1345375.1345413},
 acmid = {1345413},
 publisher = {ACM},
 address = {New York, NY, USA},
 keywords = {CS1, clinical interviews, learning, problem-solving},
}

@inproceedings{Rich:2018:DKC:3230977.3230979,
 author = {Rich, Kathryn M. and Binkowski, T. Andrew and Strickland, Carla and Franklin, Diana},
 title = {Decomposition: A K-8 Computational Thinking Learning Trajectory},
 booktitle = {Proceedings of the 2018 ACM Conference on International Computing Education Research},
 series = {ICER '18},
 year = {2018},
 isbn = {978-1-4503-5628-2},
 location = {Espoo, Finland},
 pages = {124--132},
 numpages = {9},
 url = {http://doi.acm.org/10.1145/3230977.3230979},
 doi = {10.1145/3230977.3230979},
 acmid = {3230979},
 publisher = {ACM},
 address = {New York, NY, USA},
 keywords = {computational thinking, decomposition, k-8},
}

@inproceedings{Hautea:2017:YPC:3025453.3025823,
 author = {Hautea, Samantha and Dasgupta, Sayamindu and Hill, Benjamin Mako},
 title = {Youth Perspectives on Critical Data Literacies},
 booktitle = {Proceedings of the 2017 CHI Conference on Human Factors in Computing Systems},
 series = {CHI '17},
 year = {2017},
 isbn = {978-1-4503-4655-9},
 location = {Denver, Colorado, USA},
 pages = {919--930},
 numpages = {12},
 url = {http://doi.acm.org/10.1145/3025453.3025823},
 doi = {10.1145/3025453.3025823},
 acmid = {3025823},
 publisher = {ACM},
 address = {New York, NY, USA},
 keywords = {big data, critical data literacy, data literacy, data science, learning, youth},
}

@article{Barker:1983:PSI:952978.801037,
 author = {Barker, Ricky J. and Unger, E. A.},
 title = {A Predictor for Success in an Introductory Programming Class Based Upon Abstract Reasoning Development},
 journal = {SIGCSE Bull.},
 issue_date = {February 1983},
 volume = {15},
 number = {1},
 month = feb,
 year = {1983},
 issn = {0097-8418},
 pages = {154--158},
 numpages = {5},
 url = {http://doi.acm.org/10.1145/952978.801037},
 doi = {10.1145/952978.801037},
 acmid = {801037},
 publisher = {ACM},
 address = {New York, NY, USA},
}

@inproceedings{Barker:1983:PSI:800038.801037,
 author = {Barker, Ricky J. and Unger, E. A.},
 title = {A Predictor for Success in an Introductory Programming Class Based Upon Abstract Reasoning Development},
 booktitle = {Proceedings of the Fourteenth SIGCSE Technical Symposium on Computer Science Education},
 series = {SIGCSE '83},
 year = {1983},
 isbn = {0-89791-091-5},
 location = {Orlando, Florida, USA},
 pages = {154--158},
 numpages = {5},
 url = {http://doi.acm.org/10.1145/800038.801037},
 doi = {10.1145/800038.801037},
 acmid = {801037},
 publisher = {ACM},
 address = {New York, NY, USA},
}

@inproceedings{Hu:2011:CTM:1999747.1999811,
 author = {Hu, Chenglie},
 title = {Computational Thinking: What It Might Mean and What We Might Do About It},
 booktitle = {Proceedings of the 16th Annual Joint Conference on Innovation and Technology in Computer Science Education},
 series = {ITiCSE '11},
 year = {2011},
 isbn = {978-1-4503-0697-3},
 location = {Darmstadt, Germany},
 pages = {223--227},
 numpages = {5},
 url = {http://doi.acm.org/10.1145/1999747.1999811},
 doi = {10.1145/1999747.1999811},
 acmid = {1999811},
 publisher = {ACM},
 address = {New York, NY, USA},
 keywords = {computation, computational thinking, computing education, thinking model},
}

@inproceedings{Spalter:2006:GTT:1179295.1179337,
 author = {Spalter, Anne Morgan and Tenneson, Dana K.},
 title = {The Graphics Teaching Tool},
 booktitle = {ACM SIGGRAPH 2006 Educators Program},
 series = {SIGGRAPH '06},
 year = {2006},
 isbn = {1-59593-364-6},
 location = {Boston, Massachusetts},
 articleno = {41},
 url = {http://doi.acm.org/10.1145/1179295.1179337},
 doi = {10.1145/1179295.1179337},
 acmid = {1179337},
 publisher = {ACM},
 address = {New York, NY, USA},
 keywords = {IT literacy, Java, computer graphics, data representation, education, educational software, free software, visual literacy},
}

@inproceedings{Antle:2011:TUD:1999030.1999032,
 author = {Antle, Alissa N. and Wise, Alyssa F. and Nielsen, Kristine},
 title = {Towards Utopia: Designing Tangibles for Learning},
 booktitle = {Proceedings of the 10th International Conference on Interaction Design and Children},
 series = {IDC '11},
 year = {2011},
 isbn = {978-1-4503-0751-2},
 location = {Ann Arbor, Michigan},
 pages = {11--20},
 numpages = {10},
 url = {http://doi.acm.org/10.1145/1999030.1999032},
 doi = {10.1145/1999030.1999032},
 acmid = {1999032},
 publisher = {ACM},
 address = {New York, NY, USA},
 keywords = {children, design, learning, sustainability, sustainability education, tangible computing, tangible user interfaces},
}

@inproceedings{Bartoli:2013:EMT:2485760.2485774,
 author = {Bartoli, Laura and Corradi, Clara and Garzotto, Franca and Valoriani, Matteo},
 title = {Exploring Motion-based Touchless Games for Autistic Children's Learning},
 booktitle = {Proceedings of the 12th International Conference on Interaction Design and Children},
 series = {IDC '13},
 year = {2013},
 isbn = {978-1-4503-1918-8},
 location = {New York, New York, USA},
 pages = {102--111},
 numpages = {10},
 url = {http://doi.acm.org/10.1145/2485760.2485774},
 doi = {10.1145/2485760.2485774},
 acmid = {2485774},
 publisher = {ACM},
 address = {New York, NY, USA},
 keywords = {autistic children, learning, motion-based touchless interaction},
}

@inproceedings{Duncan:2014:YLC:2670757.2670774,
 author = {Duncan, Caitlin and Bell, Tim and Tanimoto, Steve},
 title = {Should Your 8-year-old Learn Coding?},
 booktitle = {Proceedings of the 9th Workshop in Primary and Secondary Computing Education},
 series = {WiPSCE '14},
 year = {2014},
 isbn = {978-1-4503-3250-7},
 location = {Berlin, Germany},
 pages = {60--69},
 numpages = {10},
 url = {http://doi.acm.org/10.1145/2670757.2670774},
 doi = {10.1145/2670757.2670774},
 acmid = {2670774},
 publisher = {ACM},
 address = {New York, NY, USA},
 keywords = {coding, programming, young students},
}

@inproceedings{Hill:2008:AAM:1370164.1370169,
 author = {Hill, Jonathan H. and Houle, Bernice J. and Merritt, Susan M. and Stix, Allen},
 title = {Applying Abstraction to Master Complexity},
 booktitle = {Proceedings of the 2Nd International Workshop on The Role of Abstraction in Software Engineering},
 series = {ROA '08},
 year = {2008},
 isbn = {978-1-60558-028-9},
 location = {Leipzig, Germany},
 pages = {15--21},
 numpages = {7},
 url = {http://doi.acm.org/10.1145/1370164.1370169},
 doi = {10.1145/1370164.1370169},
 acmid = {1370169},
 publisher = {ACM},
 address = {New York, NY, USA},
 keywords = {abstraction, cognition, computer science education, discipline, testing},
}

@inproceedings{Hayashi:2013:ADW:2577101.2577106,
 author = {Hayashi, Elaine C. S. and Baranauskas, M. Cec\'{\i}lia C.},
 title = {'Affectibility' and Design Workshops: Taking Actions Towards More Sensible Design},
 booktitle = {Proceedings of the 12th Brazilian Symposium on Human Factors in Computing Systems},
 series = {IHC '13},
 year = {2013},
 isbn = {978-85-7669-278-2},
 location = {Manaus, Brazil},
 pages = {3--12},
 numpages = {10},
 url = {http://dl.acm.org/citation.cfm?id=2577101.2577106},
 acmid = {2577106},
 publisher = {Brazilian Computer Society},
 address = {Porto Alegre, Brazil, Brazil},
 keywords = {OLPC, affect and emotions in design, affectibility, design for, learning technology, with and by children},
}

@inproceedings{Boom:2018:RCT:3197091.3197104,
 author = {Boom, Kay-Dennis and Bower, Matt and Arguel, Ama\"{e}l and Siemon, Jens and Scholkmann, Antonia},
 title = {Relationship Between Computational Thinking and a Measure of Intelligence As a General Problem-solving Ability},
 booktitle = {Proceedings of the 23rd Annual ACM Conference on Innovation and Technology in Computer Science Education},
 series = {ITiCSE 2018},
 year = {2018},
 isbn = {978-1-4503-5707-4},
 location = {Larnaca, Cyprus},
 pages = {206--211},
 numpages = {6},
 url = {http://doi.acm.org/10.1145/3197091.3197104},
 doi = {10.1145/3197091.3197104},
 acmid = {3197104},
 publisher = {ACM},
 address = {New York, NY, USA},
 keywords = {Bebras Challenge, Computational thinking, discriminate validity, non-verbal intelligence, problem-solving},
}

@inproceedings{Mannila:2014:CTK:2713609.2713610,
 author = {Mannila, Linda and Dagiene, Valentina and Demo, Barbara and Grgurina, Natasa and Mirolo, Claudio and Rolandsson, Lennart and Settle, Amber},
 title = {Computational Thinking in K-9 Education},
 booktitle = {Proceedings of the Working Group Reports of the 2014 on Innovation \&\#38; Technology in Computer Science Education Conference},
 series = {ITiCSE-WGR '14},
 year = {2014},
 isbn = {978-1-4503-3406-8},
 location = {Uppsala, Sweden},
 pages = {1--29},
 numpages = {29},
 url = {http://doi.acm.org/10.1145/2713609.2713610},
 doi = {10.1145/2713609.2713610},
 acmid = {2713610},
 publisher = {ACM},
 address = {New York, NY, USA},
}

@inproceedings{Stager:2002:CCA:820060.820080,
 author = {Stager, Gary S.},
 title = {Computationally-rich Constructionism and At-risk Learners},
 booktitle = {Proceedings of the Seventh World Conference on Computers in Education Conference on Computers in Education: Australian Topics - Volume 8},
 series = {CRPIT '02},
 year = {2002},
 isbn = {0-909925-86-0},
 location = {Copenhagen, Denmark},
 pages = {105--111},
 numpages = {7},
 url = {http://dl.acm.org/citation.cfm?id=820060.820080},
 acmid = {820080},
 publisher = {Australian Computer Society, Inc.},
 address = {Darlinghurst, Australia, Australia},
}

@inproceedings{Kurvinen:2012:CLP:2401796.2401801,
 author = {Kurvinen, Einari and Lind{\'e}n, Rolf and Rajala, Teemu and Kaila, Erkki and Laakso, Mikko-Jussi and Salakoski, Tapio},
 title = {Computer-assisted Learning in Primary School Mathematics Using ViLLE Education Tool},
 booktitle = {Proceedings of the 12th Koli Calling International Conference on Computing Education Research},
 series = {Koli Calling '12},
 year = {2012},
 isbn = {978-1-4503-1795-5},
 location = {Koli, Finland},
 pages = {39--46},
 numpages = {8},
 url = {http://doi.acm.org/10.1145/2401796.2401801},
 doi = {10.1145/2401796.2401801},
 acmid = {2401801},
 publisher = {ACM},
 address = {New York, NY, USA},
 keywords = {ICT in schools, collaborative learning, computer-assisted learning},
}

@article{Ayers:1988:UCE:382236.382864,
 author = {Ayers, Sharon Whitton and Bitter, Gary G.},
 title = {Using Computers to Enhance the Mathematics Classroom},
 journal = {SIGCUE Outlook},
 issue_date = {Sept. 1988},
 volume = {20},
 number = {1},
 month = sep,
 year = {1988},
 issn = {0163-5735},
 pages = {115--130},
 numpages = {16},
 url = {http://doi.acm.org/10.1145/382236.382864},
 doi = {10.1145/382236.382864},
 acmid = {382864},
 publisher = {ACM},
 address = {New York, NY, USA},
}

@inproceedings{Izu:2018:NPR:3159450.3159499,
 author = {Izu, Cruz and Mirolo, Claudio and Weerasinghe, Amali},
 title = {Novice Programmers' Reasoning About Reversing Conditional Statements},
 booktitle = {Proceedings of the 49th ACM Technical Symposium on Computer Science Education},
 series = {SIGCSE '18},
 year = {2018},
 isbn = {978-1-4503-5103-4},
 location = {Baltimore, Maryland, USA},
 pages = {646--651},
 numpages = {6},
 url = {http://doi.acm.org/10.1145/3159450.3159499},
 doi = {10.1145/3159450.3159499},
 acmid = {3159499},
 publisher = {ACM},
 address = {New York, NY, USA},
 keywords = {novice programmers, program comprehension, program state, reversibility, solo taxonomy},
}

@inproceedings{Hansen:2015:IDC:2771839.2771893,
 author = {Hansen, Alexandria K. and Dwyer, Hilary A. and Hill, Charlotte and Iveland, Ashley and Martinez, Timothy and Harlow, Danielle and Franklin, Diana},
 title = {Interactive Design by Children: A Construct Map for Programming},
 booktitle = {Proceedings of the 14th International Conference on Interaction Design and Children},
 series = {IDC '15},
 year = {2015},
 isbn = {978-1-4503-3590-4},
 location = {Boston, Massachusetts},
 pages = {267--270},
 numpages = {4},
 url = {http://doi.acm.org/10.1145/2771839.2771893},
 doi = {10.1145/2771839.2771893},
 acmid = {2771893},
 publisher = {ACM},
 address = {New York, NY, USA},
 keywords = {computer science education, design, elementary school, graphical programming, interactive, scratch},
}

@inproceedings{Mirolo:2019:ENP:3304221.3319746,
 author = {Mirolo, Claudio and Izu, Cruz},
 title = {An Exploration of Novice Programmers' Comprehension of Conditionals in Imperative and Functional Programming},
 booktitle = {Proceedings of the 2019 ACM Conference on Innovation and Technology in Computer Science Education},
 series = {ITiCSE '19},
 year = {2019},
 isbn = {978-1-4503-6301-3},
 location = {Aberdeen, Scotland Uk},
 pages = {436--442},
 numpages = {7},
 url = {http://doi.acm.org/10.1145/3304221.3319746},
 doi = {10.1145/3304221.3319746},
 acmid = {3319746},
 publisher = {ACM},
 address = {New York, NY, USA},
 keywords = {cs1, imperative vs. functional programming, program comprehension, reversibility, solo taxonomy},
}

@inproceedings{Silva:2013:PCC:2526968.2526988,
 author = {Silva, David and Tedre, Matti and Apiola, Mikko},
 title = {Pedagogy of 1:1 Computing in Colombia: A Case Study of Three Rural Schools},
 booktitle = {Proceedings of the 13th Koli Calling International Conference on Computing Education Research},
 series = {Koli Calling '13},
 year = {2013},
 isbn = {978-1-4503-2482-3},
 location = {Koli, Finland},
 pages = {179--187},
 numpages = {9},
 url = {http://doi.acm.org/10.1145/2526968.2526988},
 doi = {10.1145/2526968.2526988},
 acmid = {2526988},
 publisher = {ACM},
 address = {New York, NY, USA},
 keywords = {1:1 computing, ICT4D, OLPC, TEL, escuela nueva, pedagogy},
}

@inproceedings{Weintrop:2018:SSO:3230977.3230988,
 author = {Weintrop, David and Hansen, Alexandria K. and Harlow, Danielle B. and Franklin, Diana},
 title = {Starting from Scratch: Outcomes of Early Computer Science Learning Experiences and Implications for What Comes Next},
 booktitle = {Proceedings of the 2018 ACM Conference on International Computing Education Research},
 series = {ICER '18},
 year = {2018},
 isbn = {978-1-4503-5628-2},
 location = {Espoo, Finland},
 pages = {142--150},
 numpages = {9},
 url = {http://doi.acm.org/10.1145/3230977.3230988},
 doi = {10.1145/3230977.3230988},
 acmid = {3230988},
 publisher = {ACM},
 address = {New York, NY, USA},
 keywords = {block-based programming, elementary computer science education, introductory computing curricula, learning},
}

@inproceedings{Jones:2002:III:820060.820070,
 author = {Jones, Anthony J.},
 title = {Integration of ICT in an Initial Teacher Training Course: Participants' Views},
 booktitle = {Proceedings of the Seventh World Conference on Computers in Education Conference on Computers in Education: Australian Topics - Volume 8},
 series = {CRPIT '02},
 year = {2002},
 isbn = {0-909925-86-0},
 location = {Copenhagen, Denmark},
 pages = {49--54},
 numpages = {6},
 url = {http://dl.acm.org/citation.cfm?id=820060.820070},
 acmid = {820070},
 publisher = {Australian Computer Society, Inc.},
 address = {Darlinghurst, Australia, Australia},
}

@inproceedings{Gweon:2006:PSA:1124772.1124810,
 author = {Gweon, Gahgene and Rose, Carolyn and Carey, Regan and Zaiss, Zachary},
 title = {Providing Support for Adaptive Scripting in an On-line Collaborative Learning Environment},
 booktitle = {Proceedings of the SIGCHI Conference on Human Factors in Computing Systems},
 series = {CHI '06},
 year = {2006},
 isbn = {1-59593-372-7},
 location = {Montr\&\#233;al, Qu\&\#233;bec, Canada},
 pages = {251--260},
 numpages = {10},
 url = {http://doi.acm.org/10.1145/1124772.1124810},
 doi = {10.1145/1124772.1124810},
 acmid = {1124810},
 publisher = {ACM},
 address = {New York, NY, USA},
 keywords = {adaptive support, collaborative learning, computer mediated communication},
}

@inproceedings{Tseng:2010:MID:1935701.1935757,
 author = {Tseng, Tiffany and Bryant, Coram and Blikstein, Paulo},
 title = {Mechanix: An Interactive Display for Exploring Engineering Design Through a Tangible Interface},
 booktitle = {Proceedings of the Fifth International Conference on Tangible, Embedded, and Embodied Interaction},
 series = {TEI '11},
 year = {2011},
 isbn = {978-1-4503-0478-8},
 location = {Funchal, Portugal},
 pages = {265--266},
 numpages = {2},
 url = {http://doi.acm.org/10.1145/1935701.1935757},
 doi = {10.1145/1935701.1935757},
 acmid = {1935757},
 publisher = {ACM},
 address = {New York, NY, USA},
 keywords = {constructionism, simple machines, tangible interfaces},
}

@inproceedings{Ghosh:2018:SLE:3176349.3176386,
 author = {Ghosh, Souvick and Rath, Manasa and Shah, Chirag},
 title = {Searching As Learning: Exploring Search Behavior and Learning Outcomes in Learning-related Tasks},
 booktitle = {Proceedings of the 2018 Conference on Human Information Interaction \& Retrieval},
 series = {CHIIR '18},
 year = {2018},
 isbn = {978-1-4503-4925-3},
 location = {New Brunswick, NJ, USA},
 pages = {22--31},
 numpages = {10},
 url = {http://doi.acm.org/10.1145/3176349.3176386},
 doi = {10.1145/3176349.3176386},
 acmid = {3176386},
 publisher = {ACM},
 address = {New York, NY, USA},
 keywords = {bloom's taxonomy, human information behavior, learning outcomes, learning theories, searching as learning},
}

@inproceedings{Kennedy:2015:PSL:2723576.2723593,
 author = {Kennedy, Gregor and Coffrin, Carleton and de Barba, Paula and Corrin, Linda},
 title = {Predicting Success: How Learners' Prior Knowledge, Skills and Activities Predict MOOC Performance},
 booktitle = {Proceedings of the Fifth International Conference on Learning Analytics And Knowledge},
 series = {LAK '15},
 year = {2015},
 isbn = {978-1-4503-3417-4},
 location = {Poughkeepsie, New York},
 pages = {136--140},
 numpages = {5},
 url = {http://doi.acm.org/10.1145/2723576.2723593},
 doi = {10.1145/2723576.2723593},
 acmid = {2723593},
 publisher = {ACM},
 address = {New York, NY, USA},
 keywords = {MOOCs, engagement, learning analytics, prior knowledge},
}

@inproceedings{Ericson:2017:SPP:3141880.3141895,
 author = {Ericson, Barbara J. and Margulieux, Lauren E. and Rick, Jochen},
 title = {Solving Parsons Problems Versus Fixing and Writing Code},
 booktitle = {Proceedings of the 17th Koli Calling International Conference on Computing Education Research},
 series = {Koli Calling '17},
 year = {2017},
 isbn = {978-1-4503-5301-4},
 location = {Koli, Finland},
 pages = {20--29},
 numpages = {10},
 url = {http://doi.acm.org/10.1145/3141880.3141895},
 doi = {10.1145/3141880.3141895},
 acmid = {3141895},
 publisher = {ACM},
 address = {New York, NY, USA},
 keywords = {assessment, code-competition problems, cognitive load, parsons problems, parsons programming puzzles},
}

@article{Kurkovsky:2015:TSE:2753024.2753029,
 author = {Kurkovsky, Stan},
 title = {Teaching Software Engineering with Lego Serious Play: Conference Workshop},
 journal = {J. Comput. Sci. Coll.},
 issue_date = {June 2015},
 volume = {30},
 number = {6},
 month = jun,
 year = {2015},
 issn = {1937-4771},
 pages = {13--15},
 numpages = {3},
 url = {http://dl.acm.org/citation.cfm?id=2753024.2753029},
 acmid = {2753029},
 publisher = {Consortium for Computing Sciences in Colleges},
 address = {USA},
}

@article{Hoadley:2005:UTT:1067699.1067705,
 author = {Hoadley, Christopher M. and Kilner, Peter G.},
 title = {Using Technology to Transform Communities of Practice into Knowledge-building Communities},
 journal = {SIGGROUP Bull.},
 issue_date = {January 2005},
 volume = {25},
 number = {1},
 month = jan,
 year = {2005},
 issn = {2372-7403},
 pages = {31--40},
 numpages = {10},
 url = {http://doi.acm.org/10.1145/1067699.1067705},
 doi = {10.1145/1067699.1067705},
 acmid = {1067705},
 publisher = {ACM},
 address = {New York, NY, USA},
 keywords = {CILTKN, CompanyCommand, community of practice, context, conversation, design, distributed cognition, knowledge building, learning, online community, social networks},
}

@inproceedings{Jiang:2019:HEC:3311927.3325345,
 author = {Jiang, Rundong and Gupta, Vishesh},
 title = {Harmonious: Expressive Confidence Through Explorative Construction of Chord Progressions},
 booktitle = {Proceedings of the 18th ACM International Conference on Interaction Design and Children},
 series = {IDC '19},
 year = {2019},
 isbn = {978-1-4503-6690-8},
 location = {Boise, ID, USA},
 pages = {656--659},
 numpages = {4},
 url = {http://doi.acm.org/10.1145/3311927.3325345},
 doi = {10.1145/3311927.3325345},
 acmid = {3325345},
 publisher = {ACM},
 address = {New York, NY, USA},
 keywords = {constructionist music education, tangible interfaces},
}

@article{Fishberg:2015:NRA:2752628.2752648,
 author = {Fishberg, Andrew J. and Posner, Samuel A.},
 title = {Neo-piagetian Reasoning and Abstraction: Introducing Low-level Programming to Novice Students},
 journal = {J. Comput. Sci. Coll.},
 issue_date = {April 2015},
 volume = {30},
 number = {4},
 month = apr,
 year = {2015},
 issn = {1937-4771},
 pages = {92--99},
 numpages = {8},
 url = {http://dl.acm.org/citation.cfm?id=2752628.2752648},
 acmid = {2752648},
 publisher = {Consortium for Computing Sciences in Colleges},
 address = {USA},
}

@inproceedings{Luxton-Reilly:2018:DAD:3174781.3174784,
 author = {Luxton-Reilly, Andrew and Becker, Brett A. and Cao, Yingjun and McDermott, Roger and Mirolo, Claudio and M\"{u}hling, Andreas and Petersen, Andrew and Sanders, Kate and Simon and Whalley, Jacqueline},
 title = {Developing Assessments to Determine Mastery of Programming Fundamentals},
 booktitle = {Proceedings of the 2017 ITiCSE Conference on Working Group Reports},
 series = {ITiCSE-WGR '17},
 year = {2017},
 isbn = {978-1-4503-5627-5},
 location = {Bologna, Italy},
 pages = {47--69},
 numpages = {23},
 url = {http://doi.acm.org/10.1145/3174781.3174784},
 doi = {10.1145/3174781.3174784},
 acmid = {3174784},
 publisher = {ACM},
 address = {New York, NY, USA},
 keywords = {assessment, compound assessment, concept inventory, cs1, exam, introductory programming, iticse working group, learning, learning objectives, learning outcomes, mastery, novice programming, questions},
}

@inproceedings{Lister:2011:CON:2459936.2459938,
 author = {Lister, Raymond},
 title = {Concrete and Other neo-Piagetian Forms of Reasoning in the Novice Programmer},
 booktitle = {Proceedings of the Thirteenth Australasian Computing Education Conference - Volume 114},
 series = {ACE '11},
 year = {2011},
 isbn = {978-1-920682-94-1},
 location = {Perth, Australia},
 pages = {9--18},
 numpages = {10},
 url = {http://dl.acm.org/citation.cfm?id=2459936.2459938},
 acmid = {2459938},
 publisher = {Australian Computer Society, Inc.},
 address = {Darlinghurst, Australia, Australia},
 keywords = {neo-Piagetian, novice programmer},
}

@article{Maia:2005:CFO:1151954.1067505,
 author = {Maia, Luiz Paulo and Machado, Francis Berenger and Pacheco,Jr., Ageu C.},
 title = {A Constructivist Framework for Operating Systems Education: A Pedagogic Proposal Using the SOsim},
 journal = {SIGCSE Bull.},
 issue_date = {September 2005},
 volume = {37},
 number = {3},
 month = jun,
 year = {2005},
 issn = {0097-8418},
 pages = {218--222},
 numpages = {5},
 url = {http://doi.acm.org/10.1145/1151954.1067505},
 doi = {10.1145/1151954.1067505},
 acmid = {1067505},
 publisher = {ACM},
 address = {New York, NY, USA},
 keywords = {computer science education, graphics, operating systems, pedagogy, simulation, visualization},
}

@inproceedings{Maia:2005:CFO:1067445.1067505,
 author = {Maia, Luiz Paulo and Machado, Francis Berenger and Pacheco,Jr., Ageu C.},
 title = {A Constructivist Framework for Operating Systems Education: A Pedagogic Proposal Using the SOsim},
 booktitle = {Proceedings of the 10th Annual SIGCSE Conference on Innovation and Technology in Computer Science Education},
 series = {ITiCSE '05},
 year = {2005},
 isbn = {1-59593-024-8},
 location = {Caparica, Portugal},
 pages = {218--222},
 numpages = {5},
 url = {http://doi.acm.org/10.1145/1067445.1067505},
 doi = {10.1145/1067445.1067505},
 acmid = {1067505},
 publisher = {ACM},
 address = {New York, NY, USA},
 keywords = {computer science education, graphics, operating systems, pedagogy, simulation, visualization},
}

@article{Berger:1988:MIL:382236.382856,
 author = {Berger, Carl F. and Carlson, Elizabeth A.},
 title = {A Model for Incorporating Learning Theories into Preservice Computer Training},
 journal = {SIGCUE Outlook},
 issue_date = {Sept. 1988},
 volume = {20},
 number = {1},
 month = sep,
 year = {1988},
 issn = {0163-5735},
 pages = {32--46},
 numpages = {15},
 url = {http://doi.acm.org/10.1145/382236.382856},
 doi = {10.1145/382236.382856},
 acmid = {382856},
 publisher = {ACM},
 address = {New York, NY, USA},
}

@inproceedings{Agrawal:2013:CTI:2525194.2525211,
 author = {Agrawal, Mehul and Jain, Minal and Luthra, Vikas and Thariyan, Ashok and Sorathia, Keyur},
 title = {ChemicAble: Tangible Interaction Approach for Learning Chemical Bonding},
 booktitle = {Proceedings of the 11th Asia Pacific Conference on Computer Human Interaction},
 series = {APCHI '13},
 year = {2013},
 isbn = {978-1-4503-2253-9},
 location = {Bangalore, India},
 pages = {416--421},
 numpages = {6},
 url = {http://doi.acm.org/10.1145/2525194.2525211},
 doi = {10.1145/2525194.2525211},
 acmid = {2525211},
 publisher = {ACM},
 address = {New York, NY, USA},
 keywords = {Chemical Bonding, Education, Tabletop Interaction, Tangible User Interface},
}

@inproceedings{Murray:2004:CEV:979968.979995,
 author = {Murray, Iain and Armstrong, Helen},
 title = {A Computing Education Vision for the Sight Impaired},
 booktitle = {Proceedings of the Sixth Australasian Conference on Computing Education - Volume 30},
 series = {ACE '04},
 year = {2004},
 location = {Dunedin, New Zealand},
 pages = {201--206},
 numpages = {6},
 url = {http://dl.acm.org/citation.cfm?id=979968.979995},
 acmid = {979995},
 publisher = {Australian Computer Society, Inc.},
 address = {Darlinghurst, Australia, Australia},
 keywords = {blind, computing, multimodal learning, sight impaired, teaching IT, vision},
}

@inproceedings{Gibson:2005:SEM:1089786.1089795,
 author = {Gibson, J. Paul and O'Kelly, Jackie},
 title = {Software Engineering As a Model of Understanding for Learning and Problem Solving},
 booktitle = {Proceedings of the First International Workshop on Computing Education Research},
 series = {ICER '05},
 year = {2005},
 isbn = {1-59593-043-4},
 location = {Seattle, WA, USA},
 pages = {87--97},
 numpages = {11},
 url = {http://doi.acm.org/10.1145/1089786.1089795},
 doi = {10.1145/1089786.1089795},
 acmid = {1089795},
 publisher = {ACM},
 address = {New York, NY, USA},
 keywords = {computing education research},
}

@inproceedings{Chiprianov:2016:ICT:2899415.2899439,
 author = {Chiprianov, Vanea and Gallon, Laurent},
 title = {Introducing Computational Thinking to K-5 in a French Context},
 booktitle = {Proceedings of the 2016 ACM Conference on Innovation and Technology in Computer Science Education},
 series = {ITiCSE '16},
 year = {2016},
 isbn = {978-1-4503-4231-5},
 location = {Arequipa, Peru},
 pages = {112--117},
 numpages = {6},
 url = {http://doi.acm.org/10.1145/2899415.2899439},
 doi = {10.1145/2899415.2899439},
 acmid = {2899439},
 publisher = {ACM},
 address = {New York, NY, USA},
 keywords = {community of practice, computer science education, curriculum, elementary school, teacher training},
}

@inproceedings{Soundarajan:2015:CCS:2819009.2819060,
 author = {Soundarajan, Neelam and Joshi, Swaroop and Ramnath, Rajiv},
 title = {Collaborative and Cooperative-learning in Software Engineering Courses},
 booktitle = {Proceedings of the 37th International Conference on Software Engineering - Volume 2},
 series = {ICSE '15},
 year = {2015},
 location = {Florence, Italy},
 pages = {319--322},
 numpages = {4},
 url = {http://dl.acm.org/citation.cfm?id=2819009.2819060},
 acmid = {2819060},
 publisher = {IEEE Press},
 address = {Piscataway, NJ, USA},
}

@inproceedings{Tutty:2005:EWT:1082424.1082445,
 author = {Tutty, Jodi and White, Barbara and Pascoe, Robert},
 title = {Experiences from a Wireless-enabled Tablet Classroom},
 booktitle = {Proceedings of the 7th Australasian Conference on Computing Education - Volume 42},
 series = {ACE '05},
 year = {2005},
 isbn = {1-920682-24-4},
 location = {Newcastle, New South Wales, Australia},
 pages = {165--172},
 numpages = {8},
 url = {http://dl.acm.org/citation.cfm?id=1082424.1082445},
 acmid = {1082445},
 publisher = {Australian Computer Society, Inc.},
 address = {Darlinghurst, Australia, Australia},
}

@article{Werth:1986:PSP:953055.5701,
 author = {Werth, Laurie Honour},
 title = {Predicting Student Performance in a Beginning Computer Science Class},
 journal = {SIGCSE Bull.},
 issue_date = {February 1986},
 volume = {18},
 number = {1},
 month = feb,
 year = {1986},
 issn = {0097-8418},
 pages = {138--143},
 numpages = {6},
 url = {http://doi.acm.org/10.1145/953055.5701},
 doi = {10.1145/953055.5701},
 acmid = {5701},
 publisher = {ACM},
 address = {New York, NY, USA},
}

@inproceedings{Werth:1986:PSP:5600.5701,
 author = {Werth, Laurie Honour},
 title = {Predicting Student Performance in a Beginning Computer Science Class},
 booktitle = {Proceedings of the Seventeenth SIGCSE Technical Symposium on Computer Science Education},
 series = {SIGCSE '86},
 year = {1986},
 isbn = {0-89791-178-4},
 location = {Cincinnati, Ohio, USA},
 pages = {138--143},
 numpages = {6},
 url = {http://doi.acm.org/10.1145/5600.5701},
 doi = {10.1145/5600.5701},
 acmid = {5701},
 publisher = {ACM},
 address = {New York, NY, USA},
}

@inproceedings{Uludag:2011:IIS:2047594.2047645,
 author = {Uludag, Suleyman and Karakus, Murat and Turner, Stephen W.},
 title = {Implementing IT0/CS0 with Scratch, App Inventor Forandroid, and Lego Mindstorms},
 booktitle = {Proceedings of the 2011 Conference on Information Technology Education},
 series = {SIGITE '11},
 year = {2011},
 isbn = {978-1-4503-1017-8},
 location = {West Point, New York, USA},
 pages = {183--190},
 numpages = {8},
 url = {http://doi.acm.org/10.1145/2047594.2047645},
 doi = {10.1145/2047594.2047645},
 acmid = {2047645},
 publisher = {ACM},
 address = {New York, NY, USA},
 keywords = {CS education, CS0, IT education, IT0, computer science for non-majors, information literacy, introductory programming, novice programming environments},
}

@inproceedings{Dittert:2014:TCO:2639189.2639202,
 author = {Dittert, Nadine},
 title = {TechSportiv: Constructing Objects-to-think-with for Physical Education},
 booktitle = {Proceedings of the 8th Nordic Conference on Human-Computer Interaction: Fun, Fast, Foundational},
 series = {NordiCHI '14},
 year = {2014},
 isbn = {978-1-4503-2542-4},
 location = {Helsinki, Finland},
 pages = {569--577},
 numpages = {9},
 url = {http://doi.acm.org/10.1145/2639189.2639202},
 doi = {10.1145/2639189.2639202},
 acmid = {2639202},
 publisher = {ACM},
 address = {New York, NY, USA},
 keywords = {children, construction kits, constructionism, constructivism, education, physical education, sports},
}

@inproceedings{Weintrop:2015:UCA:2787622.2787721,
 author = {Weintrop, David and Wilensky, Uri},
 title = {Using Commutative Assessments to Compare Conceptual Understanding in Blocks-based and Text-based Programs},
 booktitle = {Proceedings of the Eleventh Annual International Conference on International Computing Education Research},
 series = {ICER '15},
 year = {2015},
 isbn = {978-1-4503-3630-7},
 location = {Omaha, Nebraska, USA},
 pages = {101--110},
 numpages = {10},
 url = {http://doi.acm.org/10.1145/2787622.2787721},
 doi = {10.1145/2787622.2787721},
 acmid = {2787721},
 publisher = {ACM},
 address = {New York, NY, USA},
 keywords = {assessment, blocks-based programming, high school computer science education, introductory programming environments},
}

@inproceedings{Worsley:2013:TDM:2460296.2460315,
 author = {Worsley, Marcelo and Blikstein, Paulo},
 title = {Towards the Development of Multimodal Action Based Assessment},
 booktitle = {Proceedings of the Third International Conference on Learning Analytics and Knowledge},
 series = {LAK '13},
 year = {2013},
 isbn = {978-1-4503-1785-6},
 location = {Leuven, Belgium},
 pages = {94--101},
 numpages = {8},
 url = {http://doi.acm.org/10.1145/2460296.2460315},
 doi = {10.1145/2460296.2460315},
 acmid = {2460315},
 publisher = {ACM},
 address = {New York, NY, USA},
}

@inproceedings{Druga:2019:IAL:3311890.3311904,
 author = {Druga, Stefania and Vu, Sarah T. and Likhith, Eesh and Qiu, Tammy},
 title = {Inclusive AI Literacy for Kids Around the World},
 booktitle = {Proceedings of FabLearn 2019},
 series = {FL2019},
 year = {2019},
 isbn = {978-1-4503-6244-3},
 location = {New York, NY, USA},
 pages = {104--111},
 numpages = {8},
 url = {http://doi.acm.org/10.1145/3311890.3311904},
 doi = {10.1145/3311890.3311904},
 acmid = {3311904},
 publisher = {ACM},
 address = {New York, NY, USA},
 keywords = {AI literacy, Child-Agent Interaction, Inclusive education},
}

@inproceedings{Herman:2008:PIE:1404520.1404527,
 author = {Herman, Geoffrey L. and Kaczmarczyk, Lisa and Loui, Michael C. and Zilles, Craig},
 title = {Proof by Incomplete Enumeration and Other Logical Misconceptions},
 booktitle = {Proceedings of the Fourth International Workshop on Computing Education Research},
 series = {ICER '08},
 year = {2008},
 isbn = {978-1-60558-216-0},
 location = {Sydney, Australia},
 pages = {59--70},
 numpages = {12},
 url = {http://doi.acm.org/10.1145/1404520.1404527},
 doi = {10.1145/1404520.1404527},
 acmid = {1404527},
 publisher = {ACM},
 address = {New York, NY, USA},
 keywords = {concept inventory, digital logic, discrete math, formal logic, misconceptions},
}

@inproceedings{Bennedssen:2008:AAI:1404520.1404523,
 author = {Bennedssen, Jens and Caspersen, Michael E.},
 title = {Abstraction Ability As an Indicator of Success for Learning Computing Science?},
 booktitle = {Proceedings of the Fourth International Workshop on Computing Education Research},
 series = {ICER '08},
 year = {2008},
 isbn = {978-1-60558-216-0},
 location = {Sydney, Australia},
 pages = {15--26},
 numpages = {12},
 url = {http://doi.acm.org/10.1145/1404520.1404523},
 doi = {10.1145/1404520.1404523},
 acmid = {1404523},
 publisher = {ACM},
 address = {New York, NY, USA},
 keywords = {CS, abstraction, computer science, indicator, learning, success},
}

@article{Williams:1998:HEC:310307.310321,
 author = {Williams, Marian G. and Sears, Andrew},
 title = {HCI Education and CHI 98},
 journal = {SIGCHI Bull.},
 issue_date = {Oct. 1998},
 volume = {30},
 number = {4},
 month = oct,
 year = {1998},
 issn = {0736-6906},
 pages = {9--15},
 numpages = {7},
 url = {http://doi.acm.org/10.1145/310307.310321},
 doi = {10.1145/310307.310321},
 acmid = {310321},
 publisher = {ACM},
 address = {New York, NY, USA},
}

@inproceedings{Adams:1996:IMP:237466.237646,
 author = {Adams, Elizabeth S. and Carswell, Linda and Kumar, Amruth and Meyer, Jeanine and Ellis, Ainslie and Hall, Patrick and Motil, John},
 title = {Interactive Multimedia Pedagogies: Report of the Working Group on Interactive Multimedia Pedagogy},
 booktitle = {Proceedings of the 1st Conference on Integrating Technology into Computer Science Education},
 series = {ITiCSE '96},
 year = {1996},
 isbn = {0-89791-844-4},
 location = {Barcelona, Spain},
 pages = {182--191},
 numpages = {10},
 url = {http://doi.acm.org/10.1145/237466.237646},
 doi = {10.1145/237466.237646},
 acmid = {237646},
 publisher = {ACM},
 address = {New York, NY, USA},
}

@article{Adams:1996:IMP:1013718.237646,
 author = {Adams, Elizabeth S. and Carswell, Linda and Kumar, Amruth and Meyer, Jeanine and Ellis, Ainslie and Hall, Patrick and Motil, John},
 title = {Interactive Multimedia Pedagogies: Report of the Working Group on Interactive Multimedia Pedagogy},
 journal = {SIGCUE Outlook},
 issue_date = {Jan.-July, 1996},
 volume = {24},
 number = {1-3},
 month = jan,
 year = {1996},
 issn = {0163-5735},
 pages = {182--191},
 numpages = {10},
 url = {http://doi.acm.org/10.1145/1013718.237646},
 doi = {10.1145/1013718.237646},
 acmid = {237646},
 publisher = {ACM},
 address = {New York, NY, USA},
}

@article{Adams:1996:IMP:237477.237646,
 author = {Adams, Elizabeth S. and Carswell, Linda and Kumar, Amruth and Meyer, Jeanine and Ellis, Ainslie and Hall, Patrick and Motil, John},
 title = {Interactive Multimedia Pedagogies: Report of the Working Group on Interactive Multimedia Pedagogy},
 journal = {SIGCSE Bull.},
 issue_date = {1996},
 volume = {28},
 number = {SI},
 month = jan,
 year = {1996},
 issn = {0097-8418},
 pages = {182--191},
 numpages = {10},
 url = {http://doi.acm.org/10.1145/237477.237646},
 doi = {10.1145/237477.237646},
 acmid = {237646},
 publisher = {ACM},
 address = {New York, NY, USA},
}

@inproceedings{Johnson:2016:MSE:2930674.2930691,
 author = {Johnson, Rose and Shum, Venus and Rogers, Yvonne and Marquardt, Nicolai},
 title = {Make or Shake: An Empirical Study of the Value of Making in Learning About Computing Technology},
 booktitle = {Proceedings of the The 15th International Conference on Interaction Design and Children},
 series = {IDC '16},
 year = {2016},
 isbn = {978-1-4503-4313-8},
 location = {Manchester, United Kingdom},
 pages = {440--451},
 numpages = {12},
 url = {http://doi.acm.org/10.1145/2930674.2930691},
 doi = {10.1145/2930674.2930691},
 acmid = {2930691},
 publisher = {ACM},
 address = {New York, NY, USA},
 keywords = {Active Learning, Electronics Kits, Learning, Making, Preparation for Future Learning},
}

@article{Herman:2012:DWS:2133797.2133800,
 author = {Herman, Geoffrey L. and Loui, Michael C. and Kaczmarczyk, Lisa and Zilles, Craig},
 title = {Describing the What and Why of Students\&Rsquo; Difficulties in Boolean Logic},
 journal = {Trans. Comput. Educ.},
 issue_date = {March 2012},
 volume = {12},
 number = {1},
 month = mar,
 year = {2012},
 issn = {1946-6226},
 pages = {3:1--3:28},
 articleno = {3},
 numpages = {28},
 url = {http://doi.acm.org/10.1145/2133797.2133800},
 doi = {10.1145/2133797.2133800},
 acmid = {2133800},
 publisher = {ACM},
 address = {New York, NY, USA},
 keywords = {Discrete math, concept inventory, digital logic, formal logic, misconceptions},
}

@inproceedings{Barendsen:2015:CKC:2858796.2858800,
 author = {Barendsen, Erik and Mannila, Linda and Demo, Barbara and Grgurina, Nata\v{s}a and Izu, Cruz and Mirolo, Claudio and Sentance, Sue and Settle, Amber and Stupurien\.{e}, Gabriel\.{e}},
 title = {Concepts in K-9 Computer Science Education},
 booktitle = {Proceedings of the 2015 ITiCSE on Working Group Reports},
 series = {ITICSE-WGR '15},
 year = {2015},
 isbn = {978-1-4503-4146-2},
 location = {Vilnius, Lithuania},
 pages = {85--116},
 numpages = {32},
 url = {http://doi.acm.org/10.1145/2858796.2858800},
 doi = {10.1145/2858796.2858800},
 acmid = {2858800},
 publisher = {ACM},
 address = {New York, NY, USA},
 keywords = {assessment, bebras, cs concepts, curricula, k-9 education, teachers},
}

@inproceedings{Sridhar:2017:TUP:3041164.3041191,
 author = {Sridhar, Priyashri Kamlesh and Nanayakkara, Suranga and Huber, Jochen},
 title = {Towards Understanding of Play with Augmented Toys},
 booktitle = {Proceedings of the 8th Augmented Human International Conference},
 series = {AH '17},
 year = {2017},
 isbn = {978-1-4503-4835-5},
 location = {Silicon Valley, California, USA},
 pages = {22:1--22:4},
 articleno = {22},
 numpages = {4},
 url = {http://doi.acm.org/10.1145/3041164.3041191},
 doi = {10.1145/3041164.3041191},
 acmid = {3041191},
 publisher = {ACM},
 address = {New York, NY, USA},
 keywords = {SparKubes, play, play pyramid, tangible interaction},
}

@inproceedings{Miller:2012:MTC:2148131.2148185,
 author = {Miller, Andrea and Rosenbaum, Claire and Blikstein, Paulo},
 title = {MagneTracks: A Tangible Constructionist Toolkit for Newtonian Physics},
 booktitle = {Proceedings of the Sixth International Conference on Tangible, Embedded and Embodied Interaction},
 series = {TEI '12},
 year = {2012},
 isbn = {978-1-4503-1174-8},
 location = {Kingston, Ontario, Canada},
 pages = {253--256},
 numpages = {4},
 url = {http://doi.acm.org/10.1145/2148131.2148185},
 doi = {10.1145/2148131.2148185},
 acmid = {2148185},
 publisher = {ACM},
 address = {New York, NY, USA},
 keywords = {cognitive load, constructionism, constructivism, design, dynamic tangible interaction, scaffolding, vertical interfaces},
}

@inproceedings{Aggarwal:2018:DAE:3159450.3159488,
 author = {Aggarwal, Ashish and Touretzky, David S. and Gardner-McCune, Christina},
 title = {Demonstrating the Ability of Elementary School Students to Reason About Programs},
 booktitle = {Proceedings of the 49th ACM Technical Symposium on Computer Science Education},
 series = {SIGCSE '18},
 year = {2018},
 isbn = {978-1-4503-5103-4},
 location = {Baltimore, Maryland, USA},
 pages = {735--740},
 numpages = {6},
 url = {http://doi.acm.org/10.1145/3159450.3159488},
 doi = {10.1145/3159450.3159488},
 acmid = {3159488},
 publisher = {ACM},
 address = {New York, NY, USA},
 keywords = {K-12 CS education, computational thinking, curriculum, mental simulation, reasoning ability},
}

@inproceedings{Tseng:2011:CTD:1999030.1999044,
 author = {Tseng, Tiffany and Bryant, Coram and Blikstein, Paulo},
 title = {Collaboration Through Documentation: Automated Capturing of Tangible Constructions to Support Engineering Design},
 booktitle = {Proceedings of the 10th International Conference on Interaction Design and Children},
 series = {IDC '11},
 year = {2011},
 isbn = {978-1-4503-0751-2},
 location = {Ann Arbor, Michigan},
 pages = {118--126},
 numpages = {9},
 url = {http://doi.acm.org/10.1145/1999030.1999044},
 doi = {10.1145/1999030.1999044},
 acmid = {1999044},
 publisher = {ACM},
 address = {New York, NY, USA},
 keywords = {constructionism, engineering design, example-based learning, tangible interfaces},
}

@article{Ames:2018:HCC:3290265.3274287,
 author = {Ames, Morgan G.},
 title = {Hackers, Computers, and Cooperation: A Critical History of Logo and Constructionist Learning},
 journal = {Proc. ACM Hum.-Comput. Interact.},
 issue_date = {November 2018},
 volume = {2},
 number = {CSCW},
 month = nov,
 year = {2018},
 issn = {2573-0142},
 pages = {18:1--18:19},
 articleno = {18},
 numpages = {19},
 url = {http://doi.acm.org/10.1145/3274287},
 doi = {10.1145/3274287},
 acmid = {3274287},
 publisher = {ACM},
 address = {New York, NY, USA},
 keywords = {ai, constructionism, education, fablabs, hackers, ideology, learning, logo, maker movement, media lab, mindstorms, mit, olpc, piaget, robotics, scaffolding, school, scratch, seymour papert, teachers},
}

@inproceedings{Kim:2016:ENS:2981324.2981335,
 author = {Kim, H. and Taele, P. and Seo, J. and Liew, J. and Hammond, T.},
 title = {EasySketch2: A Novel Sketch-based Interface for Improving Children's Fine Motor Skills and School Readiness},
 booktitle = {Proceedings of the Joint Symposium on Computational Aesthetics and Sketch Based Interfaces and Modeling and Non-Photorealistic Animation and Rendering},
 series = {Expresive '16},
 year = {2016},
 location = {Lisbon, Portugal},
 pages = {69--78},
 numpages = {10},
 url = {http://dl.acm.org/citation.cfm?id=2981324.2981335},
 acmid = {2981335},
 publisher = {Eurographics Association},
 address = {Aire-la-Ville, Switzerland, Switzerland},
}

@inproceedings{Niemela:2017:CTE:3141880.3141885,
 author = {Niemel\"{a}, Pia and Partanen, Tiina and Harsu, Maarit and Lepp\"{a}nen, Leo and Ihantola, Petri},
 title = {Computational Thinking As an Emergent Learning Trajectory of Mathematics},
 booktitle = {Proceedings of the 17th Koli Calling International Conference on Computing Education Research},
 series = {Koli Calling '17},
 year = {2017},
 isbn = {978-1-4503-5301-4},
 location = {Koli, Finland},
 pages = {70--79},
 numpages = {10},
 url = {http://doi.acm.org/10.1145/3141880.3141885},
 doi = {10.1145/3141880.3141885},
 acmid = {3141885},
 publisher = {ACM},
 address = {New York, NY, USA},
 keywords = {K-12 computer science curriculum, computational thinking, in-service teacher training, learning trajectory, math-integrated computing},
}

@inproceedings{Feldhausen:2018:ISS:3159450.3159593,
 author = {Feldhausen, Russell and Weese, Joshua Levi and Bean, Nathan H.},
 title = {Increasing Student Self-Efficacy in Computational Thinking via STEM Outreach Programs},
 booktitle = {Proceedings of the 49th ACM Technical Symposium on Computer Science Education},
 series = {SIGCSE '18},
 year = {2018},
 isbn = {978-1-4503-5103-4},
 location = {Baltimore, Maryland, USA},
 pages = {302--307},
 numpages = {6},
 url = {http://doi.acm.org/10.1145/3159450.3159593},
 doi = {10.1145/3159450.3159593},
 acmid = {3159593},
 publisher = {ACM},
 address = {New York, NY, USA},
 keywords = {K-12, STEM, middle school, outreach, pedagogy, self-efficacy},
}

@inproceedings{Boy:2013:SST:2501907.2501934,
 author = {Boy, Guy A.},
 title = {From STEM to STEAM: Toward a Human-centred Education, Creativity \&\#38; Learning Thinking},
 booktitle = {Proceedings of the 31st European Conference on Cognitive Ergonomics},
 series = {ECCE '13},
 year = {2013},
 isbn = {978-1-4503-2251-5},
 location = {Toulouse, France},
 pages = {3:1--3:7},
 articleno = {3},
 numpages = {7},
 url = {http://doi.acm.org/10.1145/2501907.2501934},
 doi = {10.1145/2501907.2501934},
 acmid = {2501934},
 publisher = {ACM},
 address = {New York, NY, USA},
 keywords = {complexity, connectivity, creativity, cross-disciplinary approach, education, human-centred design, learning thinking, orchestra model, understanding},
}

@article{Anthony:2014:DST:2656530.2656589,
 author = {Anthony, Lisa and Brown, Quincy and Tate, Berthel and Nias, Jaye and Brewer, Robin and Irwin, Germaine},
 title = {Designing Smarter Touch-based Interfaces for Educational Contexts},
 journal = {Personal Ubiquitous Comput.},
 issue_date = {August    2014},
 volume = {18},
 number = {6},
 month = aug,
 year = {2014},
 issn = {1617-4909},
 pages = {1471--1483},
 numpages = {13},
 url = {http://dx.doi.org/10.1007/s00779-013-0749-9},
 doi = {10.1007/s00779-013-0749-9},
 acmid = {2656589},
 publisher = {Springer-Verlag},
 address = {London, UK, UK},
 keywords = {\$N, \$P, Child---computer interaction, Educational technology, Gesture interaction, Gesture recognition, Mobile devices, Touch interaction},
}

@article{Bennedsen:2006:AAI:1138403.1138430,
 author = {Bennedsen, Jens and Caspersen, Michael E.},
 title = {Abstraction Ability As an Indicator of Success for Learning Object-oriented Programming?},
 journal = {SIGCSE Bull.},
 issue_date = {June 2006},
 volume = {38},
 number = {2},
 month = jun,
 year = {2006},
 issn = {0097-8418},
 pages = {39--43},
 numpages = {5},
 url = {http://doi.acm.org/10.1145/1138403.1138430},
 doi = {10.1145/1138403.1138430},
 acmid = {1138430},
 publisher = {ACM},
 address = {New York, NY, USA},
 keywords = {CS1, abstraction, model-based programming, objects-first, success factors},
}

@inproceedings{Cutts:2018:EDA:3174781.3174789,
 author = {Cutts, Quintin and Patitsas, Elizabeth and Cole, Elizabeth and Donaldson, Peter and Alshaigy, Bedour and Gutica, Mirela and Hellas, Arto and Larraza-Mendiluze, Edurne and McCartney, Robert and Riedesel, Charles},
 title = {Early Developmental Activities and Computing Proficiency},
 booktitle = {Proceedings of the 2017 ITiCSE Conference on Working Group Reports},
 series = {ITiCSE-WGR '17},
 year = {2017},
 isbn = {978-1-4503-5627-5},
 location = {Bologna, Italy},
 pages = {140--157},
 numpages = {18},
 url = {http://doi.acm.org/10.1145/3174781.3174789},
 doi = {10.1145/3174781.3174789},
 acmid = {3174789},
 publisher = {ACM},
 address = {New York, NY, USA},
 keywords = {early-years, pre-computational thinking, pre-requisite, primary, proficiency},
}

@article{Gestwicki:2016:IPA:2894200.2732157,
 author = {Gestwicki, Paul and McNely, Brian},
 title = {Interdisciplinary Projects in the Academic Studio},
 journal = {ACM Trans. Comput. Educ.},
 issue_date = {March 2016},
 volume = {16},
 number = {2},
 month = mar,
 year = {2016},
 issn = {1946-6226},
 pages = {8:1--8:24},
 articleno = {8},
 numpages = {24},
 url = {http://doi.acm.org/10.1145/2732157},
 doi = {10.1145/2732157},
 acmid = {2732157},
 publisher = {ACM},
 address = {New York, NY, USA},
 keywords = {Higher education, Scrum, computer science education, design-based research, interdisciplinary education, project-based learning, sociocultural cognition theory},
}

@inproceedings{Clark:2008:IAS:1599812.1599830,
 author = {Clark, Douglas B. and D'Angelo, Cynthia M. and Schleigh, Sharon and Menekse, Muhsin},
 title = {International Analysis of Students' Knowledge Structure Coherence},
 booktitle = {Proceedings of the 8th International Conference on International Conference for the Learning Sciences - Volume 1},
 series = {ICLS'08},
 year = {2008},
 location = {Utrecht, The Netherlands},
 pages = {159--166},
 numpages = {8},
 url = {http://dl.acm.org/citation.cfm?id=1599812.1599830},
 acmid = {1599830},
 publisher = {International Society of the Learning Sciences},
}

@article{Lubliner:2010:DDD:1710101.1710102,
 author = {Lubliner, David and Widmeyer, George and Deek, Fadi P.},
 title = {On the Design and Development of a Domain Based Integrated Knowledge Repository},
 journal = {SIGITERes. IT},
 issue_date = {January 2010},
 volume = {7},
 number = {1},
 month = jan,
 year = {2010},
 issn = {1944-0278},
 pages = {4--24},
 numpages = {21},
 url = {http://doi.acm.org/10.1145/1710101.1710102},
 doi = {10.1145/1710101.1710102},
 acmid = {1710102},
 publisher = {ACM},
 address = {New York, NY, USA},
 keywords = {concept learning, knowledge acquisition, semantic web},
}

@article{Gan:2018:GFL:3290265.3274323,
 author = {Gan, Emilia F. and Hill, Benjamin Mako and Dasgupta, Sayamindu},
 title = {Gender, Feedback, and Learners' Decisions to Share Their Creative Computing Projects},
 journal = {Proc. ACM Hum.-Comput. Interact.},
 issue_date = {November 2018},
 volume = {2},
 number = {CSCW},
 month = nov,
 year = {2018},
 issn = {2573-0142},
 pages = {54:1--54:23},
 articleno = {54},
 numpages = {23},
 url = {http://doi.acm.org/10.1145/3274323},
 doi = {10.1145/3274323},
 acmid = {3274323},
 publisher = {ACM},
 address = {New York, NY, USA},
 keywords = {broadening participation, computer mediated communication, creative learning, gender differences, online communities, scratch, social computing and social navigation, social learning},
}

@inproceedings{deOliveira:2008:EUS:1413634.1413655,
 author = {de Oliveira, Felipe Soares and Tavares, Tatiana Aires and Chagas, Andrew Anderson and Burlamaqui, Aquiles and Brennand, Edna Gusm\~{a}o and de Souza Filho, Guido Lemos},
 title = {Experiences from the Use of a Shared Multimedia Space for e-Learning in Brazil Primary Schools},
 booktitle = {Proceedings of the 3rd International Conference on Digital Interactive Media in Entertainment and Arts},
 series = {DIMEA '08},
 year = {2008},
 isbn = {978-1-60558-248-1},
 location = {Athens, Greece},
 pages = {91--98},
 numpages = {8},
 url = {http://doi.acm.org/10.1145/1413634.1413655},
 doi = {10.1145/1413634.1413655},
 acmid = {1413655},
 publisher = {ACM},
 address = {New York, NY, USA},
 keywords = {e-learning, multimedia, multimedia for education, shared virtual spaces},
}

@inproceedings{Hauswirth:2017:PSI:3141880.3141894,
 author = {Hauswirth, Matthias and Adamoli, Andrea and Azadmanesh, Mohammad Reza},
 title = {The Program is the System: Introduction to Programming Without Abstraction},
 booktitle = {Proceedings of the 17th Koli Calling International Conference on Computing Education Research},
 series = {Koli Calling '17},
 year = {2017},
 isbn = {978-1-4503-5301-4},
 location = {Koli, Finland},
 pages = {138--142},
 numpages = {5},
 url = {http://doi.acm.org/10.1145/3141880.3141894},
 doi = {10.1145/3141880.3141894},
 acmid = {3141894},
 publisher = {ACM},
 address = {New York, NY, USA},
 keywords = {abstraction, education, programming languages},
}

@inproceedings{Krishna:2019:TAR:3308532.3329412,
 author = {Krishna, Sooraj and Pelachaud, Catherine and Kappas, Arvid},
 title = {Towards an Adaptive Regulation Scaffolding Through Role-based Strategies},
 booktitle = {Proceedings of the 19th ACM International Conference on Intelligent Virtual Agents},
 series = {IVA '19},
 year = {2019},
 isbn = {978-1-4503-6672-4},
 location = {Paris, France},
 pages = {264--267},
 numpages = {4},
 url = {http://doi.acm.org/10.1145/3308532.3329412},
 doi = {10.1145/3308532.3329412},
 acmid = {3329412},
 publisher = {ACM},
 address = {New York, NY, USA},
 keywords = {adaptive scaffolding, child-agent interaction, collaborative learning, self regulated learning},
}

@inproceedings{Boone:2018:PEE:3202185.3210770,
 author = {Boone, Amanda and Rivera, Eileen and Wolf, Jacob},
 title = {Patchwork: An Expressive e-Textile Construction Kit},
 booktitle = {Proceedings of the 17th ACM Conference on Interaction Design and Children},
 series = {IDC '18},
 year = {2018},
 isbn = {978-1-4503-5152-2},
 location = {Trondheim, Norway},
 pages = {529--532},
 numpages = {4},
 url = {http://doi.acm.org/10.1145/3202185.3210770},
 doi = {10.1145/3202185.3210770},
 acmid = {3210770},
 publisher = {ACM},
 address = {New York, NY, USA},
 keywords = {construction kit, constructionism, e-textiles, identity development},
}

@inproceedings{Boden:2011:DTE:2071536.2071543,
 author = {Bod{\'e}n, Marie and Dekker, Andrew and Viller, Stephen},
 title = {Discovery Table Exploring the Design of Tangible and Ubiquitous Technology for Learning in Preparatory Classrooms},
 booktitle = {Proceedings of the 23rd Australian Computer-Human Interaction Conference},
 series = {OzCHI '11},
 year = {2011},
 isbn = {978-1-4503-1090-1},
 location = {Canberra, Australia},
 pages = {54--57},
 numpages = {4},
 url = {http://doi.acm.org/10.1145/2071536.2071543},
 doi = {10.1145/2071536.2071543},
 acmid = {2071543},
 publisher = {ACM},
 address = {New York, NY, USA},
 keywords = {education, in-situ evaluation, inter-disciplinary, interaction design, playful, tangible, ubiquitous technology},
}

@inproceedings{Merrill:2019:RIW:3287324.3287506,
 author = {Merrill, Devon J. and Swanson, Steven},
 title = {Reducing Instructor Workload in an Introductory Robotics Course via Computational Design},
 booktitle = {Proceedings of the 50th ACM Technical Symposium on Computer Science Education},
 series = {SIGCSE '19},
 year = {2019},
 isbn = {978-1-4503-5890-3},
 location = {Minneapolis, MN, USA},
 pages = {592--598},
 numpages = {7},
 url = {http://doi.acm.org/10.1145/3287324.3287506},
 doi = {10.1145/3287324.3287506},
 acmid = {3287506},
 publisher = {ACM},
 address = {New York, NY, USA},
}

@inproceedings{Jin:2018:NIA:3300942.3300959,
 author = {Jin, Laipeng and Jia, Huibin and Yu, Dongchuan},
 title = {A Novel Indicator for Assessing Conceptual Change: A Study Based on Functional Connectivity Measured with Near-infrared Spectroscopy},
 booktitle = {Proceedings of the 2018 International Conference on Education Technology Management},
 series = {ICETM 2018},
 year = {2018},
 isbn = {978-1-4503-6630-4},
 location = {Barcelona, Spain},
 pages = {82--86},
 numpages = {5},
 url = {http://doi.acm.org/10.1145/3300942.3300959},
 doi = {10.1145/3300942.3300959},
 acmid = {3300959},
 publisher = {ACM},
 address = {New York, NY, USA},
 keywords = {Assessment, Conceptual change, Functional connectivity, Functional near-infrared spectroscopy (fNIRS)},
}

@inproceedings{Khandelwal:2007:TTT:1226969.1227009,
 author = {Khandelwal, Madhur and Mazalek, Ali},
 title = {Teaching Table: A Tangible Mentor for Pre-k Math Education},
 booktitle = {Proceedings of the 1st International Conference on Tangible and Embedded Interaction},
 series = {TEI '07},
 year = {2007},
 isbn = {978-1-59593-619-6},
 location = {Baton Rouge, Louisiana},
 pages = {191--194},
 numpages = {4},
 url = {http://doi.acm.org/10.1145/1226969.1227009},
 doi = {10.1145/1226969.1227009},
 acmid = {1227009},
 publisher = {ACM},
 address = {New York, NY, USA},
 keywords = {education, learning toys, physical manipulatives, tabletop sensing, tangible computing},
}

@inproceedings{Robert:2013:CRP:2485760.2485852,
 author = {Robert, David and Schmitt, Peter and Olwal, Alex},
 title = {Cloud Rhymer: Prototype Demo and Intervention Proposal},
 booktitle = {Proceedings of the 12th International Conference on Interaction Design and Children},
 series = {IDC '13},
 year = {2013},
 isbn = {978-1-4503-1918-8},
 location = {New York, New York, USA},
 pages = {507--510},
 numpages = {4},
 url = {http://doi.acm.org/10.1145/2485760.2485852},
 doi = {10.1145/2485760.2485852},
 acmid = {2485852},
 publisher = {ACM},
 address = {New York, NY, USA},
 keywords = {HRI, child-robot interaction, informal learning, ludic language play, rhyming robot, robot gaming},
}

@inproceedings{Rello:2016:OCG:2899475.2899479,
 author = {Rello, Luz and Subirats, Sergi and Bigham, Jeffrey P.},
 title = {An Online Chess Game Designed for People with Dyslexia},
 booktitle = {Proceedings of the 13th Web for All Conference},
 series = {W4A '16},
 year = {2016},
 isbn = {978-1-4503-4138-7},
 location = {Montreal, Canada},
 pages = {28:1--28:8},
 articleno = {28},
 numpages = {8},
 url = {http://doi.acm.org/10.1145/2899475.2899479},
 doi = {10.1145/2899475.2899479},
 acmid = {2899479},
 publisher = {ACM},
 address = {New York, NY, USA},
 keywords = {chess, dyslexia, serious games},
}

@inproceedings{Al-Mousawi:2012:DST:2428736.2428746,
 author = {Al-Mousawi, Zahra and Alsumait, Asmaa},
 title = {A Digital Storytelling Tool for Arab Children},
 booktitle = {Proceedings of the 14th International Conference on Information Integration and Web-based Applications \&\#38; Services},
 series = {IIWAS '12},
 year = {2012},
 isbn = {978-1-4503-1306-3},
 location = {Bali, Indonesia},
 pages = {26--35},
 numpages = {10},
 url = {http://doi.acm.org/10.1145/2428736.2428746},
 doi = {10.1145/2428736.2428746},
 acmid = {2428746},
 publisher = {ACM},
 address = {New York, NY, USA},
 keywords = {children, design, e-learning, participatory design, storytelling},
}

@inproceedings{Cress:2007:TFC:1599600.1599630,
 author = {Cress, Ulrike and Kimmerle, Joachim},
 title = {A Theoretical Framework of Collaborative Knowledge Building with Wikis: A Systemic and Cognitive Perspective},
 booktitle = {Proceedings of the 8th Iternational Conference on Computer Supported Collaborative Learning},
 series = {CSCL'07},
 year = {2007},
 isbn = {978-0-6151-5436-7},
 location = {New Brunswick, New Jersey, USA},
 pages = {156--164},
 numpages = {9},
 url = {http://dl.acm.org/citation.cfm?id=1599600.1599630},
 acmid = {1599630},
 publisher = {International Society of the Learning Sciences},
}

@inproceedings{Turk:1997:IOO:299359.299379,
 author = {Turk, Michael},
 title = {Introducing Object Orientation to Experienced Procedural Programmers},
 booktitle = {Proceedings of the 2Nd Australasian Conference on Computer Science Education},
 series = {ACSE '97},
 year = {1996},
 isbn = {0-89791-958-0},
 location = {The Univ. of Melbourne, Australia},
 pages = {135--140},
 numpages = {6},
 url = {http://doi.acm.org/10.1145/299359.299379},
 doi = {10.1145/299359.299379},
 acmid = {299379},
 publisher = {ACM},
 address = {New York, NY, USA},
}

@inproceedings{Verenikina:2003:CPC:1082060.1082076,
 author = {Verenikina, Irina and Harris, Pauline and Lysaght, Pauline},
 title = {Child's Play: Computer Games, Theories of Play and Children's Development},
 booktitle = {Proceedings of the International Federation for Information Processing Working Group 3.5 Open Conference on Young Children and Learning Technologies - Volume 34},
 series = {CRPIT '03},
 year = {2003},
 isbn = {1-920682-16-3},
 location = {Sydney, Australia},
 pages = {99--106},
 numpages = {8},
 url = {http://dl.acm.org/citation.cfm?id=1082060.1082076},
 acmid = {1082076},
 publisher = {Australian Computer Society, Inc.},
 address = {Darlinghurst, Australia, Australia},
 keywords = {early childhood education, evaluation, professional development, research, teacher education},
}

@inproceedings{Paus:2008:WRM:1599871.1599893,
 author = {Paus, Elisabeth and Jucks, Regina},
 title = {Do We Really Mean the Same? The Relationship Between Word Choices and Computer Mediated Cooperative Learning},
 booktitle = {Proceedings of the 8th International Conference on International Conference for the Learning Sciences - Volume 2},
 series = {ICLS'08},
 year = {2008},
 location = {Utrecht, The Netherlands},
 pages = {172--179},
 numpages = {8},
 url = {http://dl.acm.org/citation.cfm?id=1599871.1599893},
 acmid = {1599893},
 publisher = {International Society of the Learning Sciences},
}

@inproceedings{Carroll:2000:DCF:347642.347731,
 author = {Carroll, John M. and Chin, George and Rosson, Mary Beth and Neale, Dennis C.},
 title = {The Development of Cooperation: Five Years of Participatory Design in the Virtual School},
 booktitle = {Proceedings of the 3rd Conference on Designing Interactive Systems: Processes, Practices, Methods, and Techniques},
 series = {DIS '00},
 year = {2000},
 isbn = {1-58113-219-0},
 location = {New York City, New York, USA},
 pages = {239--251},
 numpages = {13},
 url = {http://doi.acm.org/10.1145/347642.347731},
 doi = {10.1145/347642.347731},
 acmid = {347731},
 publisher = {ACM},
 address = {New York, NY, USA},
 keywords = {cognitive development, cooperative design, educational networks, participatory design, requirements development, requirements engineering, school culture},
}

@inproceedings{Gelderblom:2008:DTY:1456659.1456668,
 author = {Gelderblom, Helene and Kotz{\'e}, Paula},
 title = {Designing Technology for Young Children: What We Can Learn from Theories of Cognitive Development},
 booktitle = {Proceedings of the 2008 Annual Research Conference of the South African Institute of Computer Scientists and Information Technologists on IT Research in Developing Countries: Riding the Wave of Technology},
 series = {SAICSIT '08},
 year = {2008},
 isbn = {978-1-60558-286-3},
 location = {Wilderness, South Africa},
 pages = {66--75},
 numpages = {10},
 url = {http://doi.acm.org/10.1145/1456659.1456668},
 doi = {10.1145/1456659.1456668},
 acmid = {1456668},
 publisher = {ACM},
 address = {New York, NY, USA},
 keywords = {children's technology/software, cognitive development, cognitive skill development, design guidelines, psychological theories},
}

@article{Pilgrim:1995:TIE:199691.199853,
 author = {Pilgrim, Robert A.},
 title = {TIC-TAC-TOE: Introducing Expert Systems to Middle School Students},
 journal = {SIGCSE Bull.},
 issue_date = {March 1995},
 volume = {27},
 number = {1},
 month = mar,
 year = {1995},
 issn = {0097-8418},
 pages = {340--344},
 numpages = {5},
 url = {http://doi.acm.org/10.1145/199691.199853},
 doi = {10.1145/199691.199853},
 acmid = {199853},
 publisher = {ACM},
 address = {New York, NY, USA},
}

@inproceedings{Pilgrim:1995:TIE:199688.199853,
 author = {Pilgrim, Robert A.},
 title = {TIC-TAC-TOE: Introducing Expert Systems to Middle School Students},
 booktitle = {Proceedings of the Twenty-sixth SIGCSE Technical Symposium on Computer Science Education},
 series = {SIGCSE '95},
 year = {1995},
 isbn = {0-89791-693-X},
 location = {Nashville, Tennessee, USA},
 pages = {340--344},
 numpages = {5},
 url = {http://doi.acm.org/10.1145/199688.199853},
 doi = {10.1145/199688.199853},
 acmid = {199853},
 publisher = {ACM},
 address = {New York, NY, USA},
}

@inproceedings{Nuckles:2008:SVL:1599871.1599887,
 author = {N\"{u}ckles, Matthias and H\"{u}bner, Sandra and Renkl, Alexander},
 title = {Short-term Versus Long-term Effects of Cognitive and Metacognitive Prompts in Writing-to-learn},
 booktitle = {Proceedings of the 8th International Conference on International Conference for the Learning Sciences - Volume 2},
 series = {ICLS'08},
 year = {2008},
 location = {Utrecht, The Netherlands},
 pages = {124--131},
 numpages = {8},
 url = {http://dl.acm.org/citation.cfm?id=1599871.1599887},
 acmid = {1599887},
 publisher = {International Society of the Learning Sciences},
}

@article{Barakett:1987:ECU:25601.25604,
 author = {Barakett, Joyce and Prochner, Lary},
 title = {The Effects of Computer Use in Early Childhood Socialization},
 journal = {SIGCAS Comput. Soc.},
 issue_date = {Oct./Feb. 1987},
 volume = {16-17},
 number = {4-1},
 month = oct,
 year = {1987},
 issn = {0095-2737},
 pages = {19--27},
 numpages = {9},
 url = {http://doi.acm.org/10.1145/25601.25604},
 doi = {10.1145/25601.25604},
 acmid = {25604},
 publisher = {ACM},
 address = {New York, NY, USA},
}

@inproceedings{Mora-Guiard:2014:CMT:2593968.2593985,
 author = {Mora-Guiard, Joan and Pares, Narcis},
 title = {"Child As the Measure of All Things": The Body As a Referent in Designing a Museum Exhibit to Understand the Nanoscale},
 booktitle = {Proceedings of the 2014 Conference on Interaction Design and Children},
 series = {IDC '14},
 year = {2014},
 isbn = {978-1-4503-2272-0},
 location = {Aarhus, Denmark},
 pages = {27--36},
 numpages = {10},
 url = {http://doi.acm.org/10.1145/2593968.2593985},
 doi = {10.1145/2593968.2593985},
 acmid = {2593985},
 publisher = {ACM},
 address = {New York, NY, USA},
 keywords = {children, embodied cognition, embodied interaction, fullbody interaction, interaction design, nanoscale, virtual learning environment},
}

@inproceedings{Liu:2007:TCS:1599600.1599766,
 author = {Liu, Lei},
 title = {Trajectories of Collaborative Scientific Conceptual Change: A Classroom Study in a CSCL Environment},
 booktitle = {Proceedings of the 8th Iternational Conference on Computer Supported Collaborative Learning},
 series = {CSCL'07},
 year = {2007},
 isbn = {978-0-6151-5436-7},
 location = {New Brunswick, New Jersey, USA},
 pages = {856--858},
 numpages = {3},
 url = {http://dl.acm.org/citation.cfm?id=1599600.1599766},
 acmid = {1599766},
 publisher = {International Society of the Learning Sciences},
}

@inproceedings{Clark:2007:EQD:1599600.1599603,
 author = {Clark, Douglas and Sampson, Victor and Weinberger, Armin and Erkens, Gijsbert},
 title = {Evaluating the Quality of Dialogical Argumentation in CSCL: Moving Beyond an Analysis of Formal Structure},
 booktitle = {Proceedings of the 8th Iternational Conference on Computer Supported Collaborative Learning},
 series = {CSCL'07},
 year = {2007},
 isbn = {978-0-6151-5436-7},
 location = {New Brunswick, New Jersey, USA},
 pages = {13--22},
 numpages = {10},
 url = {http://dl.acm.org/citation.cfm?id=1599600.1599603},
 acmid = {1599603},
 publisher = {International Society of the Learning Sciences},
}

@inproceedings{Yardi:2007:UCC:1599600.1599746,
 author = {Yardi, Sarita and Perkel, Dan},
 title = {Understanding Classroom Culture Through a Theory of Dialogism: What Happens when Cheating and Collaboration Collide?},
 booktitle = {Proceedings of the 8th Iternational Conference on Computer Supported Collaborative Learning},
 series = {CSCL'07},
 year = {2007},
 isbn = {978-0-6151-5436-7},
 location = {New Brunswick, New Jersey, USA},
 pages = {798--807},
 numpages = {10},
 url = {http://dl.acm.org/citation.cfm?id=1599600.1599746},
 acmid = {1599746},
 publisher = {International Society of the Learning Sciences},
}

@inproceedings{Chiu:2008:ESM:1599812.1599828,
 author = {Chiu, Ming Ming},
 title = {Effects of Social Metacognition on Micro-creativity: Statistical Discourse Analyses of Group Problem Solving},
 booktitle = {Proceedings of the 8th International Conference on International Conference for the Learning Sciences - Volume 1},
 series = {ICLS'08},
 year = {2008},
 location = {Utrecht, The Netherlands},
 pages = {144--152},
 numpages = {9},
 url = {http://dl.acm.org/citation.cfm?id=1599812.1599828},
 acmid = {1599828},
 publisher = {International Society of the Learning Sciences},
}

@inproceedings{Bers:2007:VCC:1599600.1599612,
 author = {Bers, Marina and Chau, Clement and Satoh, Keiko and Beals, Laura},
 title = {Virtual Communities of Care: Online Peer Networks with Post-organ Transplant Youth},
 booktitle = {Proceedings of the 8th Iternational Conference on Computer Supported Collaborative Learning},
 series = {CSCL'07},
 year = {2007},
 isbn = {978-0-6151-5436-7},
 location = {New Brunswick, New Jersey, USA},
 pages = {78--80},
 numpages = {3},
 url = {http://dl.acm.org/citation.cfm?id=1599600.1599612},
 acmid = {1599612},
 publisher = {International Society of the Learning Sciences},
}

@inproceedings{Christinaki:2013:FER:2490257.2490262,
 author = {Christinaki, Eirini and Vidakis, Nikolas and Triantafyllidis, Georgios},
 title = {Facial Expression Recognition Teaching to Preschoolers with Autism: A Natural User Interface Approach},
 booktitle = {Proceedings of the 6th Balkan Conference in Informatics},
 series = {BCI '13},
 year = {2013},
 isbn = {978-1-4503-1851-8},
 location = {Thessaloniki, Greece},
 pages = {141--148},
 numpages = {8},
 url = {http://doi.acm.org/10.1145/2490257.2490262},
 doi = {10.1145/2490257.2490262},
 acmid = {2490262},
 publisher = {ACM},
 address = {New York, NY, USA},
 keywords = {Kinect, autism, facial emotion recognition, gesture-based interaction, natural user interface},
}

@inproceedings{Beeman:1987:HPL:317426.317434,
 author = {Beeman, Wiliam O. and Anderson, Kenneth T. and Bader, Gail and Larkin, James and McClard, Anne P. and McQuillan, Patrick and Shields, Mark},
 title = {Hypertext and Pluralism: From Lineal to Non-lineal Thinking},
 booktitle = {Proceedings of the ACM Conference on Hypertext},
 series = {HYPERTEXT '87},
 year = {1987},
 isbn = {0-89791-340-X},
 location = {Chapel Hill, North Carolina, USA},
 pages = {67--88},
 numpages = {22},
 url = {http://doi.acm.org/10.1145/317426.317434},
 doi = {10.1145/317426.317434},
 acmid = {317434},
 publisher = {ACM},
 address = {New York, NY, USA},
}

@inproceedings{Pemberton:2009:CAR:1599503.1599540,
 author = {Pemberton, Lyn and Winter, Marcus},
 title = {Collaborative Augmented Reality in Schools},
 booktitle = {Proceedings of the 9th International Conference on Computer Supported Collaborative Learning - Volume 2},
 series = {CSCL'09},
 year = {2009},
 isbn = {978-1-4092-8598-4},
 location = {Rhodes, Greece},
 pages = {109--111},
 numpages = {3},
 url = {http://dl.acm.org/citation.cfm?id=1599503.1599540},
 acmid = {1599540},
 publisher = {International Society of the Learning Sciences},
}

@inproceedings{Reimann:2007:TPW:1599600.1599715,
 author = {Reimann, Peter},
 title = {Time is Precious: Why Process Analysis is Essential for CSCL (and Can Also Help to Bridge Between Experimental and Descriptive Methods)},
 booktitle = {Proceedings of the 8th Iternational Conference on Computer Supported Collaborative Learning},
 series = {CSCL'07},
 year = {2007},
 isbn = {978-0-6151-5436-7},
 location = {New Brunswick, New Jersey, USA},
 pages = {602--611},
 numpages = {10},
 url = {http://dl.acm.org/citation.cfm?id=1599600.1599715},
 acmid = {1599715},
 publisher = {International Society of the Learning Sciences},
}

@inproceedings{Gweon:2007:EEF:1599600.1599645,
 author = {Gweon, Gahgene and Ros{\'e}, Carolyn P. and Albright, Emil and Cui, Yue},
 title = {Evaluating the Effect of Feedback from a CSCL Problem Solving Environment on Learning, Interaction, and Perceived Interdependence},
 booktitle = {Proceedings of the 8th Iternational Conference on Computer Supported Collaborative Learning},
 series = {CSCL'07},
 year = {2007},
 isbn = {978-0-6151-5436-7},
 location = {New Brunswick, New Jersey, USA},
 pages = {234--243},
 numpages = {10},
 url = {http://dl.acm.org/citation.cfm?id=1599600.1599645},
 acmid = {1599645},
 publisher = {International Society of the Learning Sciences},
}

@inproceedings{Moskaliuk:2008:LKB:1599871.1599884,
 author = {Moskaliuk, Johannes and Kimmerle, Joachim and Cress, Ulrike},
 title = {Learning and Knowledge Building with Wikis: The Impact of Incongruity Between People's Knowledge and a Wiki's Information},
 booktitle = {Proceedings of the 8th International Conference on International Conference for the Learning Sciences - Volume 2},
 series = {ICLS'08},
 year = {2008},
 location = {Utrecht, The Netherlands},
 pages = {99--106},
 numpages = {8},
 url = {http://dl.acm.org/citation.cfm?id=1599871.1599884},
 acmid = {1599884},
 publisher = {International Society of the Learning Sciences},
}

@inproceedings{Kimmerle:2009:LKB:1600053.1600120,
 author = {Kimmerle, Joachim and Moskaliuk, Johannes and Cress, Ulrike},
 title = {Learning and Knowledge Building with Social Software},
 booktitle = {Proceedings of the 9th International Conference on Computer Supported Collaborative Learning - Volume 1},
 series = {CSCL'09},
 year = {2009},
 isbn = {978-1-4092-8598-4},
 location = {Rhodes, Greece},
 pages = {459--468},
 numpages = {10},
 url = {http://dl.acm.org/citation.cfm?id=1600053.1600120},
 acmid = {1600120},
 publisher = {International Society of the Learning Sciences},
}

