@inproceedings{Falcao:2010:IDT:1810543.1810568,
 author = {Falc\~{a}o, Taciana Pontual and Price, Sara},
 title = {Informing Design for Tangible Interaction: A Case for Children with Learning Difficulties},
 booktitle = {Proceedings of the 9th International Conference on Interaction Design and Children},
 series = {IDC '10},
 year = {2010},
 isbn = {978-1-60558-951-0},
 location = {Barcelona, Spain},
 pages = {190--193},
 numpages = {4},
 url = {http://doi.acm.org/10.1145/1810543.1810568},
 doi = {10.1145/1810543.1810568},
 acmid = {1810568},
 publisher = {ACM},
 address = {New York, NY, USA},
 keywords = {ICT, learning difficulties, tangible technologies},
}

@inproceedings{Budde:2017:TBT:3137065.3137077,
 author = {Budde, Lea and Heinemann, Birte and Schulte, Carsten},
 title = {A Theory Based Tool Set for Analysing Reading Processes in the Context of Learning Programming},
 booktitle = {Proceedings of the 12th Workshop on Primary and Secondary Computing Education},
 series = {WiPSCE '17},
 year = {2017},
 isbn = {978-1-4503-5428-8},
 location = {Nijmegen, Netherlands},
 pages = {83--86},
 numpages = {4},
 url = {http://doi.acm.org/10.1145/3137065.3137077},
 doi = {10.1145/3137065.3137077},
 acmid = {3137077},
 publisher = {ACM},
 address = {New York, NY, USA},
 keywords = {Block Model, Block Sequence Viewer, Cognitive Load, Eye Tracking, Learning Programming},
}

@inproceedings{Gluga:2012:RCP:2361276.2361284,
 author = {Gluga, Richard and Kay, Judy and Lister, Raymond and Teague, Donna},
 title = {On the Reliability of Classifying Programming Tasks Using a Neo-piagetian Theory of Cognitive Development},
 booktitle = {Proceedings of the Ninth Annual International Conference on International Computing Education Research},
 series = {ICER '12},
 year = {2012},
 isbn = {978-1-4503-1604-0},
 location = {Auckland, New Zealand},
 pages = {31--38},
 numpages = {8},
 url = {http://doi.acm.org/10.1145/2361276.2361284},
 doi = {10.1145/2361276.2361284},
 acmid = {2361284},
 publisher = {ACM},
 address = {New York, NY, USA},
 keywords = {assessment, learning standards, neo-piagetian, programming},
}

@inproceedings{Szabo:2014:NTG:2538862.2538910,
 author = {Szabo, Claudia and Falkner, Katrina},
 title = {Neo-piagetian Theory As a Guide to Curriculum Analysis},
 booktitle = {Proceedings of the 45th ACM Technical Symposium on Computer Science Education},
 series = {SIGCSE '14},
 year = {2014},
 isbn = {978-1-4503-2605-6},
 location = {Atlanta, Georgia, USA},
 pages = {115--120},
 numpages = {6},
 url = {http://doi.acm.org/10.1145/2538862.2538910},
 doi = {10.1145/2538862.2538910},
 acmid = {2538910},
 publisher = {ACM},
 address = {New York, NY, USA},
 keywords = {computer science education, curriculum mapping},
}

@inproceedings{Teague:2012:PNT:2361276.2361313,
 author = {Teague, Donna M.},
 title = {Programming and Neo-piagetian Theory},
 booktitle = {Proceedings of the Ninth Annual International Conference on International Computing Education Research},
 series = {ICER '12},
 year = {2012},
 isbn = {978-1-4503-1604-0},
 location = {Auckland, New Zealand},
 pages = {165--166},
 numpages = {2},
 url = {http://doi.acm.org/10.1145/2361276.2361313},
 doi = {10.1145/2361276.2361313},
 acmid = {2361313},
 publisher = {ACM},
 address = {New York, NY, USA},
 keywords = {cognitive development, neo-piagetian theory, think aloud.},
}

@inproceedings{Szabo:2014:ECD:2674683.2674691,
 author = {Szabo, Claudia and Falkner, Katrina and Falkner, Nickolas},
 title = {Experiences in Course Design Using Neo-piagetian Theory},
 booktitle = {Proceedings of the 14th Koli Calling International Conference on Computing Education Research},
 series = {Koli Calling '14},
 year = {2014},
 isbn = {978-1-4503-3065-7},
 location = {Koli, Finland},
 pages = {81--90},
 numpages = {10},
 url = {http://doi.acm.org/10.1145/2674683.2674691},
 doi = {10.1145/2674683.2674691},
 acmid = {2674691},
 publisher = {ACM},
 address = {New York, NY, USA},
 keywords = {computer science education, course design, neo-piaget},
}

@inproceedings{Teague:2014:PRW:2591708.2591712,
 author = {Teague, Donna and Lister, Raymond},
 title = {Programming: Reading, Writing and Reversing},
 booktitle = {Proceedings of the 2014 Conference on Innovation \&\#38; Technology in Computer Science Education},
 series = {ITiCSE '14},
 year = {2014},
 isbn = {978-1-4503-2833-3},
 location = {Uppsala, Sweden},
 pages = {285--290},
 numpages = {6},
 url = {http://doi.acm.org/10.1145/2591708.2591712},
 doi = {10.1145/2591708.2591712},
 acmid = {2591712},
 publisher = {ACM},
 address = {New York, NY, USA},
 keywords = {neo-piagetian theory, novice programmers, programming, reversibility, think aloud},
}

@inproceedings{Teague:2014:LTA:2667490.2667495,
 author = {Teague, Donna and Lister, Raymond},
 title = {Longitudinal Think Aloud Study of a Novice Programmer},
 booktitle = {Proceedings of the Sixteenth Australasian Computing Education Conference - Volume 148},
 series = {ACE '14},
 year = {2014},
 isbn = {978-1-921770-31-9},
 location = {Auckland, New Zealand},
 pages = {41--50},
 numpages = {10},
 url = {http://dl.acm.org/citation.cfm?id=2667490.2667495},
 acmid = {2667495},
 publisher = {Australian Computer Society, Inc.},
 address = {Darlinghurst, Australia, Australia},
 keywords = {neo-piagetian theory, programming, think aloud},
}

@article{Faulkner:1999:IUI:384266.299791,
 author = {Faulkner, Xris and Culwin, Fintan},
 title = {Integration of Usability Issues Within Initial Software Development Education. (It's All About the User Dummy!)},
 journal = {SIGCSE Bull.},
 issue_date = {March 1999},
 volume = {31},
 number = {1},
 month = mar,
 year = {1999},
 issn = {0097-8418},
 pages = {296--300},
 numpages = {5},
 url = {http://doi.acm.org/10.1145/384266.299791},
 doi = {10.1145/384266.299791},
 acmid = {299791},
 publisher = {ACM},
 address = {New York, NY, USA},
 keywords = {computer science, curriculum, graphical user interface, human computer interaction, human computer systems, software development, texts},
}

@inproceedings{Faulkner:1999:IUI:299649.299791,
 author = {Faulkner, Xris and Culwin, Fintan},
 title = {Integration of Usability Issues Within Initial Software Development Education. (It's All About the User Dummy!)},
 booktitle = {The Proceedings of the Thirtieth SIGCSE Technical Symposium on Computer Science Education},
 series = {SIGCSE '99},
 year = {1999},
 isbn = {1-58113-085-6},
 location = {New Orleans, Louisiana, USA},
 pages = {296--300},
 numpages = {5},
 url = {http://doi.acm.org/10.1145/299649.299791},
 doi = {10.1145/299649.299791},
 acmid = {299791},
 publisher = {ACM},
 address = {New York, NY, USA},
 keywords = {computer science, curriculum, graphical user interface, human computer interaction, human computer systems, software development, texts},
}

@inproceedings{Lister:2011:CON:2459936.2459938,
 author = {Lister, Raymond},
 title = {Concrete and Other neo-Piagetian Forms of Reasoning in the Novice Programmer},
 booktitle = {Proceedings of the Thirteenth Australasian Computing Education Conference - Volume 114},
 series = {ACE '11},
 year = {2011},
 isbn = {978-1-920682-94-1},
 location = {Perth, Australia},
 pages = {9--18},
 numpages = {10},
 url = {http://dl.acm.org/citation.cfm?id=2459936.2459938},
 acmid = {2459938},
 publisher = {Australian Computer Society, Inc.},
 address = {Darlinghurst, Australia, Australia},
 keywords = {neo-Piagetian, novice programmer},
}

@inproceedings{Wardrip:2015:LPM:2771839.2771920,
 author = {Wardrip, Peter S. and Brahms, Lisa},
 title = {Learning Practices of Making: Developing a Framework for Design},
 booktitle = {Proceedings of the 14th International Conference on Interaction Design and Children},
 series = {IDC '15},
 year = {2015},
 isbn = {978-1-4503-3590-4},
 location = {Boston, Massachusetts},
 pages = {375--378},
 numpages = {4},
 url = {http://doi.acm.org/10.1145/2771839.2771920},
 doi = {10.1145/2771839.2771920},
 acmid = {2771920},
 publisher = {ACM},
 address = {New York, NY, USA},
 keywords = {education, learning, making, museum},
}

@inproceedings{Izu:2017:ARP:3059009.3059036,
 author = {Izu, Cruz and Pope, Cheryl and Weerasinghe, Amali},
 title = {On the Ability to Reason About Program Behaviour: A Think-Aloud Study},
 booktitle = {Proceedings of the 2017 ACM Conference on Innovation and Technology in Computer Science Education},
 series = {ITiCSE '17},
 year = {2017},
 isbn = {978-1-4503-4704-4},
 location = {Bologna, Italy},
 pages = {305--310},
 numpages = {6},
 url = {http://doi.acm.org/10.1145/3059009.3059036},
 doi = {10.1145/3059009.3059036},
 acmid = {3059036},
 publisher = {ACM},
 address = {New York, NY, USA},
 keywords = {programming, reasoning, reversibility, state, think-aloud},
}

@inproceedings{Ahadi:2016:EIN:2960310.2960339,
 author = {Ahadi, Alireza},
 title = {Early Identification of Novice Programmers' Challenges in Coding Using Machine Learning Techniques},
 booktitle = {Proceedings of the 2016 ACM Conference on International Computing Education Research},
 series = {ICER '16},
 year = {2016},
 isbn = {978-1-4503-4449-4},
 location = {Melbourne, VIC, Australia},
 pages = {263--264},
 numpages = {2},
 url = {http://doi.acm.org/10.1145/2960310.2960339},
 doi = {10.1145/2960310.2960339},
 acmid = {2960339},
 publisher = {ACM},
 address = {New York, NY, USA},
 keywords = {machine learning, novice programmers, source code snapshot analysis},
}

@inproceedings{Duran:2017:TFA:3105726.3105731,
 author = {Duran, Rodrigo},
 title = {Towards a Fine-grained Analysis of Complexity of Programming Tasks},
 booktitle = {Proceedings of the 2017 ACM Conference on International Computing Education Research},
 series = {ICER '17},
 year = {2017},
 isbn = {978-1-4503-4968-0},
 location = {Tacoma, Washington, USA},
 pages = {271--272},
 numpages = {2},
 url = {http://doi.acm.org/10.1145/3105726.3105731},
 doi = {10.1145/3105726.3105731},
 acmid = {3105731},
 publisher = {ACM},
 address = {New York, NY, USA},
 keywords = {Neo-Piagetian stages, model of hierarchical complexity, task complexity},
}

@inproceedings{Teague:2016:CUI:2843043.2843064,
 author = {Teague, Donna and Fidge, Colin and Xu, Yue},
 title = {Combining Unsupervised and Invigilated Assessment of Introductory Programming},
 booktitle = {Proceedings of the Australasian Computer Science Week Multiconference},
 series = {ACSW '16},
 year = {2016},
 isbn = {978-1-4503-4042-7},
 location = {Canberra, Australia},
 pages = {9:1--9:10},
 articleno = {9},
 numpages = {10},
 url = {http://doi.acm.org/10.1145/2843043.2843064},
 doi = {10.1145/2843043.2843064},
 acmid = {2843064},
 publisher = {ACM},
 address = {New York, NY, USA},
 keywords = {assessment, introductory programming, neo-Piagetian theory, novice programmers},
}

@inproceedings{Teague:2014:MPR:2667490.2667498,
 author = {Teague, Donna and Lister, Raymond},
 title = {Manifestations of Preoperational Reasoning on Similar Programming Tasks},
 booktitle = {Proceedings of the Sixteenth Australasian Computing Education Conference - Volume 148},
 series = {ACE '14},
 year = {2014},
 isbn = {978-1-921770-31-9},
 location = {Auckland, New Zealand},
 pages = {65--74},
 numpages = {10},
 url = {http://dl.acm.org/citation.cfm?id=2667490.2667498},
 acmid = {2667498},
 publisher = {Australian Computer Society, Inc.},
 address = {Darlinghurst, Australia, Australia},
 keywords = {neo-piagetian theory, novice programming, think aloud},
}

@article{Fishberg:2015:NRA:2752628.2752648,
 author = {Fishberg, Andrew J. and Posner, Samuel A.},
 title = {Neo-piagetian Reasoning and Abstraction: Introducing Low-level Programming to Novice Students},
 journal = {J. Comput. Sci. Coll.},
 issue_date = {April 2015},
 volume = {30},
 number = {4},
 month = apr,
 year = {2015},
 issn = {1937-4771},
 pages = {92--99},
 numpages = {8},
 url = {http://dl.acm.org/citation.cfm?id=2752628.2752648},
 acmid = {2752648},
 publisher = {Consortium for Computing Sciences in Colleges},
 address = {USA},
}

@inproceedings{Grey:2015:LLL:2771839.2771922,
 author = {Grey, Francois and Li, Jiawei and Shi, Qingyuan and Doney, Ellie and Chen, Weng Hoe and Shen, Jeffrey},
 title = {Lifelong Learning Lab: Collaborative Design of Hands-on Science for Chinese Schools},
 booktitle = {Proceedings of the 14th International Conference on Interaction Design and Children},
 series = {IDC '15},
 year = {2015},
 isbn = {978-1-4503-3590-4},
 location = {Boston, Massachusetts},
 pages = {383--386},
 numpages = {4},
 url = {http://doi.acm.org/10.1145/2771839.2771922},
 doi = {10.1145/2771839.2771922},
 acmid = {2771922},
 publisher = {ACM},
 address = {New York, NY, USA},
 keywords = {China, learning, school, science},
}

@inproceedings{Marshall:2007:TIE:1226969.1227004,
 author = {Marshall, Paul},
 title = {Do Tangible Interfaces Enhance Learning?},
 booktitle = {Proceedings of the 1st International Conference on Tangible and Embedded Interaction},
 series = {TEI '07},
 year = {2007},
 isbn = {978-1-59593-619-6},
 location = {Baton Rouge, Louisiana},
 pages = {163--170},
 numpages = {8},
 url = {http://doi.acm.org/10.1145/1226969.1227004},
 doi = {10.1145/1226969.1227004},
 acmid = {1227004},
 publisher = {ACM},
 address = {New York, NY, USA},
 keywords = {TUI, frameworks, learning, tangible interface},
}

@inproceedings{Ginsburg:2012:WCR:2160749.2160751,
 author = {Ginsburg, Jason},
 title = {A Wikipedia-based Corpus Reference Tool},
 booktitle = {Proceedings of the 2012 Joint International Conference on Human-Centered Computer Environments},
 series = {HCCE '12},
 year = {2012},
 isbn = {978-1-4503-1191-5},
 location = {Aizu-Wakamatsu, Japan},
 pages = {1--7},
 numpages = {7},
 url = {http://doi.acm.org/10.1145/2160749.2160751},
 doi = {10.1145/2160749.2160751},
 acmid = {2160751},
 publisher = {ACM},
 address = {New York, NY, USA},
 keywords = {corpora, language teaching, wikipedia},
}

@inproceedings{Larkins:2013:ACA:2445196.2445226,
 author = {Larkins, D. Brian and Moore, J. Christopher and Rubbo, Louis J. and Covington, Laura R.},
 title = {Application of the Cognitive Apprenticeship Framework to a Middle School Robotics Camp},
 booktitle = {Proceeding of the 44th ACM Technical Symposium on Computer Science Education},
 series = {SIGCSE '13},
 year = {2013},
 isbn = {978-1-4503-1868-6},
 location = {Denver, Colorado, USA},
 pages = {89--94},
 numpages = {6},
 url = {http://doi.acm.org/10.1145/2445196.2445226},
 doi = {10.1145/2445196.2445226},
 acmid = {2445226},
 publisher = {ACM},
 address = {New York, NY, USA},
 keywords = {K-12, cognitive apprenticeship, education, robotics, stem},
}

@inproceedings{Pelchen:2019:FWU:3286960.3286962,
 author = {Pelchen, Thomas and Lister, Raymond},
 title = {On the Frequency of Words Used in Answers to Explain in Plain English Questions by Novice Programmers},
 booktitle = {Proceedings of the Twenty-First Australasian Computing Education Conference},
 series = {ACE '19},
 year = {2019},
 isbn = {978-1-4503-6622-9},
 location = {Sydney, NSW, Australia},
 pages = {11--20},
 numpages = {10},
 url = {http://doi.acm.org/10.1145/3286960.3286962},
 doi = {10.1145/3286960.3286962},
 acmid = {3286962},
 publisher = {ACM},
 address = {New York, NY, USA},
 keywords = {Explain in Plain English, Novice Programmers},
}

@inproceedings{Whalley:2014:QTS:2591708.2591762,
 author = {Whalley, Jacqueline and Kasto, Nadia},
 title = {A Qualitative Think-aloud Study of Novice Programmers' Code Writing Strategies},
 booktitle = {Proceedings of the 2014 Conference on Innovation \&\#38; Technology in Computer Science Education},
 series = {ITiCSE '14},
 year = {2014},
 isbn = {978-1-4503-2833-3},
 location = {Uppsala, Sweden},
 pages = {279--284},
 numpages = {6},
 url = {http://doi.acm.org/10.1145/2591708.2591762},
 doi = {10.1145/2591708.2591762},
 acmid = {2591762},
 publisher = {ACM},
 address = {New York, NY, USA},
 keywords = {novice programmers, schemas, think aloud, vygotsky},
}

@inproceedings{Kumar:2015:SCP:2729094.2742587,
 author = {Kumar, Amruth N.},
 title = {Solving Code-tracing Problems and Its Effect on Code-writing Skills Pertaining to Program Semantics},
 booktitle = {Proceedings of the 2015 ACM Conference on Innovation and Technology in Computer Science Education},
 series = {ITiCSE '15},
 year = {2015},
 isbn = {978-1-4503-3440-2},
 location = {Vilnius, Lithuania},
 pages = {314--319},
 numpages = {6},
 url = {http://doi.acm.org/10.1145/2729094.2742587},
 doi = {10.1145/2729094.2742587},
 acmid = {2742587},
 publisher = {ACM},
 address = {New York, NY, USA},
 keywords = {code-reading, code-tracing, code-writing, problem-solving},
}

@inproceedings{Murphy:2012:AEP:2361276.2361299,
 author = {Murphy, Laurie and Fitzgerald, Sue and Lister, Raymond and McCauley, Ren{\'e}e},
 title = {Ability to 'Explain in Plain English' Linked to Proficiency in Computer-based Programming},
 booktitle = {Proceedings of the Ninth Annual International Conference on International Computing Education Research},
 series = {ICER '12},
 year = {2012},
 isbn = {978-1-4503-1604-0},
 location = {Auckland, New Zealand},
 pages = {111--118},
 numpages = {8},
 url = {http://doi.acm.org/10.1145/2361276.2361299},
 doi = {10.1145/2361276.2361299},
 acmid = {2361299},
 publisher = {ACM},
 address = {New York, NY, USA},
 keywords = {computer science education research, explain in plain english, mixed methods, novice programmers, qualitative research methods, solo},
}

@inproceedings{Simon:2016:BIP:2960310.2960337,
 author = {Simon and Sheard, Judy and D'Souza, Daryl and Klemperer, Peter and Porter, Leo and Sorva, Juha and Stegeman, Martijn and Zingaro, Daniel},
 title = {Benchmarking Introductory Programming Exams: Some Preliminary Results},
 booktitle = {Proceedings of the 2016 ACM Conference on International Computing Education Research},
 series = {ICER '16},
 year = {2016},
 isbn = {978-1-4503-4449-4},
 location = {Melbourne, VIC, Australia},
 pages = {103--111},
 numpages = {9},
 url = {http://doi.acm.org/10.1145/2960310.2960337},
 doi = {10.1145/2960310.2960337},
 acmid = {2960337},
 publisher = {ACM},
 address = {New York, NY, USA},
 keywords = {assessment, benchmarking, cs1, examination, introductory programming},
}

@inproceedings{Kumar:2013:SIC:2462476.2462507,
 author = {Kumar, Amruth N.},
 title = {A Study of the Influence of Code-tracing Problems on Code-writing Skills},
 booktitle = {Proceedings of the 18th ACM Conference on Innovation and Technology in Computer Science Education},
 series = {ITiCSE '13},
 year = {2013},
 isbn = {978-1-4503-2078-8},
 location = {Canterbury, England, UK},
 pages = {183--188},
 numpages = {6},
 url = {http://doi.acm.org/10.1145/2462476.2462507},
 doi = {10.1145/2462476.2462507},
 acmid = {2462507},
 publisher = {ACM},
 address = {New York, NY, USA},
 keywords = {code-reading, code-tracing, code-writing, problem-solving},
}

@inproceedings{Vihavainen:2014:NTF:2674683.2674692,
 author = {Vihavainen, Arto and Helminen, Juha and Ihantola, Petri},
 title = {How Novices Tackle Their First Lines of Code in an IDE: Analysis of Programming Session Traces},
 booktitle = {Proceedings of the 14th Koli Calling International Conference on Computing Education Research},
 series = {Koli Calling '14},
 year = {2014},
 isbn = {978-1-4503-3065-7},
 location = {Koli, Finland},
 pages = {109--116},
 numpages = {8},
 url = {http://doi.acm.org/10.1145/2674683.2674692},
 doi = {10.1145/2674683.2674692},
 acmid = {2674692},
 publisher = {ACM},
 address = {New York, NY, USA},
 keywords = {data mining, introductory programming, learning analytics, novice programmers, novices and programming environments, programming behavior, programming environments, programming session trace analysis, source code snapshot analysis},
}

@inproceedings{Cutts:2012:ATT:2361276.2361290,
 author = {Cutts, Quintin and Esper, Sarah and Fecho, Marlena and Foster, Stephen R. and Simon, Beth},
 title = {The Abstraction Transition Taxonomy: Developing Desired Learning Outcomes Through the Lens of Situated Cognition},
 booktitle = {Proceedings of the Ninth Annual International Conference on International Computing Education Research},
 series = {ICER '12},
 year = {2012},
 isbn = {978-1-4503-1604-0},
 location = {Auckland, New Zealand},
 pages = {63--70},
 numpages = {8},
 url = {http://doi.acm.org/10.1145/2361276.2361290},
 doi = {10.1145/2361276.2361290},
 acmid = {2361290},
 publisher = {ACM},
 address = {New York, NY, USA},
 keywords = {cognitive apprenticeship, cs0, cs1, cs2, deliberate practice, situated cognition, taxonomy},
}

@inproceedings{Sheard:2011:EPA:2016911.2016920,
 author = {Sheard, Judy and Simon and Carbone, Angela and Chinn, Donald and Laakso, Mikko-Jussi and Clear, Tony and de Raadt, Michael and D'Souza, Daryl and Harland, James and Lister, Raymond and Philpott, Anne and Warburton, Geoff},
 title = {Exploring Programming Assessment Instruments: A Classification Scheme for Examination Questions},
 booktitle = {Proceedings of the Seventh International Workshop on Computing Education Research},
 series = {ICER '11},
 year = {2011},
 isbn = {978-1-4503-0829-8},
 location = {Providence, Rhode Island, USA},
 pages = {33--38},
 numpages = {6},
 url = {http://doi.acm.org/10.1145/2016911.2016920},
 doi = {10.1145/2016911.2016920},
 acmid = {2016920},
 publisher = {ACM},
 address = {New York, NY, USA},
 keywords = {cs1, examination papers, introductory programming},
}

@inproceedings{Mirolo:2012:IRE:2361276.2361296,
 author = {Mirolo, Claudio},
 title = {Is Iteration Really Easier to Learn Than Recursion for CS1 Students?},
 booktitle = {Proceedings of the Ninth Annual International Conference on International Computing Education Research},
 series = {ICER '12},
 year = {2012},
 isbn = {978-1-4503-1604-0},
 location = {Auckland, New Zealand},
 pages = {99--104},
 numpages = {6},
 url = {http://doi.acm.org/10.1145/2361276.2361296},
 doi = {10.1145/2361276.2361296},
 acmid = {2361296},
 publisher = {ACM},
 address = {New York, NY, USA},
 keywords = {cs1, iteration, novices, programming learning, recursion},
}

@inproceedings{Oldenburg:2011:RS:2094131.2094141,
 author = {Oldenburg, Reinhard},
 title = {Reification and Symbolization},
 booktitle = {Proceedings of the 11th Koli Calling International Conference on Computing Education Research},
 series = {Koli Calling '11},
 year = {2011},
 isbn = {978-1-4503-1052-9},
 location = {Koli, Finland},
 pages = {49--53},
 numpages = {5},
 url = {http://doi.acm.org/10.1145/2094131.2094141},
 doi = {10.1145/2094131.2094141},
 acmid = {2094141},
 publisher = {ACM},
 address = {New York, NY, USA},
 keywords = {computer science education, construction of mental objects, genetic teaching method, literals},
}

@inproceedings{Izu:2016:SCD:2960310.2960324,
 author = {Izu, Cruz and Weerasinghe, Amali and Pope, Cheryl},
 title = {A Study of Code Design Skills in Novice Programmers Using the SOLO Taxonomy},
 booktitle = {Proceedings of the 2016 ACM Conference on International Computing Education Research},
 series = {ICER '16},
 year = {2016},
 isbn = {978-1-4503-4449-4},
 location = {Melbourne, VIC, Australia},
 pages = {251--259},
 numpages = {9},
 url = {http://doi.acm.org/10.1145/2960310.2960324},
 doi = {10.1145/2960310.2960324},
 acmid = {2960324},
 publisher = {ACM},
 address = {New York, NY, USA},
 keywords = {code design, novice programmers, solo},
}

@inproceedings{Cutts:2014:CSF:2670757.2670780,
 author = {Cutts, Quintin and Connor, Richard and Michaelson, Greg and Donaldson, Peter},
 title = {Code or (Not Code): Separating Formal and Natural Language in CS Education},
 booktitle = {Proceedings of the 9th Workshop in Primary and Secondary Computing Education},
 series = {WiPSCE '14},
 year = {2014},
 isbn = {978-1-4503-3250-7},
 location = {Berlin, Germany},
 pages = {20--28},
 numpages = {9},
 url = {http://doi.acm.org/10.1145/2670757.2670780},
 doi = {10.1145/2670757.2670780},
 acmid = {2670780},
 publisher = {ACM},
 address = {New York, NY, USA},
 keywords = {assessment, comprehension, language, program, pseudo-code, reference},
}

@inproceedings{Rubio:2015:ACI:2729094.2754855,
 author = {Rubio, Miguel A.},
 title = {Automatic Categorization of Introductory Programming Students Using Cluster Analysis},
 booktitle = {Proceedings of the 2015 ACM Conference on Innovation and Technology in Computer Science Education},
 series = {ITiCSE '15},
 year = {2015},
 isbn = {978-1-4503-3440-2},
 location = {Vilnius, Lithuania},
 pages = {340--340},
 numpages = {1},
 url = {http://doi.acm.org/10.1145/2729094.2754855},
 doi = {10.1145/2729094.2754855},
 acmid = {2754855},
 publisher = {ACM},
 address = {New York, NY, USA},
 keywords = {cluster analysis, machine learning, novice programmers, programming},
}

@article{Lister:2011:CER:1963533.1963539,
 author = {Lister, Raymond},
 title = {COMPUTING EDUCATION RESEARCH: Programming, Syntax and Cognitive Load},
 journal = {ACM Inroads},
 issue_date = {June 2011},
 volume = {2},
 number = {2},
 month = jun,
 year = {2011},
 issn = {2153-2184},
 pages = {21--22},
 numpages = {2},
 url = {http://doi.acm.org/10.1145/1963533.1963539},
 doi = {10.1145/1963533.1963539},
 acmid = {1963539},
 publisher = {ACM},
 address = {New York, NY, USA},
}

@inproceedings{Lowe:2019:ENP:3304221.3319775,
 author = {Lowe, Tony},
 title = {Explaining Novice Programmer's Struggles, in Two Parts: Revisiting the ITiCSE 2004 Working Group's Study Using Dual Process Theory},
 booktitle = {Proceedings of the 2019 ACM Conference on Innovation and Technology in Computer Science Education},
 series = {ITiCSE '19},
 year = {2019},
 isbn = {978-1-4503-6301-3},
 location = {Aberdeen, Scotland Uk},
 pages = {30--36},
 numpages = {7},
 url = {http://doi.acm.org/10.1145/3304221.3319775},
 doi = {10.1145/3304221.3319775},
 acmid = {3319775},
 publisher = {ACM},
 address = {New York, NY, USA},
 keywords = {computer science, dual process theory, education, fragile knowledge, programming, tracing},
}

@inproceedings{Kasto:2012:DKN:2361276.2361310,
 author = {Kasto, Nadia},
 title = {The Development of Knowledge in Novice Programmers},
 booktitle = {Proceedings of the Ninth Annual International Conference on International Computing Education Research},
 series = {ICER '12},
 year = {2012},
 isbn = {978-1-4503-1604-0},
 location = {Auckland, New Zealand},
 pages = {159--160},
 numpages = {2},
 url = {http://doi.acm.org/10.1145/2361276.2361310},
 doi = {10.1145/2361276.2361310},
 acmid = {2361310},
 publisher = {ACM},
 address = {New York, NY, USA},
 keywords = {cognitive development, educational models, novice programmers},
}

@inproceedings{Duncan:2014:YLC:2670757.2670774,
 author = {Duncan, Caitlin and Bell, Tim and Tanimoto, Steve},
 title = {Should Your 8-year-old Learn Coding?},
 booktitle = {Proceedings of the 9th Workshop in Primary and Secondary Computing Education},
 series = {WiPSCE '14},
 year = {2014},
 isbn = {978-1-4503-3250-7},
 location = {Berlin, Germany},
 pages = {60--69},
 numpages = {10},
 url = {http://doi.acm.org/10.1145/2670757.2670774},
 doi = {10.1145/2670757.2670774},
 acmid = {2670774},
 publisher = {ACM},
 address = {New York, NY, USA},
 keywords = {coding, programming, young students},
}

@inproceedings{Lowe:2019:TAM:3304221.3325600,
 author = {Lowe, Tony},
 title = {A Theory of Applied Mind of Programming: Understanding the Challenges in Learning to Program},
 booktitle = {Proceedings of the 2019 ACM Conference on Innovation and Technology in Computer Science Education},
 series = {ITiCSE '19},
 year = {2019},
 isbn = {978-1-4503-6301-3},
 location = {Aberdeen, Scotland Uk},
 pages = {340--341},
 numpages = {2},
 url = {http://doi.acm.org/10.1145/3304221.3325600},
 doi = {10.1145/3304221.3325600},
 acmid = {3325600},
 publisher = {ACM},
 address = {New York, NY, USA},
 keywords = {bruner, computer science, dual process theory, education, education theory, neuroscience, programming},
}

@inproceedings{Aggarwal:2017:NCR:3017680.3022469,
 author = {Aggarwal, Ashish},
 title = {Neo-Piagetian Classification of Reasoning Ability and Mental Simulation in Microsoft's Kodu Game Lab},
 booktitle = {Proceedings of the 2017 ACM SIGCSE Technical Symposium on Computer Science Education},
 series = {SIGCSE '17},
 year = {2017},
 isbn = {978-1-4503-4698-6},
 location = {Seattle, Washington, USA},
 pages = {745--746},
 numpages = {2},
 url = {http://doi.acm.org/10.1145/3017680.3022469},
 doi = {10.1145/3017680.3022469},
 acmid = {3022469},
 publisher = {ACM},
 address = {New York, NY, USA},
 keywords = {K-12, computational thinking, kodu, lawfulness, mental simulation, neo-piagetian, reasoning ability},
}

@inproceedings{Duran:2019:TCI:3304221.3319755,
 author = {Duran, Rodrigo Silva and Rybicki, Jan-Mikael and Hellas, Arto and Suoranta, Sanna},
 title = {Towards a Common Instrument for Measuring Prior Programming Knowledge},
 booktitle = {Proceedings of the 2019 ACM Conference on Innovation and Technology in Computer Science Education},
 series = {ITiCSE '19},
 year = {2019},
 isbn = {978-1-4503-6301-3},
 location = {Aberdeen, Scotland Uk},
 pages = {443--449},
 numpages = {7},
 url = {http://doi.acm.org/10.1145/3304221.3319755},
 doi = {10.1145/3304221.3319755},
 acmid = {3319755},
 publisher = {ACM},
 address = {New York, NY, USA},
 keywords = {assessment, cs1, introductory programming, prior experience, self-evaluation},
}

@inproceedings{Corney:2012:ERN:2483716.2483726,
 author = {Corney, Malcolm and Teague, Donna and Ahadi, Alireza and Lister, Raymond},
 title = {Some Empirical Results for neo-Piagetian Reasoning in Novice Programmers and the Relationship to Code Explanation Questions},
 booktitle = {Proceedings of the Fourteenth Australasian Computing Education Conference - Volume 123},
 series = {ACE '12},
 year = {2012},
 isbn = {978-1-921770-04-3},
 location = {Melbourne, Australia},
 pages = {77--86},
 numpages = {10},
 url = {http://dl.acm.org/citation.cfm?id=2483716.2483726},
 acmid = {2483726},
 publisher = {Australian Computer Society, Inc.},
 address = {Darlinghurst, Australia, Australia},
 keywords = {CS1, neo-Piagetian, novice programmer},
}

@article{Werth:1986:PSP:953055.5701,
 author = {Werth, Laurie Honour},
 title = {Predicting Student Performance in a Beginning Computer Science Class},
 journal = {SIGCSE Bull.},
 issue_date = {February 1986},
 volume = {18},
 number = {1},
 month = feb,
 year = {1986},
 issn = {0097-8418},
 pages = {138--143},
 numpages = {6},
 url = {http://doi.acm.org/10.1145/953055.5701},
 doi = {10.1145/953055.5701},
 acmid = {5701},
 publisher = {ACM},
 address = {New York, NY, USA},
}

@inproceedings{Werth:1986:PSP:5600.5701,
 author = {Werth, Laurie Honour},
 title = {Predicting Student Performance in a Beginning Computer Science Class},
 booktitle = {Proceedings of the Seventeenth SIGCSE Technical Symposium on Computer Science Education},
 series = {SIGCSE '86},
 year = {1986},
 isbn = {0-89791-178-4},
 location = {Cincinnati, Ohio, USA},
 pages = {138--143},
 numpages = {6},
 url = {http://doi.acm.org/10.1145/5600.5701},
 doi = {10.1145/5600.5701},
 acmid = {5701},
 publisher = {ACM},
 address = {New York, NY, USA},
}

@article{Armoni:2011:CSC:1963533.1963540,
 author = {Armoni, Michal},
 title = {COMPUTING IN SCHOOLS: CS Contests for Students: Why and How?},
 journal = {ACM Inroads},
 issue_date = {June 2011},
 volume = {2},
 number = {2},
 month = jun,
 year = {2011},
 issn = {2153-2184},
 pages = {22--23},
 numpages = {2},
 url = {http://doi.acm.org/10.1145/1963533.1963540},
 doi = {10.1145/1963533.1963540},
 acmid = {1963540},
 publisher = {ACM},
 address = {New York, NY, USA},
}

@inproceedings{Izu:2018:NPR:3159450.3159499,
 author = {Izu, Cruz and Mirolo, Claudio and Weerasinghe, Amali},
 title = {Novice Programmers' Reasoning About Reversing Conditional Statements},
 booktitle = {Proceedings of the 49th ACM Technical Symposium on Computer Science Education},
 series = {SIGCSE '18},
 year = {2018},
 isbn = {978-1-4503-5103-4},
 location = {Baltimore, Maryland, USA},
 pages = {646--651},
 numpages = {6},
 url = {http://doi.acm.org/10.1145/3159450.3159499},
 doi = {10.1145/3159450.3159499},
 acmid = {3159499},
 publisher = {ACM},
 address = {New York, NY, USA},
 keywords = {novice programmers, program comprehension, program state, reversibility, solo taxonomy},
}

@inproceedings{Duran:2018:TID:3230977.3231007,
 author = {Duran, Rodrigo},
 title = {Towards an Instructional Design of Complex Learning in Introductory Programming Courses},
 booktitle = {Proceedings of the 2018 ACM Conference on International Computing Education Research},
 series = {ICER '18},
 year = {2018},
 isbn = {978-1-4503-5628-2},
 location = {Espoo, Finland},
 pages = {262--263},
 numpages = {2},
 url = {http://doi.acm.org/10.1145/3230977.3231007},
 doi = {10.1145/3230977.3231007},
 acmid = {3231007},
 publisher = {ACM},
 address = {New York, NY, USA},
 keywords = {cognitive load theory, complexity, model of hierarchical complexity, plan-composition strategies, program cognitive complexity},
}

@inproceedings{Falcao:2012:TSI:2307096.2307172,
 author = {Falc\~{a}o, Taciana Pontual and Price, Sara},
 title = {Tangibles for Students with Intellectual Disabilities},
 booktitle = {Proceedings of the 11th International Conference on Interaction Design and Children},
 series = {IDC '12},
 year = {2012},
 isbn = {978-1-4503-1007-9},
 location = {Bremen, Germany},
 pages = {371--374},
 numpages = {4},
 url = {http://doi.acm.org/10.1145/2307096.2307172},
 doi = {10.1145/2307096.2307172},
 acmid = {2307172},
 publisher = {ACM},
 address = {New York, NY, USA},
 keywords = {independent exploration, intellectual disabilities, tangibles},
}

@inproceedings{Lister:2012:TSU:2483716.2483723,
 author = {Lister, Raymond and D'Souza, Daryl and Hamilton, Margaret and Kay, Judy and Sheard, Judy and Corney, Malcolm and Fidge, Colin and Harland, James and Murphy, Tara and Simon and Curran, James and Gluga, Richard and Hogan, James and Roggenkamp, Mike and Teague, Donna},
 title = {Toward a Shared Understanding of Competency in Programming: An Invitation to the BABELnot Project},
 booktitle = {Proceedings of the Fourteenth Australasian Computing Education Conference - Volume 123},
 series = {ACE '12},
 year = {2012},
 isbn = {978-1-921770-04-3},
 location = {Melbourne, Australia},
 pages = {53--60},
 numpages = {8},
 url = {http://dl.acm.org/citation.cfm?id=2483716.2483723},
 acmid = {2483723},
 publisher = {Australian Computer Society, Inc.},
 address = {Darlinghurst, Australia, Australia},
 keywords = {assessment, objectives, programming},
}

@inproceedings{Teague:2012:SHW:2483716.2483727,
 author = {Teague, Donna and Corney, Malcolm and Ahadi, Alireza and Lister, Raymond},
 title = {Swapping As the "Hello World" of Relational Reasoning: Replications, Reflections and Extensions},
 booktitle = {Proceedings of the Fourteenth Australasian Computing Education Conference - Volume 123},
 series = {ACE '12},
 year = {2012},
 isbn = {978-1-921770-04-3},
 location = {Melbourne, Australia},
 pages = {87--94},
 numpages = {8},
 url = {http://dl.acm.org/citation.cfm?id=2483716.2483727},
 acmid = {2483727},
 publisher = {Australian Computer Society, Inc.},
 address = {Darlinghurst, Australia, Australia},
 keywords = {explaining, novice programmer, tracing, writing},
}

@inproceedings{Marcu:2010:DEC:1734263.1734344,
 author = {Marcu, Gabriela and Kaufman, Samuel J. and Lee, Jaihee Kate and Black, Rebecca W. and Dourish, Paul and Hayes, Gillian R. and Richardson, Debra J.},
 title = {Design and Evaluation of a Computer Science and Engineering Course for Middle School Girls},
 booktitle = {Proceedings of the 41st ACM Technical Symposium on Computer Science Education},
 series = {SIGCSE '10},
 year = {2010},
 isbn = {978-1-4503-0006-3},
 location = {Milwaukee, Wisconsin, USA},
 pages = {234--238},
 numpages = {5},
 url = {http://doi.acm.org/10.1145/1734263.1734344},
 doi = {10.1145/1734263.1734344},
 acmid = {1734344},
 publisher = {ACM},
 address = {New York, NY, USA},
 keywords = {computer science and engineering education, diversity in computing, gender issues, hands-on curriculum},
}

@inproceedings{Jones:2002:III:820060.820070,
 author = {Jones, Anthony J.},
 title = {Integration of ICT in an Initial Teacher Training Course: Participants' Views},
 booktitle = {Proceedings of the Seventh World Conference on Computers in Education Conference on Computers in Education: Australian Topics - Volume 8},
 series = {CRPIT '02},
 year = {2002},
 isbn = {0-909925-86-0},
 location = {Copenhagen, Denmark},
 pages = {49--54},
 numpages = {6},
 url = {http://dl.acm.org/citation.cfm?id=820060.820070},
 acmid = {820070},
 publisher = {Australian Computer Society, Inc.},
 address = {Darlinghurst, Australia, Australia},
}

@article{Harper:2006:ILT:1181901.1181918,
 author = {Harper, Steve},
 title = {Immersion Language Theory Meets CS},
 journal = {J. Comput. Sci. Coll.},
 issue_date = {December 2006},
 volume = {22},
 number = {2},
 month = dec,
 year = {2006},
 issn = {1937-4771},
 pages = {85--91},
 numpages = {7},
 url = {http://dl.acm.org/citation.cfm?id=1181901.1181918},
 acmid = {1181918},
 publisher = {Consortium for Computing Sciences in Colleges},
 address = {USA},
}

@inproceedings{Mirolo:2019:ENP:3304221.3319746,
 author = {Mirolo, Claudio and Izu, Cruz},
 title = {An Exploration of Novice Programmers' Comprehension of Conditionals in Imperative and Functional Programming},
 booktitle = {Proceedings of the 2019 ACM Conference on Innovation and Technology in Computer Science Education},
 series = {ITiCSE '19},
 year = {2019},
 isbn = {978-1-4503-6301-3},
 location = {Aberdeen, Scotland Uk},
 pages = {436--442},
 numpages = {7},
 url = {http://doi.acm.org/10.1145/3304221.3319746},
 doi = {10.1145/3304221.3319746},
 acmid = {3319746},
 publisher = {ACM},
 address = {New York, NY, USA},
 keywords = {cs1, imperative vs. functional programming, program comprehension, reversibility, solo taxonomy},
}

@inproceedings{Duran:2018:TAP:3230977.3230986,
 author = {Duran, Rodrigo and Sorva, Juha and Leite, Sofia},
 title = {Towards an Analysis of Program Complexity From a Cognitive Perspective},
 booktitle = {Proceedings of the 2018 ACM Conference on International Computing Education Research},
 series = {ICER '18},
 year = {2018},
 isbn = {978-1-4503-5628-2},
 location = {Espoo, Finland},
 pages = {21--30},
 numpages = {10},
 url = {http://doi.acm.org/10.1145/3230977.3230986},
 doi = {10.1145/3230977.3230986},
 acmid = {3230986},
 publisher = {ACM},
 address = {New York, NY, USA},
 keywords = {cognitive load theory, complexity, model of hierarchical complexity, plan-composition strategies, program cognitive complexity},
}

@article{Qian:2017:SMO:3155324.3077618,
 author = {Qian, Yizhou and Lehman, James},
 title = {Students\&\#x2019; Misconceptions and Other Difficulties in Introductory Programming: A Literature Review},
 journal = {ACM Trans. Comput. Educ.},
 issue_date = {December 2017},
 volume = {18},
 number = {1},
 month = oct,
 year = {2017},
 issn = {1946-6226},
 pages = {1:1--1:24},
 articleno = {1},
 numpages = {24},
 url = {http://doi.acm.org/10.1145/3077618},
 doi = {10.1145/3077618},
 acmid = {3077618},
 publisher = {ACM},
 address = {New York, NY, USA},
 keywords = {Misconceptions, conceptual change, constructivism, difficulties, introductory programming},
}

@article{Katz:2006:GAP:1185335.1185344,
 author = {Katz, Sandra and Allbritton, David and Aronis, John and Wilson, Christine and Soffa, Mary Lou},
 title = {Gender, Achievement, and Persistence in an Undergraduate Computer Science Program},
 journal = {SIGMIS Database},
 issue_date = {Fall 2006},
 volume = {37},
 number = {4},
 month = nov,
 year = {2006},
 issn = {0095-0033},
 pages = {42--57},
 numpages = {16},
 url = {http://doi.acm.org/10.1145/1185335.1185344},
 doi = {10.1145/1185335.1185344},
 acmid = {1185344},
 publisher = {ACM},
 address = {New York, NY, USA},
 keywords = {achievement and retention of students in an undergraduate computer science program, gender and computer science education, under-representation of women in computer science},
}

@article{Burgstahler:2011:UDI:2037276.2037283,
 author = {Burgstahler, Sheryl},
 title = {Universal Design: Implications for Computing Education},
 journal = {Trans. Comput. Educ.},
 issue_date = {October 2011},
 volume = {11},
 number = {3},
 month = oct,
 year = {2011},
 issn = {1946-6226},
 pages = {19:1--19:17},
 articleno = {19},
 numpages = {17},
 url = {http://doi.acm.org/10.1145/2037276.2037283},
 doi = {10.1145/2037276.2037283},
 acmid = {2037283},
 publisher = {ACM},
 address = {New York, NY, USA},
 keywords = {Disability, accessibility, assessment, instruction, teaching, universal design},
}

@article{Linn:2000:PL:341836.336230,
 author = {Linn, Marcia C.},
 title = {Partners in Learning},
 journal = {Ubiquity},
 issue_date = {May 1 - May 31 2000},
 volume = {2000},
 number = {May},
 month = may,
 year = {2000},
 issn = {1530-2180},
 articleno = {8},
 url = {http://doi.acm.org/10.1145/341836.336230},
 doi = {10.1145/341836.336230},
 acmid = {336230},
 publisher = {ACM},
 address = {New York, NY, USA},
}

@article{Hubwieser:2012:CSE:2382564.2382568,
 author = {Hubwieser, Peter},
 title = {Computer Science Education in Secondary Schools -- The Introduction of a New Compulsory Subject},
 journal = {Trans. Comput. Educ.},
 issue_date = {November 2012},
 volume = {12},
 number = {4},
 month = nov,
 year = {2012},
 issn = {1946-6226},
 pages = {16:1--16:41},
 articleno = {16},
 numpages = {41},
 url = {http://doi.acm.org/10.1145/2382564.2382568},
 doi = {10.1145/2382564.2382568},
 acmid = {2382568},
 publisher = {ACM},
 address = {New York, NY, USA},
 keywords = {Compulsory subject, Darmstadt model, object-oriented modeling and programming, objects-first},
}

@inproceedings{Jones:2003:IIU:1082060.1082069,
 author = {Jones, Anthony J.},
 title = {Infusing ICT Use Within the Early Years of Elementary Education},
 booktitle = {Proceedings of the International Federation for Information Processing Working Group 3.5 Open Conference on Young Children and Learning Technologies - Volume 34},
 series = {CRPIT '03},
 year = {2003},
 isbn = {1-920682-16-3},
 location = {Sydney, Australia},
 pages = {59--64},
 numpages = {6},
 url = {http://dl.acm.org/citation.cfm?id=1082060.1082069},
 acmid = {1082069},
 publisher = {Australian Computer Society, Inc.},
 address = {Darlinghurst, Australia, Australia},
 keywords = {elementary education, learning processes},
}

@inproceedings{Swidan:2018:PMS:3230977.3230995,
 author = {Swidan, Alaaeddin and Hermans, Felienne and Smit, Marileen},
 title = {Programming Misconceptions for School Students},
 booktitle = {Proceedings of the 2018 ACM Conference on International Computing Education Research},
 series = {ICER '18},
 year = {2018},
 isbn = {978-1-4503-5628-2},
 location = {Espoo, Finland},
 pages = {151--159},
 numpages = {9},
 url = {http://doi.acm.org/10.1145/3230977.3230995},
 doi = {10.1145/3230977.3230995},
 acmid = {3230995},
 publisher = {ACM},
 address = {New York, NY, USA},
 keywords = {cs education, k-12 students, programming misconception, scratch},
}

@inproceedings{Davis:2007:9TP:1227310.1227455,
 author = {Davis, Timothy and Geist, Robert and Matzko, Sarah and Westall, James},
 title = {{\$\tau\$}{\$\epsilon\$}{\$\chi\$}\&\#957;\&\#951;: Trial Phase for the New Curriculum},
 booktitle = {Proceedings of the 38th SIGCSE Technical Symposium on Computer Science Education},
 series = {SIGCSE '07},
 year = {2007},
 isbn = {1-59593-361-1},
 location = {Covington, Kentucky, USA},
 pages = {415--419},
 numpages = {5},
 url = {http://doi.acm.org/10.1145/1227310.1227455},
 doi = {10.1145/1227310.1227455},
 acmid = {1227455},
 publisher = {ACM},
 address = {New York, NY, USA},
 keywords = {{\$\tau\$}{\$\epsilon\$}{\$\chi\$}\&\#957;\&\#951;, computer graphics, curriculum design, problem-based instruction, ray-tracing},
}

@article{Davis:2007:9TP:1227504.1227455,
 author = {Davis, Timothy and Geist, Robert and Matzko, Sarah and Westall, James},
 title = {{\$\tau\$}{\$\epsilon\$}{\$\chi\$}\&\#957;\&\#951;: Trial Phase for the New Curriculum},
 journal = {SIGCSE Bull.},
 issue_date = {March 2007},
 volume = {39},
 number = {1},
 month = mar,
 year = {2007},
 issn = {0097-8418},
 pages = {415--419},
 numpages = {5},
 url = {http://doi.acm.org/10.1145/1227504.1227455},
 doi = {10.1145/1227504.1227455},
 acmid = {1227455},
 publisher = {ACM},
 address = {New York, NY, USA},
 keywords = {{\$\tau\$}{\$\epsilon\$}{\$\chi\$}\&\#957;\&\#951;, computer graphics, curriculum design, problem-based instruction, ray-tracing},
}

@inproceedings{Arlegui:2013:PAU:2536536.2536585,
 author = {Arlegui, Javier and Pina, Alfredo and Moro, Michele},
 title = {A PBL Approach Using Virtual and Real Robots (with BYOB and LEGO NXT) to Teaching Learning Key Competences and Standard Curricula in Primary Level},
 booktitle = {Proceedings of the First International Conference on Technological Ecosystem for Enhancing Multiculturality},
 series = {TEEM '13},
 year = {2013},
 isbn = {978-1-4503-2345-1},
 location = {Salamanca, Spain},
 pages = {323--328},
 numpages = {6},
 url = {http://doi.acm.org/10.1145/2536536.2536585},
 doi = {10.1145/2536536.2536585},
 acmid = {2536585},
 publisher = {ACM},
 address = {New York, NY, USA},
 keywords = {BYOB, NXT, constructivism/constructionism, educational robotics},
}

@inproceedings{Chetty:2015:TPD:2828959.2828976,
 author = {Chetty, Jacqui and van der Westhuizen, Duan},
 title = {Towards a Pedagogical Design for Teaching Novice Programmers: Design-based Research As an Empirical Determinant for Success},
 booktitle = {Proceedings of the 15th Koli Calling Conference on Computing Education Research},
 series = {Koli Calling '15},
 year = {2015},
 isbn = {978-1-4503-4020-5},
 location = {Koli, Finland},
 pages = {5--12},
 numpages = {8},
 url = {http://doi.acm.org/10.1145/2828959.2828976},
 doi = {10.1145/2828959.2828976},
 acmid = {2828976},
 publisher = {ACM},
 address = {New York, NY, USA},
 keywords = {CS1, design principles, design-based research, instructional design},
}

@inproceedings{Parmaxi:2014:AST:2559206.2581267,
 author = {Parmaxi, Antigoni and Zaphiris, Panayiotis},
 title = {Affordances of Social Technologies As Social Microworlds},
 booktitle = {CHI '14 Extended Abstracts on Human Factors in Computing Systems},
 series = {CHI EA '14},
 year = {2014},
 isbn = {978-1-4503-2474-8},
 location = {Toronto, Ontario, Canada},
 pages = {2113--2118},
 numpages = {6},
 url = {http://doi.acm.org/10.1145/2559206.2581267},
 doi = {10.1145/2559206.2581267},
 acmid = {2581267},
 publisher = {ACM},
 address = {New York, NY, USA},
 keywords = {affordances, call, computer assisted language learning, constructionism, limitations, social constructionism, social media, web 2.0},
}

@inproceedings{Kafai:2013:STK:2445196.2445373,
 author = {Kafai, Yasmin B. and Burke, Quinn},
 title = {The Social Turn in K-12 Programming: Moving from Computational Thinking to Computational Participation},
 booktitle = {Proceeding of the 44th ACM Technical Symposium on Computer Science Education},
 series = {SIGCSE '13},
 year = {2013},
 isbn = {978-1-4503-1868-6},
 location = {Denver, Colorado, USA},
 pages = {603--608},
 numpages = {6},
 url = {http://doi.acm.org/10.1145/2445196.2445373},
 doi = {10.1145/2445196.2445373},
 acmid = {2445373},
 publisher = {ACM},
 address = {New York, NY, USA},
 keywords = {networked commons, novice programming, tools},
}

@inproceedings{Gweon:2006:PSA:1124772.1124810,
 author = {Gweon, Gahgene and Rose, Carolyn and Carey, Regan and Zaiss, Zachary},
 title = {Providing Support for Adaptive Scripting in an On-line Collaborative Learning Environment},
 booktitle = {Proceedings of the SIGCHI Conference on Human Factors in Computing Systems},
 series = {CHI '06},
 year = {2006},
 isbn = {1-59593-372-7},
 location = {Montr\&\#233;al, Qu\&\#233;bec, Canada},
 pages = {251--260},
 numpages = {10},
 url = {http://doi.acm.org/10.1145/1124772.1124810},
 doi = {10.1145/1124772.1124810},
 acmid = {1124810},
 publisher = {ACM},
 address = {New York, NY, USA},
 keywords = {adaptive support, collaborative learning, computer mediated communication},
}

@inproceedings{Zhu:2016:DIO:2930674.2930697,
 author = {Zhu, Kening and Ma, Xiaojuan and Wong, Gary Ka Wai and Huen, John Man Ho},
 title = {How Different Input and Output Modalities Support Coding As a Problem-Solving Process for Children},
 booktitle = {Proceedings of the The 15th International Conference on Interaction Design and Children},
 series = {IDC '16},
 year = {2016},
 isbn = {978-1-4503-4313-8},
 location = {Manchester, United Kingdom},
 pages = {238--245},
 numpages = {8},
 url = {http://doi.acm.org/10.1145/2930674.2930697},
 doi = {10.1145/2930674.2930697},
 acmid = {2930697},
 publisher = {ACM},
 address = {New York, NY, USA},
 keywords = {Graphical, Kids coding, Problem solving, Tangible},
}

@inproceedings{Luxton-Reilly:2018:IPS:3293881.3295779,
 author = {Luxton-Reilly, Andrew and Simon and Albluwi, Ibrahim and Becker, Brett A. and Giannakos, Michail and Kumar, Amruth N. and Ott, Linda and Paterson, James and Scott, Michael James and Sheard, Judy and Szabo, Claudia},
 title = {Introductory Programming: A Systematic Literature Review},
 booktitle = {Proceedings Companion of the 23rd Annual ACM Conference on Innovation and Technology in Computer Science Education},
 series = {ITiCSE 2018 Companion},
 year = {2018},
 isbn = {978-1-4503-6223-8},
 location = {Larnaca, Cyprus},
 pages = {55--106},
 numpages = {52},
 url = {http://doi.acm.org/10.1145/3293881.3295779},
 doi = {10.1145/3293881.3295779},
 acmid = {3295779},
 publisher = {ACM},
 address = {New York, NY, USA},
 keywords = {CS1, ITiCSE working group, SLR, introductory programming, literature review, novice programming, overview, review, systematic literature review, systematic review},
}

@inproceedings{Gluga:2012:CTB:2483716.2483734,
 author = {Gluga, Richard and Kay, Judy and Lister, Raymond and Kleitman, Sabina and Lever, Tim},
 title = {Coming to Terms with Bloom: An Online Tutorial for Teachers of Programming Fundamentals},
 booktitle = {Proceedings of the Fourteenth Australasian Computing Education Conference - Volume 123},
 series = {ACE '12},
 year = {2012},
 isbn = {978-1-921770-04-3},
 location = {Melbourne, Australia},
 pages = {147--156},
 numpages = {10},
 url = {http://dl.acm.org/citation.cfm?id=2483716.2483734},
 acmid = {2483734},
 publisher = {Australian Computer Society, Inc.},
 address = {Darlinghurst, Australia, Australia},
 keywords = {Bloom, assessment, competence, learning progression, maturity, programming},
}

@inproceedings{Simon:2012:IPE:2483716.2483724,
 author = {Simon and Chinn, Donald and de Raadt, Michael and Philpott, Anne and Sheard, Judy and Laakso, Mikko-Jussi and D'Souza, Daryl and Skene, James and Carbone, Angela and Clear, Tony and Lister, Raymond and Warburton, Geoff},
 title = {Introductory Programming: Examining the Exams},
 booktitle = {Proceedings of the Fourteenth Australasian Computing Education Conference - Volume 123},
 series = {ACE '12},
 year = {2012},
 isbn = {978-1-921770-04-3},
 location = {Melbourne, Australia},
 pages = {61--70},
 numpages = {10},
 url = {http://dl.acm.org/citation.cfm?id=2483716.2483724},
 acmid = {2483724},
 publisher = {Australian Computer Society, Inc.},
 address = {Darlinghurst, Australia, Australia},
 keywords = {computing education, examination papers, introductory programming},
}

@inproceedings{Hammond:1995:PPE:217279.215309,
 author = {Hammond, Nick and McKendree, Jean and Reader, Will and Trapp, Annie},
 title = {The PsyCLE Project: Educational Multimedia for Conceptual Understanding},
 booktitle = {Proceedings of the Third ACM International Conference on Multimedia},
 series = {MULTIMEDIA '95},
 year = {1995},
 isbn = {0-89791-751-0},
 location = {San Francisco, California, USA},
 pages = {447--456},
 numpages = {10},
 url = {http://doi.acm.org/10.1145/217279.215309},
 doi = {10.1145/217279.215309},
 acmid = {215309},
 publisher = {ACM},
 address = {New York, NY, USA},
 keywords = {consortium project, learning principles, multimedia education, psychology},
}

@inproceedings{Ajanovski:2017:ECR:3125659.3125698,
 author = {Ajanovski, Vangel V.},
 title = {Evolutionary Curriculum Reconstruction: Process Model and Information System Development},
 booktitle = {Proceedings of the 18th Annual Conference on Information Technology Education},
 series = {SIGITE '17},
 year = {2017},
 isbn = {978-1-4503-5100-3},
 location = {Rochester, New York, USA},
 pages = {89--94},
 numpages = {6},
 url = {http://doi.acm.org/10.1145/3125659.3125698},
 doi = {10.1145/3125659.3125698},
 acmid = {3125698},
 publisher = {ACM},
 address = {New York, NY, USA},
 keywords = {course enrollment, curricula guidelines, curriculum analysis, curriculum development, curriculum development process},
}

@inproceedings{Prather:2019:FTF:3287324.3287374,
 author = {Prather, James and Pettit, Raymond and Becker, Brett A. and Denny, Paul and Loksa, Dastyni and Peters, Alani and Albrecht, Zachary and Masci, Krista},
 title = {First Things First: Providing Metacognitive Scaffolding for Interpreting Problem Prompts},
 booktitle = {Proceedings of the 50th ACM Technical Symposium on Computer Science Education},
 series = {SIGCSE '19},
 year = {2019},
 isbn = {978-1-4503-5890-3},
 location = {Minneapolis, MN, USA},
 pages = {531--537},
 numpages = {7},
 url = {http://doi.acm.org/10.1145/3287324.3287374},
 doi = {10.1145/3287324.3287374},
 acmid = {3287374},
 publisher = {ACM},
 address = {New York, NY, USA},
 keywords = {automated assessment tools, cs1, metacognitive awareness},
}

@article{Maia:2005:CFO:1151954.1067505,
 author = {Maia, Luiz Paulo and Machado, Francis Berenger and Pacheco,Jr., Ageu C.},
 title = {A Constructivist Framework for Operating Systems Education: A Pedagogic Proposal Using the SOsim},
 journal = {SIGCSE Bull.},
 issue_date = {September 2005},
 volume = {37},
 number = {3},
 month = jun,
 year = {2005},
 issn = {0097-8418},
 pages = {218--222},
 numpages = {5},
 url = {http://doi.acm.org/10.1145/1151954.1067505},
 doi = {10.1145/1151954.1067505},
 acmid = {1067505},
 publisher = {ACM},
 address = {New York, NY, USA},
 keywords = {computer science education, graphics, operating systems, pedagogy, simulation, visualization},
}

@inproceedings{Maia:2005:CFO:1067445.1067505,
 author = {Maia, Luiz Paulo and Machado, Francis Berenger and Pacheco,Jr., Ageu C.},
 title = {A Constructivist Framework for Operating Systems Education: A Pedagogic Proposal Using the SOsim},
 booktitle = {Proceedings of the 10th Annual SIGCSE Conference on Innovation and Technology in Computer Science Education},
 series = {ITiCSE '05},
 year = {2005},
 isbn = {1-59593-024-8},
 location = {Caparica, Portugal},
 pages = {218--222},
 numpages = {5},
 url = {http://doi.acm.org/10.1145/1067445.1067505},
 doi = {10.1145/1067445.1067505},
 acmid = {1067505},
 publisher = {ACM},
 address = {New York, NY, USA},
 keywords = {computer science education, graphics, operating systems, pedagogy, simulation, visualization},
}

@inproceedings{Touretzky:2017:SRY:3017680.3017787,
 author = {Touretzky, David S. and Gardner-McCune, Christina and Aggarwal, Ashish},
 title = {Semantic Reasoning in Young Programmers},
 booktitle = {Proceedings of the 2017 ACM SIGCSE Technical Symposium on Computer Science Education},
 series = {SIGCSE '17},
 year = {2017},
 isbn = {978-1-4503-4698-6},
 location = {Seattle, Washington, USA},
 pages = {585--590},
 numpages = {6},
 url = {http://doi.acm.org/10.1145/3017680.3017787},
 doi = {10.1145/3017680.3017787},
 acmid = {3017787},
 publisher = {ACM},
 address = {New York, NY, USA},
 keywords = {formal reasoning, kodu game lab, programming idioms},
}

@article{Berger:1988:MIL:382236.382856,
 author = {Berger, Carl F. and Carlson, Elizabeth A.},
 title = {A Model for Incorporating Learning Theories into Preservice Computer Training},
 journal = {SIGCUE Outlook},
 issue_date = {Sept. 1988},
 volume = {20},
 number = {1},
 month = sep,
 year = {1988},
 issn = {0163-5735},
 pages = {32--46},
 numpages = {15},
 url = {http://doi.acm.org/10.1145/382236.382856},
 doi = {10.1145/382236.382856},
 acmid = {382856},
 publisher = {ACM},
 address = {New York, NY, USA},
}

@inproceedings{Bennedssen:2008:AAI:1404520.1404523,
 author = {Bennedssen, Jens and Caspersen, Michael E.},
 title = {Abstraction Ability As an Indicator of Success for Learning Computing Science?},
 booktitle = {Proceedings of the Fourth International Workshop on Computing Education Research},
 series = {ICER '08},
 year = {2008},
 isbn = {978-1-60558-216-0},
 location = {Sydney, Australia},
 pages = {15--26},
 numpages = {12},
 url = {http://doi.acm.org/10.1145/1404520.1404523},
 doi = {10.1145/1404520.1404523},
 acmid = {1404523},
 publisher = {ACM},
 address = {New York, NY, USA},
 keywords = {CS, abstraction, computer science, indicator, learning, success},
}

@inproceedings{Prather:2018:MDF:3230977.3230981,
 author = {Prather, James and Pettit, Raymond and McMurry, Kayla and Peters, Alani and Homer, John and Cohen, Maxine},
 title = {Metacognitive Difficulties Faced by Novice Programmers in Automated Assessment Tools},
 booktitle = {Proceedings of the 2018 ACM Conference on International Computing Education Research},
 series = {ICER '18},
 year = {2018},
 isbn = {978-1-4503-5628-2},
 location = {Espoo, Finland},
 pages = {41--50},
 numpages = {10},
 url = {http://doi.acm.org/10.1145/3230977.3230981},
 doi = {10.1145/3230977.3230981},
 acmid = {3230981},
 publisher = {ACM},
 address = {New York, NY, USA},
 keywords = {automated assessment tools, cs1, education, hci, human factors, metacognitive awareness},
}

@inproceedings{Prather:2017:NIC:3105726.3106169,
 author = {Prather, James and Pettit, Raymond and McMurry, Kayla Holcomb and Peters, Alani and Homer, John and Simone, Nevan and Cohen, Maxine},
 title = {On Novices' Interaction with Compiler Error Messages: A Human Factors Approach},
 booktitle = {Proceedings of the 2017 ACM Conference on International Computing Education Research},
 series = {ICER '17},
 year = {2017},
 isbn = {978-1-4503-4968-0},
 location = {Tacoma, Washington, USA},
 pages = {74--82},
 numpages = {9},
 url = {http://doi.acm.org/10.1145/3105726.3106169},
 doi = {10.1145/3105726.3106169},
 acmid = {3106169},
 publisher = {ACM},
 address = {New York, NY, USA},
 keywords = {CS1, HCI, automated assessment tools, education, ethnography, human factors, usability},
}

@inproceedings{Ackermann:2001:PCK:634067.634091,
 author = {Ackermann, Edith and Strohecker, Carol},
 title = {PatternMagix Construction Kit Software},
 booktitle = {CHI '01 Extended Abstracts on Human Factors in Computing Systems},
 series = {CHI EA '01},
 year = {2001},
 isbn = {1-58113-340-5},
 location = {Seattle, Washington},
 pages = {31--32},
 numpages = {2},
 url = {http://doi.acm.org/10.1145/634067.634091},
 doi = {10.1145/634067.634091},
 acmid = {634091},
 publisher = {ACM},
 address = {New York, NY, USA},
 keywords = {constructive-dialogic interaction, geometric symmetry, learning, negotiational control, patterns},
}

@inproceedings{Swidan:2019:ERC:3300115.3309504,
 author = {Swidan, Alaaeddin and Hermans, Felienne},
 title = {The Effect of Reading Code Aloud on Comprehension: An Empirical Study with School Students},
 booktitle = {Proceedings of the ACM Conference on Global Computing Education},
 series = {CompEd '19},
 year = {2019},
 isbn = {978-1-4503-6259-7},
 location = {Chengdu,Sichuan, China},
 pages = {178--184},
 numpages = {7},
 url = {http://doi.acm.org/10.1145/3300115.3309504},
 doi = {10.1145/3300115.3309504},
 acmid = {3309504},
 publisher = {ACM},
 address = {New York, NY, USA},
 keywords = {bloom's taxonomy, primary school, programming education, reading aloud (RA)},
}

@inproceedings{Baker:2015:LWW:2788412.2788417,
 author = {Baker, Michael J.},
 title = {Learning in Work, Work in Learning: Relations Between Constructive Ergonomics and the Learning Sciences},
 booktitle = {Proceedings of the European Conference on Cognitive Ergonomics 2015},
 series = {ECCE '15},
 year = {2007},
 isbn = {978-1-4503-3612-3},
 location = {Warsaw, Poland},
 pages = {5:1--5:5},
 articleno = {5},
 numpages = {5},
 url = {http://doi.acm.org/10.1145/2788412.2788417},
 doi = {10.1145/2788412.2788417},
 acmid = {2788417},
 publisher = {ACM},
 address = {New York, NY, USA},
 keywords = {Constructive Ergonomics, Design-Based Research, Learning Sciences, developmental theory, situated learning},
}

@inproceedings{Niemela:2017:CTE:3141880.3141885,
 author = {Niemel\"{a}, Pia and Partanen, Tiina and Harsu, Maarit and Lepp\"{a}nen, Leo and Ihantola, Petri},
 title = {Computational Thinking As an Emergent Learning Trajectory of Mathematics},
 booktitle = {Proceedings of the 17th Koli Calling International Conference on Computing Education Research},
 series = {Koli Calling '17},
 year = {2017},
 isbn = {978-1-4503-5301-4},
 location = {Koli, Finland},
 pages = {70--79},
 numpages = {10},
 url = {http://doi.acm.org/10.1145/3141880.3141885},
 doi = {10.1145/3141880.3141885},
 acmid = {3141885},
 publisher = {ACM},
 address = {New York, NY, USA},
 keywords = {K-12 computer science curriculum, computational thinking, in-service teacher training, learning trajectory, math-integrated computing},
}

@inproceedings{Ruan:2019:QDA:3290605.3300587,
 author = {Ruan, Sherry and Jiang, Liwei and Xu, Justin and Tham, Bryce Joe-Kun and Qiu, Zhengneng and Zhu, Yeshuang and Murnane, Elizabeth L. and Brunskill, Emma and Landay, James A.},
 title = {QuizBot: A Dialogue-based Adaptive Learning System for Factual Knowledge},
 booktitle = {Proceedings of the 2019 CHI Conference on Human Factors in Computing Systems},
 series = {CHI '19},
 year = {2019},
 isbn = {978-1-4503-5970-2},
 location = {Glasgow, Scotland Uk},
 pages = {357:1--357:13},
 articleno = {357},
 numpages = {13},
 url = {http://doi.acm.org/10.1145/3290605.3300587},
 doi = {10.1145/3290605.3300587},
 acmid = {3300587},
 publisher = {ACM},
 address = {New York, NY, USA},
 keywords = {chatbots, conversational user interfaces, educational applications, intelligent systems, pedagogical agents},
}

@inproceedings{Bednarik:2018:EME:3279720.3279722,
 author = {Bednarik, Roman and Schulte, Carsten and Budde, Lea and Heinemann, Birte and Vrzakova, Hana},
 title = {Eye-movement Modeling Examples in Source Code Comprehension: A Classroom Study},
 booktitle = {Proceedings of the 18th Koli Calling International Conference on Computing Education Research},
 series = {Koli Calling '18},
 year = {2018},
 isbn = {978-1-4503-6535-2},
 location = {Koli, Finland},
 pages = {2:1--2:8},
 articleno = {2},
 numpages = {8},
 url = {http://doi.acm.org/10.1145/3279720.3279722},
 doi = {10.1145/3279720.3279722},
 acmid = {3279722},
 publisher = {ACM},
 address = {New York, NY, USA},
 keywords = {classroom, eye-tracking, gaze guidance, source code},
}

@article{Ames:2018:HCC:3290265.3274287,
 author = {Ames, Morgan G.},
 title = {Hackers, Computers, and Cooperation: A Critical History of Logo and Constructionist Learning},
 journal = {Proc. ACM Hum.-Comput. Interact.},
 issue_date = {November 2018},
 volume = {2},
 number = {CSCW},
 month = nov,
 year = {2018},
 issn = {2573-0142},
 pages = {18:1--18:19},
 articleno = {18},
 numpages = {19},
 url = {http://doi.acm.org/10.1145/3274287},
 doi = {10.1145/3274287},
 acmid = {3274287},
 publisher = {ACM},
 address = {New York, NY, USA},
 keywords = {ai, constructionism, education, fablabs, hackers, ideology, learning, logo, maker movement, media lab, mindstorms, mit, olpc, piaget, robotics, scaffolding, school, scratch, seymour papert, teachers},
}

@article{Ferguson:2003:OCM:767598.767649,
 author = {Ferguson, Ernest},
 title = {Object-oriented Concept Mapping Using UML Class Diagrams},
 journal = {J. Comput. Sci. Coll.},
 issue_date = {April 2003},
 volume = {18},
 number = {4},
 month = apr,
 year = {2003},
 issn = {1937-4771},
 pages = {344--354},
 numpages = {11},
 url = {http://dl.acm.org/citation.cfm?id=767598.767649},
 acmid = {767649},
 publisher = {Consortium for Computing Sciences in Colleges},
 address = {USA},
 keywords = {UML, concept maps, conceptual change, constructivism},
}

@article{Bennedsen:2006:AAI:1138403.1138430,
 author = {Bennedsen, Jens and Caspersen, Michael E.},
 title = {Abstraction Ability As an Indicator of Success for Learning Object-oriented Programming?},
 journal = {SIGCSE Bull.},
 issue_date = {June 2006},
 volume = {38},
 number = {2},
 month = jun,
 year = {2006},
 issn = {0097-8418},
 pages = {39--43},
 numpages = {5},
 url = {http://doi.acm.org/10.1145/1138403.1138430},
 doi = {10.1145/1138403.1138430},
 acmid = {1138430},
 publisher = {ACM},
 address = {New York, NY, USA},
 keywords = {CS1, abstraction, model-based programming, objects-first, success factors},
}

@inproceedings{Rodrigues:2016:VIV:2889160.2889199,
 author = {Rodrigues, Claudia Susie C. and Werner, Cl\'{a}udia M. L. and Landau, Luiz},
 title = {VisAr3D: An Innovative 3D Visualization of UML Models},
 booktitle = {Proceedings of the 38th International Conference on Software Engineering Companion},
 series = {ICSE '16},
 year = {2016},
 isbn = {978-1-4503-4205-6},
 location = {Austin, Texas},
 pages = {451--460},
 numpages = {10},
 url = {http://doi.acm.org/10.1145/2889160.2889199},
 doi = {10.1145/2889160.2889199},
 acmid = {2889199},
 publisher = {ACM},
 address = {New York, NY, USA},
 keywords = {3D visualization, UML, large scale system, software engineering education},
}

@article{Hazzan:2001:THA:366413.364559,
 author = {Hazzan, Orit},
 title = {Teaching the Human Aspect of Software Engineering - a Case Study},
 journal = {SIGCSE Bull.},
 issue_date = {March 2001},
 volume = {33},
 number = {1},
 month = feb,
 year = {2001},
 issn = {0097-8418},
 pages = {124--128},
 numpages = {5},
 url = {http://doi.acm.org/10.1145/366413.364559},
 doi = {10.1145/366413.364559},
 acmid = {364559},
 publisher = {ACM},
 address = {New York, NY, USA},
}

@inproceedings{Hazzan:2001:THA:364447.364559,
 author = {Hazzan, Orit},
 title = {Teaching the Human Aspect of Software Engineering - a Case Study},
 booktitle = {Proceedings of the Thirty-second SIGCSE Technical Symposium on Computer Science Education},
 series = {SIGCSE '01},
 year = {2001},
 isbn = {1-58113-329-4},
 location = {Charlotte, North Carolina, USA},
 pages = {124--128},
 numpages = {5},
 url = {http://doi.acm.org/10.1145/364447.364559},
 doi = {10.1145/364447.364559},
 acmid = {364559},
 publisher = {ACM},
 address = {New York, NY, USA},
}

@inproceedings{Jin:2018:NIA:3300942.3300959,
 author = {Jin, Laipeng and Jia, Huibin and Yu, Dongchuan},
 title = {A Novel Indicator for Assessing Conceptual Change: A Study Based on Functional Connectivity Measured with Near-infrared Spectroscopy},
 booktitle = {Proceedings of the 2018 International Conference on Education Technology Management},
 series = {ICETM 2018},
 year = {2018},
 isbn = {978-1-4503-6630-4},
 location = {Barcelona, Spain},
 pages = {82--86},
 numpages = {5},
 url = {http://doi.acm.org/10.1145/3300942.3300959},
 doi = {10.1145/3300942.3300959},
 acmid = {3300959},
 publisher = {ACM},
 address = {New York, NY, USA},
 keywords = {Assessment, Conceptual change, Functional connectivity, Functional near-infrared spectroscopy (fNIRS)},
}

@article{Barakett:1987:ECU:25601.25604,
 author = {Barakett, Joyce and Prochner, Lary},
 title = {The Effects of Computer Use in Early Childhood Socialization},
 journal = {SIGCAS Comput. Soc.},
 issue_date = {Oct./Feb. 1987},
 volume = {16-17},
 number = {4-1},
 month = oct,
 year = {1987},
 issn = {0095-2737},
 pages = {19--27},
 numpages = {9},
 url = {http://doi.acm.org/10.1145/25601.25604},
 doi = {10.1145/25601.25604},
 acmid = {25604},
 publisher = {ACM},
 address = {New York, NY, USA},
}

@inproceedings{Carroll:2000:DCF:347642.347731,
 author = {Carroll, John M. and Chin, George and Rosson, Mary Beth and Neale, Dennis C.},
 title = {The Development of Cooperation: Five Years of Participatory Design in the Virtual School},
 booktitle = {Proceedings of the 3rd Conference on Designing Interactive Systems: Processes, Practices, Methods, and Techniques},
 series = {DIS '00},
 year = {2000},
 isbn = {1-58113-219-0},
 location = {New York City, New York, USA},
 pages = {239--251},
 numpages = {13},
 url = {http://doi.acm.org/10.1145/347642.347731},
 doi = {10.1145/347642.347731},
 acmid = {347731},
 publisher = {ACM},
 address = {New York, NY, USA},
 keywords = {cognitive development, cooperative design, educational networks, participatory design, requirements development, requirements engineering, school culture},
}

@inproceedings{Gelderblom:2008:DTY:1456659.1456668,
 author = {Gelderblom, Helene and Kotz{\'e}, Paula},
 title = {Designing Technology for Young Children: What We Can Learn from Theories of Cognitive Development},
 booktitle = {Proceedings of the 2008 Annual Research Conference of the South African Institute of Computer Scientists and Information Technologists on IT Research in Developing Countries: Riding the Wave of Technology},
 series = {SAICSIT '08},
 year = {2008},
 isbn = {978-1-60558-286-3},
 location = {Wilderness, South Africa},
 pages = {66--75},
 numpages = {10},
 url = {http://doi.acm.org/10.1145/1456659.1456668},
 doi = {10.1145/1456659.1456668},
 acmid = {1456668},
 publisher = {ACM},
 address = {New York, NY, USA},
 keywords = {children's technology/software, cognitive development, cognitive skill development, design guidelines, psychological theories},
}

@inproceedings{Paus:2008:WRM:1599871.1599893,
 author = {Paus, Elisabeth and Jucks, Regina},
 title = {Do We Really Mean the Same? The Relationship Between Word Choices and Computer Mediated Cooperative Learning},
 booktitle = {Proceedings of the 8th International Conference on International Conference for the Learning Sciences - Volume 2},
 series = {ICLS'08},
 year = {2008},
 location = {Utrecht, The Netherlands},
 pages = {172--179},
 numpages = {8},
 url = {http://dl.acm.org/citation.cfm?id=1599871.1599893},
 acmid = {1599893},
 publisher = {International Society of the Learning Sciences},
}

@inproceedings{Stager:2003:FWI:857097.857131,
 author = {Stager, Gary S.},
 title = {The Feeling of Wonderful Ideas: Implications for the Future of Teaching and Learning},
 booktitle = {Proceedings of the 3.1 and 3.3 Working Groups Conference on International Federation for Information Processing: ICT and the Teacher of the Future - Volume 23},
 series = {CRPIT '03},
 year = {2003},
 isbn = {1-920682-02-3},
 location = {Melbourne, Australia},
 pages = {111--113},
 numpages = {3},
 url = {http://dl.acm.org/citation.cfm?id=857097.857131},
 acmid = {857131},
 publisher = {Australian Computer Society, Inc.},
 address = {Darlinghurst, Australia, Australia},
 keywords = {constructionism, robotics and programming, teacher development},
}

@inproceedings{Liu:2007:CCL:1599600.1599685,
 author = {Liu, Lei and Hmelo-Silver, Cindy E.},
 title = {Computer-supported Collaborative Learning and Conceptual Change},
 booktitle = {Proceedings of the 8th Iternational Conference on Computer Supported Collaborative Learning},
 series = {CSCL'07},
 year = {2007},
 isbn = {978-0-6151-5436-7},
 location = {New Brunswick, New Jersey, USA},
 pages = {454--463},
 numpages = {10},
 url = {http://dl.acm.org/citation.cfm?id=1599600.1599685},
 acmid = {1599685},
 publisher = {International Society of the Learning Sciences},
}

@inproceedings{Ihantola:2014:ADI:2656450.2656476,
 author = {Ihantola, Petri and Sorva, Juha and Vihavainen, Arto},
 title = {Automatically Detectable Indicators of Programming Assignment Difficulty},
 booktitle = {Proceedings of the 15th Annual Conference on Information Technology Education},
 series = {SIGITE '14},
 year = {2014},
 isbn = {978-1-4503-2686-5},
 location = {Atlanta, Georgia, USA},
 pages = {33--38},
 numpages = {6},
 url = {http://doi.acm.org/10.1145/2656450.2656476},
 doi = {10.1145/2656450.2656476},
 acmid = {2656476},
 publisher = {ACM},
 address = {New York, NY, USA},
 keywords = {assignment difficulty, automated assessment, personalized feedback, programming assignments},
}

@inproceedings{Gelderblom:2009:TDL:1551788.1551798,
 author = {Gelderblom, Hel{\'e}ne and Kotz{\'e}, Paula},
 title = {Ten Design Lessons from the Literature on Child Development and Children's Use of Technology},
 booktitle = {Proceedings of the 8th International Conference on Interaction Design and Children},
 series = {IDC '09},
 year = {2009},
 isbn = {978-1-60558-395-2},
 location = {Como, Italy},
 pages = {52--60},
 numpages = {9},
 url = {http://doi.acm.org/10.1145/1551788.1551798},
 doi = {10.1145/1551788.1551798},
 acmid = {1551798},
 publisher = {ACM},
 address = {New York, NY, USA},
 keywords = {children's technology, cognitive skill development, design guidelines, interaction design for children},
}

@inproceedings{Sami:2009:MMJ:1600053.1600066,
 author = {Sami, Paavola and Kai, Hakkarainen},
 title = {From Meaning Making to Joint Construction of Knowledge Practices and Artefacts: A Trialogical Approach to CSCL},
 booktitle = {Proceedings of the 9th International Conference on Computer Supported Collaborative Learning - Volume 1},
 series = {CSCL'09},
 year = {2009},
 isbn = {978-1-4092-8598-4},
 location = {Rhodes, Greece},
 pages = {83--92},
 numpages = {10},
 url = {http://dl.acm.org/citation.cfm?id=1600053.1600066},
 acmid = {1600066},
 publisher = {International Society of the Learning Sciences},
}

@inproceedings{Gweon:2007:EEF:1599600.1599645,
 author = {Gweon, Gahgene and Ros{\'e}, Carolyn P. and Albright, Emil and Cui, Yue},
 title = {Evaluating the Effect of Feedback from a CSCL Problem Solving Environment on Learning, Interaction, and Perceived Interdependence},
 booktitle = {Proceedings of the 8th Iternational Conference on Computer Supported Collaborative Learning},
 series = {CSCL'07},
 year = {2007},
 isbn = {978-0-6151-5436-7},
 location = {New Brunswick, New Jersey, USA},
 pages = {234--243},
 numpages = {10},
 url = {http://dl.acm.org/citation.cfm?id=1599600.1599645},
 acmid = {1599645},
 publisher = {International Society of the Learning Sciences},
}

@inproceedings{Kopp:2009:CLV:1600053.1600076,
 author = {Kopp, Birgitta and Schnurer, Katharina and Mandl, Heinz},
 title = {Collaborative Learning in Virtual Seminars: Analyzing Learning Processes and Learning Outcomes},
 booktitle = {Proceedings of the 9th International Conference on Computer Supported Collaborative Learning - Volume 1},
 series = {CSCL'09},
 year = {2009},
 isbn = {978-1-4092-8598-4},
 location = {Rhodes, Greece},
 pages = {151--160},
 numpages = {10},
 url = {http://dl.acm.org/citation.cfm?id=1600053.1600076},
 acmid = {1600076},
 publisher = {International Society of the Learning Sciences},
}

@inproceedings{Schellens:2008:SEK:1599936.1600049,
 author = {Schellens, Tammy and Van Keer, Hilde and De Wever, Bram and Valcke, Martin},
 title = {Student Elaborations and Knowledge Construction in Asynchronous Discussion Groups in Secondary Education},
 booktitle = {Proceedings of the 8th International Conference on International Conference for the Learning Sciences - Volume 3},
 series = {ICLS'08},
 year = {2008},
 location = {Utrecht, The Netherlands},
 pages = {413--415},
 numpages = {3},
 url = {http://dl.acm.org/citation.cfm?id=1599936.1600049},
 acmid = {1600049},
 publisher = {International Society of the Learning Sciences},
}

@inproceedings{Stahl:2009:CLT:1600053.1600059,
 author = {Stahl, Gerry},
 title = {Collaborative Learning Through Practices of Group Cognition},
 booktitle = {Proceedings of the 9th International Conference on Computer Supported Collaborative Learning - Volume 1},
 series = {CSCL'09},
 year = {2009},
 isbn = {978-1-4092-8598-4},
 location = {Rhodes, Greece},
 pages = {33--42},
 numpages = {10},
 url = {http://dl.acm.org/citation.cfm?id=1600053.1600059},
 acmid = {1600059},
 publisher = {International Society of the Learning Sciences},
}

@inproceedings{Asterhan:2008:PAE:1599812.1599819,
 author = {Asterhan, Christa S. C.},
 title = {Processes of Argumentation and Explanation in Conceptual Change: Results from Protocol Analyses of Peer-to-peer Dialogue},
 booktitle = {Proceedings of the 8th International Conference on International Conference for the Learning Sciences - Volume 1},
 series = {ICLS'08},
 year = {2008},
 location = {Utrecht, The Netherlands},
 pages = {60--67},
 numpages = {8},
 url = {http://dl.acm.org/citation.cfm?id=1599812.1599819},
 acmid = {1599819},
 publisher = {International Society of the Learning Sciences},
}

@inproceedings{Overdijk:2008:MUA:1599871.1599891,
 author = {Overdijk, Maarten and Bernard, Fran\c{c}ois-Xavier and Van Diggelen, Wouter and Baker, Michael},
 title = {From Mastery to Utilisation: Appropriation of Tools for Collaboration in Learning Situations},
 booktitle = {Proceedings of the 8th International Conference on International Conference for the Learning Sciences - Volume 2},
 series = {ICLS'08},
 year = {2008},
 location = {Utrecht, The Netherlands},
 pages = {156--163},
 numpages = {8},
 url = {http://dl.acm.org/citation.cfm?id=1599871.1599891},
 acmid = {1599891},
 publisher = {International Society of the Learning Sciences},
}

