@article{Lister:2007:SET:1272848.1272856,
 author = {Lister, Raymond},
 title = {Strangers, Enemies, Terms and Taxonomies},
 journal = {SIGCSE Bull.},
 issue_date = {June 2007},
 volume = {39},
 number = {2},
 month = jun,
 year = {2007},
 issn = {0097-8418},
 pages = {12--13},
 numpages = {2},
 url = {http://doi.acm.org/10.1145/1272848.1272856},
 doi = {10.1145/1272848.1272856},
 acmid = {1272856},
 publisher = {ACM},
 address = {New York, NY, USA},
}

@inproceedings{Lister:2005:OSS:1082424.1082444,
 author = {Lister, Raymond},
 title = {One Small Step Toward a Culture of Peer Review and Multi-institutional Sharing of Educational Resources: A Multiple Choice Exam for First Semester Programming Students},
 booktitle = {Proceedings of the 7th Australasian Conference on Computing Education - Volume 42},
 series = {ACE '05},
 year = {2005},
 isbn = {1-920682-24-4},
 location = {Newcastle, New South Wales, Australia},
 pages = {155--164},
 numpages = {10},
 url = {http://dl.acm.org/citation.cfm?id=1082424.1082444},
 acmid = {1082444},
 publisher = {Australian Computer Society, Inc.},
 address = {Darlinghurst, Australia, Australia},
 keywords = {CS1, digital library, introductory programming, java, multiple-choice question, peer review},
}

