@inproceedings{Sanders:2012:TCT:2361276.2361283,
 author = {Sanders, Kate and Boustedt, Jonas and Eckerdal, Anna and McCartney, Robert and Mostr\"{o}m, Jan Erik and Thomas, Lynda and Zander, Carol},
 title = {Threshold Concepts and Threshold Skills in Computing},
 booktitle = {Proceedings of the Ninth Annual International Conference on International Computing Education Research},
 series = {ICER '12},
 year = {2012},
 isbn = {978-1-4503-1604-0},
 location = {Auckland, New Zealand},
 pages = {23--30},
 numpages = {8},
 url = {http://doi.acm.org/10.1145/2361276.2361283},
 doi = {10.1145/2361276.2361283},
 acmid = {2361283},
 publisher = {ACM},
 address = {New York, NY, USA},
 keywords = {threshold concepts, threshold skills},
}

@inproceedings{Sanders:2014:CSC:2674683.2675062,
 author = {Sanders, Kate},
 title = {Card Sorts, Commonsense, and Thresholds: A Case Study in CS Education Research},
 booktitle = {Proceedings of the 14th Koli Calling International Conference on Computing Education Research},
 series = {Koli Calling '14},
 year = {2014},
 isbn = {978-1-4503-3065-7},
 location = {Koli, Finland},
 pages = {1--3},
 numpages = {3},
 url = {http://doi.acm.org/10.1145/2674683.2675062},
 doi = {10.1145/2674683.2675062},
 acmid = {2675062},
 publisher = {ACM},
 address = {New York, NY, USA},
 keywords = {computer science education research, research agenda},
}

@inproceedings{Hubwieser:2012:TDE:2481449.2481464,
 author = {Hubwieser, Peter and Zendler, Andreas},
 title = {How Teachers in Different Educational Systems Value Central Concepts of Computer Science},
 booktitle = {Proceedings of the 7th Workshop in Primary and Secondary Computing Education},
 series = {WiPSCE '12},
 year = {2012},
 isbn = {978-1-4503-1787-0},
 location = {Hamburg, Germany},
 pages = {62--69},
 numpages = {8},
 url = {http://doi.acm.org/10.1145/2481449.2481464},
 doi = {10.1145/2481449.2481464},
 acmid = {2481464},
 publisher = {ACM},
 address = {New York, NY, USA},
 keywords = {central concepts, computer science education, subject domain knowledge, teacher education},
}

@inproceedings{Papancea:2013:OPM:2493394.2493401,
 author = {Papancea, Andrei and Spacco, Jaime and Hovemeyer, David},
 title = {An Open Platform for Managing Short Programming Exercises},
 booktitle = {Proceedings of the Ninth Annual International ACM Conference on International Computing Education Research},
 series = {ICER '13},
 year = {2013},
 isbn = {978-1-4503-2243-0},
 location = {San Diego, San California, USA},
 pages = {47--52},
 numpages = {6},
 url = {http://doi.acm.org/10.1145/2493394.2493401},
 doi = {10.1145/2493394.2493401},
 acmid = {2493401},
 publisher = {ACM},
 address = {New York, NY, USA},
 keywords = {cs1, data collection, novice programmers, student behavior},
}

@inproceedings{Sanders:2016:TCC:2999541.2999546,
 author = {Sanders, Kate and McCartney, Robert},
 title = {Threshold Concepts in Computing: Past, Present, and Future},
 booktitle = {Proceedings of the 16th Koli Calling International Conference on Computing Education Research},
 series = {Koli Calling '16},
 year = {2016},
 isbn = {978-1-4503-4770-9},
 location = {Koli, Finland},
 pages = {91--100},
 numpages = {10},
 url = {http://doi.acm.org/10.1145/2999541.2999546},
 doi = {10.1145/2999541.2999546},
 acmid = {2999546},
 publisher = {ACM},
 address = {New York, NY, USA},
 keywords = {threshold concepts},
}

@inproceedings{Shinners-Kennedy:2013:ITC:2493394.2493396,
 author = {Shinners-Kennedy, Dermot and Fincher, Sally A.},
 title = {Identifying Threshold Concepts: From Dead End to a New Direction},
 booktitle = {Proceedings of the Ninth Annual International ACM Conference on International Computing Education Research},
 series = {ICER '13},
 year = {2013},
 isbn = {978-1-4503-2243-0},
 location = {San Diego, San California, USA},
 pages = {9--18},
 numpages = {10},
 url = {http://doi.acm.org/10.1145/2493394.2493396},
 doi = {10.1145/2493394.2493396},
 acmid = {2493396},
 publisher = {ACM},
 address = {New York, NY, USA},
 keywords = {hindsight bias, pck, threshold concepts},
}

@inproceedings{Connolly:2019:FBW:3287324.3287433,
 author = {Connolly, Randy},
 title = {Facing Backwards While Stumbling Forwards: The Future of Teaching Web Development},
 booktitle = {Proceedings of the 50th ACM Technical Symposium on Computer Science Education},
 series = {SIGCSE '19},
 year = {2019},
 isbn = {978-1-4503-5890-3},
 location = {Minneapolis, MN, USA},
 pages = {518--523},
 numpages = {6},
 url = {http://doi.acm.org/10.1145/3287324.3287433},
 doi = {10.1145/3287324.3287433},
 acmid = {3287433},
 publisher = {ACM},
 address = {New York, NY, USA},
 keywords = {cloud computing, cs education, web development},
}

@article{Turner:2018:PRC:3266362.3152715,
 author = {Turner, Scott Alexander and P{\'e}rez-Qui\~{n}ones, Manuel A. and Edwards, Stephen H.},
 title = {Peer Review in CS2: Conceptual Learning and High-Level Thinking},
 journal = {ACM Trans. Comput. Educ.},
 issue_date = {September 2018},
 volume = {18},
 number = {3},
 month = sep,
 year = {2018},
 issn = {1946-6226},
 pages = {13:1--13:37},
 articleno = {13},
 numpages = {37},
 url = {http://doi.acm.org/10.1145/3152715},
 doi = {10.1145/3152715},
 acmid = {3152715},
 publisher = {ACM},
 address = {New York, NY, USA},
 keywords = {CS education, learning, Peer Review, object-oriented concepts, peer assessment},
}

@inproceedings{Kallia:2017:CTP:3137065.3137085,
 author = {Kallia, Maria and Sentance, Sue},
 title = {Computing Teachers' Perspectives on Threshold Concepts: Functions and Procedural Abstraction},
 booktitle = {Proceedings of the 12th Workshop on Primary and Secondary Computing Education},
 series = {WiPSCE '17},
 year = {2017},
 isbn = {978-1-4503-5428-8},
 location = {Nijmegen, Netherlands},
 pages = {15--24},
 numpages = {10},
 url = {http://doi.acm.org/10.1145/3137065.3137085},
 doi = {10.1145/3137065.3137085},
 acmid = {3137085},
 publisher = {ACM},
 address = {New York, NY, USA},
 keywords = {Computer Programming, Computer Science Education, Threshold Concepts},
}

@inproceedings{Falkner:2016:AVP:2899415.2899429,
 author = {Falkner, Katrina and Falkner, Nickolas and Szabo, Claudia and Vivian, Rebecca},
 title = {Applying Validated Pedagogy to MOOCs: An Introductory Programming Course with Media Computation},
 booktitle = {Proceedings of the 2016 ACM Conference on Innovation and Technology in Computer Science Education},
 series = {ITiCSE '16},
 year = {2016},
 isbn = {978-1-4503-4231-5},
 location = {Arequipa, Peru},
 pages = {326--331},
 numpages = {6},
 url = {http://doi.acm.org/10.1145/2899415.2899429},
 doi = {10.1145/2899415.2899429},
 acmid = {2899429},
 publisher = {ACM},
 address = {New York, NY, USA},
 keywords = {cs101, introductory programming, massively open online course (mooc), online learning},
}

@inproceedings{Kennedy:2018:TTE:3279720.3279728,
 author = {Kennedy, Cazembe and Kraemer, Eileen T.},
 title = {What Are They Thinking?: Eliciting Student Reasoning About Troublesome Concepts in Introductory Computer Science},
 booktitle = {Proceedings of the 18th Koli Calling International Conference on Computing Education Research},
 series = {Koli Calling '18},
 year = {2018},
 isbn = {978-1-4503-6535-2},
 location = {Koli, Finland},
 pages = {7:1--7:10},
 articleno = {7},
 numpages = {10},
 url = {http://doi.acm.org/10.1145/3279720.3279728},
 doi = {10.1145/3279720.3279728},
 acmid = {3279728},
 publisher = {ACM},
 address = {New York, NY, USA},
 keywords = {Computing education, false sharing, misconceptions, parameter passing, pedagogical content knowledge, student reasoning, variable shadowing},
}

@inproceedings{Thomas:2017:SSD:3059009.3059016,
 author = {Thomas, Lynda and Zander, Carol and Loftus, Chris and Eckerdal, Anna},
 title = {Student Software Designs at the Undergraduate Midpoint},
 booktitle = {Proceedings of the 2017 ACM Conference on Innovation and Technology in Computer Science Education},
 series = {ITiCSE '17},
 year = {2017},
 isbn = {978-1-4503-4704-4},
 location = {Bologna, Italy},
 pages = {34--39},
 numpages = {6},
 url = {http://doi.acm.org/10.1145/3059009.3059016},
 doi = {10.1145/3059009.3059016},
 acmid = {3059016},
 publisher = {ACM},
 address = {New York, NY, USA},
 keywords = {replication, software design, software engineering, threshold concepts, threshold skills, uml},
}

@article{Yeomans:2019:TTS:3308443.3283071,
 author = {Yeomans, Lucy and Zschaler, Steffen and Coate, Kelly},
 title = {Transformative and Troublesome? Students' and Professional Programmers' Perspectives on Difficult Concepts in Programming},
 journal = {ACM Trans. Comput. Educ.},
 issue_date = {June 2019},
 volume = {19},
 number = {3},
 month = jan,
 year = {2019},
 issn = {1946-6226},
 pages = {23:1--23:27},
 articleno = {23},
 numpages = {27},
 url = {http://doi.acm.org/10.1145/3283071},
 doi = {10.1145/3283071},
 acmid = {3283071},
 publisher = {ACM},
 address = {New York, NY, USA},
 keywords = {Threshold concepts, accidental complexities, computer science curriculum, focus groups, learning programming},
}

