@inproceedings{Mendiburo:2014:IDI:2567574.2567628,
 author = {Mendiburo, Maria and Sulcer, Brian and Hasselbring, Ted},
 title = {Interaction Design for Improved Analytics},
 booktitle = {Proceedings of the Fourth International Conference on Learning Analytics And Knowledge},
 series = {LAK '14},
 year = {2014},
 isbn = {978-1-4503-2664-3},
 location = {Indianapolis, Indiana, USA},
 pages = {78--82},
 numpages = {5},
 url = {http://doi.acm.org/10.1145/2567574.2567628},
 doi = {10.1145/2567574.2567628},
 acmid = {2567628},
 publisher = {ACM},
 address = {New York, NY, USA},
 keywords = {design research, fractions, virtual manipulatives},
}

@inproceedings{Sobel:2017:ESF:2998181.2998231,
 author = {Sobel, Kiley and Kovacs, Geza and McQuillen, Galen and Cross, Andrew and Chandrasekaran, Nirupama and Riche, Nathalie Henry and Cutrell, Ed and Morris, Meredith Ringel},
 title = {EduFeed: A Social Feed to Engage Preliterate Children in Educational Activities},
 booktitle = {Proceedings of the 2017 ACM Conference on Computer Supported Cooperative Work and Social Computing},
 series = {CSCW '17},
 year = {2017},
 isbn = {978-1-4503-4335-0},
 location = {Portland, Oregon, USA},
 pages = {491--504},
 numpages = {14},
 url = {http://doi.acm.org/10.1145/2998181.2998231},
 doi = {10.1145/2998181.2998231},
 acmid = {2998231},
 publisher = {ACM},
 address = {New York, NY, USA},
 keywords = {CSCL, ICT4D, children, education, literacy, social feeds},
}

@inproceedings{Sadka:2017:PMP:3078072.3084332,
 author = {Sadka, Ofir and Zuckerman, Oren},
 title = {From Parents to Mentors: Parent-Child Interaction in Co-Making Activities},
 booktitle = {Proceedings of the 2017 Conference on Interaction Design and Children},
 series = {IDC '17},
 year = {2017},
 isbn = {978-1-4503-4921-5},
 location = {Stanford, California, USA},
 pages = {609--615},
 numpages = {7},
 url = {http://doi.acm.org/10.1145/3078072.3084332},
 doi = {10.1145/3078072.3084332},
 acmid = {3084332},
 publisher = {ACM},
 address = {New York, NY, USA},
 keywords = {children, making, parents, scaffolding},
}

@inproceedings{Anderson:2013:LCS:2445196.2445344,
 author = {Anderson, Nicole and Gegg-Harrison, Tim},
 title = {Learning Computer Science in the "Comfort Zone of Proximal Development"},
 booktitle = {Proceeding of the 44th ACM Technical Symposium on Computer Science Education},
 series = {SIGCSE '13},
 year = {2013},
 isbn = {978-1-4503-1868-6},
 location = {Denver, Colorado, USA},
 pages = {495--500},
 numpages = {6},
 url = {http://doi.acm.org/10.1145/2445196.2445344},
 doi = {10.1145/2445196.2445344},
 acmid = {2445344},
 publisher = {ACM},
 address = {New York, NY, USA},
 keywords = {CS1, active learning, mobile game development, pair programming/teaching, scaffolding},
}

@inproceedings{Whalley:2014:QTS:2591708.2591762,
 author = {Whalley, Jacqueline and Kasto, Nadia},
 title = {A Qualitative Think-aloud Study of Novice Programmers' Code Writing Strategies},
 booktitle = {Proceedings of the 2014 Conference on Innovation \&\#38; Technology in Computer Science Education},
 series = {ITiCSE '14},
 year = {2014},
 isbn = {978-1-4503-2833-3},
 location = {Uppsala, Sweden},
 pages = {279--284},
 numpages = {6},
 url = {http://doi.acm.org/10.1145/2591708.2591762},
 doi = {10.1145/2591708.2591762},
 acmid = {2591762},
 publisher = {ACM},
 address = {New York, NY, USA},
 keywords = {novice programmers, schemas, think aloud, vygotsky},
}

@inproceedings{Alhazmi:2018:CCD:3159450.3159464,
 author = {Alhazmi, Sohail and Hamilton, Margaret and Thevathayan, Charles},
 title = {CS for All: Catering to Diversity of Master's Students Through Assignment Choices},
 booktitle = {Proceedings of the 49th ACM Technical Symposium on Computer Science Education},
 series = {SIGCSE '18},
 year = {2018},
 isbn = {978-1-4503-5103-4},
 location = {Baltimore, Maryland, USA},
 pages = {38--43},
 numpages = {6},
 url = {http://doi.acm.org/10.1145/3159450.3159464},
 doi = {10.1145/3159450.3159464},
 acmid = {3159464},
 publisher = {ACM},
 address = {New York, NY, USA},
 keywords = {assessment design, novice programming},
}

@inproceedings{Basawapatna:2013:ZPF:2493394.2493404,
 author = {Basawapatna, Ashok R. and Repenning, Alexander and Koh, Kyu Han and Nickerson, Hilarie},
 title = {The Zones of Proximal Flow: Guiding Students Through a Space of Computational Thinking Skills and Challenges},
 booktitle = {Proceedings of the Ninth Annual International ACM Conference on International Computing Education Research},
 series = {ICER '13},
 year = {2013},
 isbn = {978-1-4503-2243-0},
 location = {San Diego, San California, USA},
 pages = {67--74},
 numpages = {8},
 url = {http://doi.acm.org/10.1145/2493394.2493404},
 doi = {10.1145/2493394.2493404},
 acmid = {2493404},
 publisher = {ACM},
 address = {New York, NY, USA},
 keywords = {computational thinking, computational thinking patterns, computer science education, flow, scalable game design, simulations, zone of proximal development, zones of proximal flow},
}

@inproceedings{Deng:2019:ATD:3300115.3312513,
 author = {Deng, Qianni},
 title = {Adaptable Test Design for Collaborative Exams in Computer Science},
 booktitle = {Proceedings of the ACM Conference on Global Computing Education},
 series = {CompEd '19},
 year = {2019},
 isbn = {978-1-4503-6259-7},
 location = {Chengdu,Sichuan, China},
 pages = {236--236},
 numpages = {1},
 url = {http://doi.acm.org/10.1145/3300115.3312513},
 doi = {10.1145/3300115.3312513},
 acmid = {3312513},
 publisher = {ACM},
 address = {New York, NY, USA},
 keywords = {adaptable collaborative test, zone of proximal development},
}

@inproceedings{Wang:2017:SPR:3160908.3160925,
 author = {Wang, Zhaopu},
 title = {A Sociocultural Perspective on the Role of L1 in L2 Learning: A Comparative Analysis of Two L2 Studies},
 booktitle = {Proceedings of the 2017 International Conference on Education and E-Learning},
 series = {ICEEL 2017},
 year = {2017},
 isbn = {978-1-4503-5377-9},
 location = {Bangkok, Thailand},
 pages = {77--80},
 numpages = {4},
 url = {http://doi.acm.org/10.1145/3160908.3160925},
 doi = {10.1145/3160908.3160925},
 acmid = {3160925},
 publisher = {ACM},
 address = {New York, NY, USA},
 keywords = {L1 use, second language acquisition, sociocultural theory},
}

@inproceedings{Murphy:2008:DFM:1384271.1384344,
 author = {Murphy, Laurie and Thomas, Lynda},
 title = {Dangers of a Fixed Mindset: Implications of Self-theories Research for Computer Science Education},
 booktitle = {Proceedings of the 13th Annual Conference on Innovation and Technology in Computer Science Education},
 series = {ITiCSE '08},
 year = {2008},
 isbn = {978-1-60558-078-4},
 location = {Madrid, Spain},
 pages = {271--275},
 numpages = {5},
 url = {http://doi.acm.org/10.1145/1384271.1384344},
 doi = {10.1145/1384271.1384344},
 acmid = {1384344},
 publisher = {ACM},
 address = {New York, NY, USA},
 keywords = {cs ed research, cs1, self-theories, theories of intelligence},
}

@article{Murphy:2008:DFM:1597849.1384344,
 author = {Murphy, Laurie and Thomas, Lynda},
 title = {Dangers of a Fixed Mindset: Implications of Self-theories Research for Computer Science Education},
 journal = {SIGCSE Bull.},
 issue_date = {September 2008},
 volume = {40},
 number = {3},
 month = jun,
 year = {2008},
 issn = {0097-8418},
 pages = {271--275},
 numpages = {5},
 url = {http://doi.acm.org/10.1145/1597849.1384344},
 doi = {10.1145/1597849.1384344},
 acmid = {1384344},
 publisher = {ACM},
 address = {New York, NY, USA},
 keywords = {cs ed research, cs1, self-theories, theories of intelligence},
}

@inproceedings{Cai:2018:ICS:3183586.3183591,
 author = {Cai, Jianping},
 title = {Internet-based Collaborative Strategic Reading in College English Teaching},
 booktitle = {Proceedings of the 9th International Conference on E-Education, E-Business, E-Management and E-Learning},
 series = {IC4E '18},
 year = {2018},
 isbn = {978-1-4503-5485-1},
 location = {San Diego, California},
 pages = {11--14},
 numpages = {4},
 url = {http://doi.acm.org/10.1145/3183586.3183591},
 doi = {10.1145/3183586.3183591},
 acmid = {3183591},
 publisher = {ACM},
 address = {New York, NY, USA},
 keywords = {CSR, autonomous learning ability, internet},
}

@inproceedings{Rubegni:2010:CCD:1810543.1810585,
 author = {Rubegni, Elisa and Paolini, Paolo},
 title = {Comparing Canonical and Digital-based Narrative Activities in a Formal Educational Setting},
 booktitle = {Proceedings of the 9th International Conference on Interaction Design and Children},
 series = {IDC '10},
 year = {2010},
 isbn = {978-1-60558-951-0},
 location = {Barcelona, Spain},
 pages = {258--261},
 numpages = {4},
 url = {http://doi.acm.org/10.1145/1810543.1810585},
 doi = {10.1145/1810543.1810585},
 acmid = {1810585},
 publisher = {ACM},
 address = {New York, NY, USA},
 keywords = {digital storytelling, eLearning, educational applications, interaction design},
}

@inproceedings{Sarkar:2013:TBT:2532748.2532764,
 author = {Sarkar, Amitrajit and Bell, Tim},
 title = {Teaching Black-box Testing to High School Students},
 booktitle = {Proceedings of the 8th Workshop in Primary and Secondary Computing Education},
 series = {WiPSE '13},
 year = {2013},
 isbn = {978-1-4503-2455-7},
 location = {Aarhus, Denmark},
 pages = {75--78},
 numpages = {4},
 url = {http://doi.acm.org/10.1145/2532748.2532764},
 doi = {10.1145/2532748.2532764},
 acmid = {2532764},
 publisher = {ACM},
 address = {New York, NY, USA},
 keywords = {black-box testing, high school CS, software engineering},
}

@article{Ben-Ari:2004:WMT:1026487.1008059,
 author = {Ben-Ari, Mordechai and Berglund, Anders and Booth, Shirley and Holmboe, Christian},
 title = {What Do We Mean by Theoretically Sound Research in Computer Science Education?},
 journal = {SIGCSE Bull.},
 issue_date = {September 2004},
 volume = {36},
 number = {3},
 month = jun,
 year = {2004},
 issn = {0097-8418},
 pages = {230--231},
 numpages = {2},
 url = {http://doi.acm.org/10.1145/1026487.1008059},
 doi = {10.1145/1026487.1008059},
 acmid = {1008059},
 publisher = {ACM},
 address = {New York, NY, USA},
 keywords = {action research, cognitive theories, computer science education, phenomenography, research approaches, socio-cultural research perspective},
}

@inproceedings{Ben-Ari:2004:WMT:1007996.1008059,
 author = {Ben-Ari, Mordechai and Berglund, Anders and Booth, Shirley and Holmboe, Christian},
 title = {What Do We Mean by Theoretically Sound Research in Computer Science Education?},
 booktitle = {Proceedings of the 9th Annual SIGCSE Conference on Innovation and Technology in Computer Science Education},
 series = {ITiCSE '04},
 year = {2004},
 isbn = {1-58113-836-9},
 location = {Leeds, United Kingdom},
 pages = {230--231},
 numpages = {2},
 url = {http://doi.acm.org/10.1145/1007996.1008059},
 doi = {10.1145/1007996.1008059},
 acmid = {1008059},
 publisher = {ACM},
 address = {New York, NY, USA},
 keywords = {action research, cognitive theories, computer science education, phenomenography, research approaches, socio-cultural research perspective},
}

@inproceedings{Franco:2006:CGI:1179295.1179338,
 author = {Franco, Jorge Ferreira and da Cruz, Sandra Regina and de Deus Lopes, Roseli},
 title = {Computer Graphics, Interactive Technologies and Collaborative Learning Synergy Supporting Individuals' Skills Development},
 booktitle = {ACM SIGGRAPH 2006 Educators Program},
 series = {SIGGRAPH '06},
 year = {2006},
 isbn = {1-59593-364-6},
 location = {Boston, Massachusetts},
 articleno = {42},
 url = {http://doi.acm.org/10.1145/1179295.1179338},
 doi = {10.1145/1179295.1179338},
 acmid = {1179338},
 publisher = {ACM},
 address = {New York, NY, USA},
 keywords = {education, hypermedia, interactive graphics, literacy, social inclusion, virtual reality},
}

@inproceedings{Atapattu:2015:TCM:2729094.2742634,
 author = {Atapattu, Thushari and Falkner, Katrina and Falkner, Nickolas},
 title = {Task-Adapted Concept Map Scaffolding to Support Quizzes in an Online Environment},
 booktitle = {Proceedings of the 2015 ACM Conference on Innovation and Technology in Computer Science Education},
 series = {ITiCSE '15},
 year = {2015},
 isbn = {978-1-4503-3440-2},
 location = {Vilnius, Lithuania},
 pages = {272--277},
 numpages = {6},
 url = {http://doi.acm.org/10.1145/2729094.2742634},
 doi = {10.1145/2729094.2742634},
 acmid = {2742634},
 publisher = {ACM},
 address = {New York, NY, USA},
 keywords = {concept map, lecture slides, meaningful learning, quizzes, scaffolding},
}

@inproceedings{Wiegand:2016:DAI:2839509.2844629,
 author = {Wiegand, R. Paul and Bucci, Anthony and Kumar, Amruth N. and Albert, Jennifer L. and Gaspar, Alessio},
 title = {A Data-Driven Analysis of Informatively Hard Concepts in Introductory Programming},
 booktitle = {Proceedings of the 47th ACM Technical Symposium on Computing Science Education},
 series = {SIGCSE '16},
 year = {2016},
 isbn = {978-1-4503-3685-7},
 location = {Memphis, Tennessee, USA},
 pages = {370--375},
 numpages = {6},
 url = {http://doi.acm.org/10.1145/2839509.2844629},
 doi = {10.1145/2839509.2844629},
 acmid = {2844629},
 publisher = {ACM},
 address = {New York, NY, USA},
 keywords = {dimension extraction, introductory programming education, multiobjective optimization, performance analysis, problets},
}

@inproceedings{Lishinski:2016:MRT:2960310.2960328,
 author = {Lishinski, Alex and Good, Jon and Sands, Phil and Yadav, Aman},
 title = {Methodological Rigor and Theoretical Foundations of CS Education Research},
 booktitle = {Proceedings of the 2016 ACM Conference on International Computing Education Research},
 series = {ICER '16},
 year = {2016},
 isbn = {978-1-4503-4449-4},
 location = {Melbourne, VIC, Australia},
 pages = {161--169},
 numpages = {9},
 url = {http://doi.acm.org/10.1145/2960310.2960328},
 doi = {10.1145/2960310.2960328},
 acmid = {2960328},
 publisher = {ACM},
 address = {New York, NY, USA},
 keywords = {computing education, literature review, research methods, theoretical grounding},
}

@inproceedings{Moskal:2017:APE:3105726.3106170,
 author = {Moskal, Adon Christian Michael and Gasson, Joy and Parsons, Dale},
 title = {The 'Art' of Programming: Exploring Student Conceptions of Programming Through the Use of Drawing Methodology},
 booktitle = {Proceedings of the 2017 ACM Conference on International Computing Education Research},
 series = {ICER '17},
 year = {2017},
 isbn = {978-1-4503-4968-0},
 location = {Tacoma, Washington, USA},
 pages = {39--46},
 numpages = {8},
 url = {http://doi.acm.org/10.1145/3105726.3106170},
 doi = {10.1145/3105726.3106170},
 acmid = {3106170},
 publisher = {ACM},
 address = {New York, NY, USA},
 keywords = {drawing methodology, programming education, student affect},
}

@inproceedings{Hsiao:2018:RGD:3183586.3183593,
 author = {Hsiao, Yu-Chen and Shiao, Yi-Tzone},
 title = {Research on Gender Differences in the Digital Learning Performance of University Students},
 booktitle = {Proceedings of the 9th International Conference on E-Education, E-Business, E-Management and E-Learning},
 series = {IC4E '18},
 year = {2018},
 isbn = {978-1-4503-5485-1},
 location = {San Diego, California},
 pages = {26--30},
 numpages = {5},
 url = {http://doi.acm.org/10.1145/3183586.3183593},
 doi = {10.1145/3183586.3183593},
 acmid = {3183593},
 publisher = {ACM},
 address = {New York, NY, USA},
 keywords = {data analytics, digital learning, gender differences, learning performance},
}

@inproceedings{Li:2017:RAF:3134847.3134859,
 author = {Li, Zhongmei and Qian, Jin and Gao, Shanshan},
 title = {Research on the Application of Flipped Classroom Model in English Teaching},
 booktitle = {Proceedings of the International Conference on Digital Technology in Education},
 series = {ICDTE '17},
 year = {2017},
 isbn = {978-1-4503-5283-3},
 location = {Taipei, Taiwan},
 pages = {49--53},
 numpages = {5},
 url = {http://doi.acm.org/10.1145/3134847.3134859},
 doi = {10.1145/3134847.3134859},
 acmid = {3134859},
 publisher = {ACM},
 address = {New York, NY, USA},
 keywords = {Academic achievements, Flipped classroom model, Secondary English, autonomous learning},
}

@inproceedings{Zhao:2019:DSI:3338147.3338184,
 author = {Zhao, Rong and Chen, Yumeng},
 title = {The Development of Scaffolding and Its Impact on the Perceived Efficiency of Interactivity in Online Education},
 booktitle = {Proceedings of the 2019 4th International Conference on Distance Education and Learning},
 series = {ICDEL 2019},
 year = {2019},
 isbn = {978-1-4503-6265-8},
 location = {Shanghai, China},
 pages = {73--77},
 numpages = {5},
 url = {http://doi.acm.org/10.1145/3338147.3338184},
 doi = {10.1145/3338147.3338184},
 acmid = {3338184},
 publisher = {ACM},
 address = {New York, NY, USA},
 keywords = {interactivity, online education, scaffolding},
}

@inproceedings{Larkins:2013:ACA:2445196.2445226,
 author = {Larkins, D. Brian and Moore, J. Christopher and Rubbo, Louis J. and Covington, Laura R.},
 title = {Application of the Cognitive Apprenticeship Framework to a Middle School Robotics Camp},
 booktitle = {Proceeding of the 44th ACM Technical Symposium on Computer Science Education},
 series = {SIGCSE '13},
 year = {2013},
 isbn = {978-1-4503-1868-6},
 location = {Denver, Colorado, USA},
 pages = {89--94},
 numpages = {6},
 url = {http://doi.acm.org/10.1145/2445196.2445226},
 doi = {10.1145/2445196.2445226},
 acmid = {2445226},
 publisher = {ACM},
 address = {New York, NY, USA},
 keywords = {K-12, cognitive apprenticeship, education, robotics, stem},
}

@inproceedings{Khan:2012:REP:2330601.2330655,
 author = {Khan, Tariq M. and Clear, Fintan and Sajadi, Samira Sadat},
 title = {The Relationship Between Educational Performance and Online Access Routines: Analysis of Students' Access to an Online Discussion Forum},
 booktitle = {Proceedings of the 2Nd International Conference on Learning Analytics and Knowledge},
 series = {LAK '12},
 year = {2012},
 isbn = {978-1-4503-1111-3},
 location = {Vancouver, British Columbia, Canada},
 pages = {226--229},
 numpages = {4},
 url = {http://doi.acm.org/10.1145/2330601.2330655},
 doi = {10.1145/2330601.2330655},
 acmid = {2330655},
 publisher = {ACM},
 address = {New York, NY, USA},
 keywords = {learning analytics, online discussion, participation patterns},
}

@inproceedings{Daungtod:2019:SFC:3306500.3306542,
 author = {Daungtod, Srisuda and Chaijareon, Sumalee},
 title = {A Synthesis Framework of Constructivist via Gamification-based Learning Environments Model to Enhance Self-regulation for Undergraduate Students},
 booktitle = {Proceedings of the 10th International Conference on E-Education, E-Business, E-Management and E-Learning},
 series = {IC4E '19},
 year = {2019},
 isbn = {978-1-4503-6602-1},
 location = {Tokyo, Japan},
 pages = {146--150},
 numpages = {5},
 url = {http://doi.acm.org/10.1145/3306500.3306542},
 doi = {10.1145/3306500.3306542},
 acmid = {3306542},
 publisher = {ACM},
 address = {New York, NY, USA},
 keywords = {constructivist learning environments, gamification, intrinsic motivation, self-regulation},
}

@inproceedings{Franco:2009:TDE:1666611.1666626,
 author = {Franco, Jorge Ferreira and de Deus Lopes, Roseli},
 title = {Three-dimensional Digital Enviroments and Computer Graphics Influencing K-12 Individuals' Digital Literacy Development and Interdisciplinary Lifelong Learning},
 booktitle = {ACM SIGGRAPH ASIA 2009 Educators Program},
 series = {SIGGRAPH ASIA '09},
 year = {2009},
 location = {Yokohama, Japan},
 pages = {15:1--15:8},
 articleno = {15},
 numpages = {8},
 url = {http://doi.acm.org/10.1145/1666611.1666626},
 doi = {10.1145/1666611.1666626},
 acmid = {1666626},
 publisher = {ACM},
 address = {New York, NY, USA},
 keywords = {cognitive development, culture, digital art, information visualization, lifelong learning, virtual reality},
}

@inproceedings{Simoes:2011:LDL:1982185.1982447,
 author = {Sim\~{o}es, Jairo C. and Omar, Nizam},
 title = {Leveraging the Dynamics of Learning by Modeling and Managing Psychosocial Relations and Behavior by Means of Game Theory and Memetics},
 booktitle = {Proceedings of the 2011 ACM Symposium on Applied Computing},
 series = {SAC '11},
 year = {2011},
 isbn = {978-1-4503-0113-8},
 location = {TaiChung, Taiwan},
 pages = {1194--1201},
 numpages = {8},
 url = {http://doi.acm.org/10.1145/1982185.1982447},
 doi = {10.1145/1982185.1982447},
 acmid = {1982447},
 publisher = {ACM},
 address = {New York, NY, USA},
 keywords = {cellular automata, game theory, memetics, modeling, simulation},
}

@inproceedings{Boyer:2008:SDC:1414558.1414585,
 author = {Boyer, Naomi R. and Langevin, Sara and Gaspar, Alessio},
 title = {Self Direction \& Constructivism in Programming Education},
 booktitle = {Proceedings of the 9th ACM SIGITE Conference on Information Technology Education},
 series = {SIGITE '08},
 year = {2008},
 isbn = {978-1-60558-329-7},
 location = {Cincinnati, OH, USA},
 pages = {89--94},
 numpages = {6},
 url = {http://doi.acm.org/10.1145/1414558.1414585},
 doi = {10.1145/1414558.1414585},
 acmid = {1414585},
 publisher = {ACM},
 address = {New York, NY, USA},
 keywords = {cs-1, introductory programming, self-directed learning},
}

@inproceedings{Eitelman:2006:CTP:1185448.1185580,
 author = {Eitelman, Susan M.},
 title = {Computer Tutoring for Programming Education},
 booktitle = {Proceedings of the 44th Annual Southeast Regional Conference},
 series = {ACM-SE 44},
 year = {2006},
 isbn = {1-59593-315-8},
 location = {Melbourne, Florida},
 pages = {607--610},
 numpages = {4},
 url = {http://doi.acm.org/10.1145/1185448.1185580},
 doi = {10.1145/1185448.1185580},
 acmid = {1185580},
 publisher = {ACM},
 address = {New York, NY, USA},
 keywords = {intelligent tutoring},
}

@inproceedings{White:2019:CBL:3316287.3316291,
 author = {White, Jeremy and Piumarta, Ian and Yamanishi, Ryosuke and Jacobs, Stephen and Simkins, David},
 title = {Communication Beyond Languages Realized by International Game Jams},
 booktitle = {Proceedings of the International Conference on Game Jams, Hackathons and Game Creation Events 2019},
 series = {ICGJ 2019},
 year = {2019},
 isbn = {978-1-4503-6205-4},
 location = {San Francisco, CA, USA},
 pages = {3:1--3:6},
 articleno = {3},
 numpages = {6},
 url = {http://doi.acm.org/10.1145/3316287.3316291},
 doi = {10.1145/3316287.3316291},
 acmid = {3316291},
 publisher = {ACM},
 address = {New York, NY, USA},
 keywords = {Game jams, education, mixed-language communication},
}

@inproceedings{Webb:2012:TET:2157136.2157191,
 author = {Webb, David C. and Repenning, Alexander and Koh, Kyu Han},
 title = {Toward an Emergent Theory of Broadening Participation in Computer Science Education},
 booktitle = {Proceedings of the 43rd ACM Technical Symposium on Computer Science Education},
 series = {SIGCSE '12},
 year = {2012},
 isbn = {978-1-4503-1098-7},
 location = {Raleigh, North Carolina, USA},
 pages = {173--178},
 numpages = {6},
 url = {http://doi.acm.org/10.1145/2157136.2157191},
 doi = {10.1145/2157136.2157191},
 acmid = {2157191},
 publisher = {ACM},
 address = {New York, NY, USA},
 keywords = {guided discovery, student interest, teacher-directed instruction},
}

@inproceedings{Isomottonen:2011:KGP:1953163.1953296,
 author = {Isom\"{o}tt\"{o}nen, Ville and Lakanen, Antti-Jussi and Lappalainen, Vesa},
 title = {K-12 Game Programming Course Concept Using Textual Programming},
 booktitle = {Proceedings of the 42Nd ACM Technical Symposium on Computer Science Education},
 series = {SIGCSE '11},
 year = {2011},
 isbn = {978-1-4503-0500-6},
 location = {Dallas, TX, USA},
 pages = {459--464},
 numpages = {6},
 url = {http://doi.acm.org/10.1145/1953163.1953296},
 doi = {10.1145/1953163.1953296},
 acmid = {1953296},
 publisher = {ACM},
 address = {New York, NY, USA},
 keywords = {K-12 teaching, game programming},
}

@inproceedings{Kolyda:2013:TSL:2507065.2507077,
 author = {Kolyda, Frantzeska},
 title = {Towards Simplifying Learning Systems: A Critical Review},
 booktitle = {Proceedings of the 31st ACM International Conference on Design of Communication},
 series = {SIGDOC '13},
 year = {2013},
 isbn = {978-1-4503-2131-0},
 location = {Greenville, North Carolina, USA},
 pages = {85--90},
 numpages = {6},
 url = {http://doi.acm.org/10.1145/2507065.2507077},
 doi = {10.1145/2507065.2507077},
 acmid = {2507077},
 publisher = {ACM},
 address = {New York, NY, USA},
 keywords = {educational technology, learning, learning systems, user-centered design},
}

@article{LeJeune:2003:CCS:948737.948776,
 author = {LeJeune, Noel},
 title = {Critical Components for Successful Collaborative Learning in CS1},
 journal = {J. Comput. Sci. Coll.},
 issue_date = {October 2003},
 volume = {19},
 number = {1},
 month = oct,
 year = {2003},
 issn = {1937-4771},
 pages = {275--285},
 numpages = {11},
 url = {http://dl.acm.org/citation.cfm?id=948737.948776},
 acmid = {948776},
 publisher = {Consortium for Computing Sciences in Colleges},
 address = {USA},
}

@article{Alexandron:2014:SPU:2668970.2648814,
 author = {Alexandron, Giora and Armoni, Michal and Gordon, Michal and Harel, David},
 title = {Scenario-Based Programming, Usability-Oriented Perception},
 journal = {Trans. Comput. Educ.},
 issue_date = {November 2014},
 volume = {14},
 number = {3},
 month = oct,
 year = {2014},
 issn = {1946-6226},
 pages = {21:1--21:23},
 articleno = {21},
 numpages = {23},
 url = {http://doi.acm.org/10.1145/2648814},
 doi = {10.1145/2648814},
 acmid = {2648814},
 publisher = {ACM},
 address = {New York, NY, USA},
 keywords = {Live sequence charts, psychology of programming},
}

@inproceedings{Bort:2015:ICC:2676723.2677308,
 author = {Bort, Heather and Czarnik, Mimi and Brylow, Dennis},
 title = {Introducing Computing Concepts to Non-Majors: A Case Study in Gothic Novels},
 booktitle = {Proceedings of the 46th ACM Technical Symposium on Computer Science Education},
 series = {SIGCSE '15},
 year = {2015},
 isbn = {978-1-4503-2966-8},
 location = {Kansas City, Missouri, USA},
 pages = {132--137},
 numpages = {6},
 url = {http://doi.acm.org/10.1145/2676723.2677308},
 doi = {10.1145/2676723.2677308},
 acmid = {2677308},
 publisher = {ACM},
 address = {New York, NY, USA},
 keywords = {computer science education, network analysis},
}

@inproceedings{Sheriff:2017:SHS:3078072.3079729,
 author = {Sheriff, Aviv and Sadan, Rona and Keats, Yasmin and Zuckerman, Oren},
 title = {From Smart Homes to Smart Kids: Design Research for CataKit},
 booktitle = {Proceedings of the 2017 Conference on Interaction Design and Children},
 series = {IDC '17},
 year = {2017},
 isbn = {978-1-4503-4921-5},
 location = {Stanford, California, USA},
 pages = {159--169},
 numpages = {11},
 url = {http://doi.acm.org/10.1145/3078072.3079729},
 doi = {10.1145/3078072.3079729},
 acmid = {3079729},
 publisher = {ACM},
 address = {New York, NY, USA},
 keywords = {children computational thinking, construction kit, learning, positive risk-taking},
}

@inproceedings{Basawapatna:2019:ZPF:3287324.3287361,
 author = {Basawapatna, Ashok and Repenning, Alexander and Savignano, Mark},
 title = {The Zones of Proximal Flow Tutorial: Designing Computational Thinking Cliffhangers},
 booktitle = {Proceedings of the 50th ACM Technical Symposium on Computer Science Education},
 series = {SIGCSE '19},
 year = {2019},
 isbn = {978-1-4503-5890-3},
 location = {Minneapolis, MN, USA},
 pages = {428--434},
 numpages = {7},
 url = {http://doi.acm.org/10.1145/3287324.3287361},
 doi = {10.1145/3287324.3287361},
 acmid = {3287361},
 publisher = {ACM},
 address = {New York, NY, USA},
 keywords = {computational thinking, cyberlearning, exposure, flow, zone of proximal development, hour of code, retention, retention of flow, tutorial, zones of proximal flow},
}

@inproceedings{Jones:2002:III:820060.820070,
 author = {Jones, Anthony J.},
 title = {Integration of ICT in an Initial Teacher Training Course: Participants' Views},
 booktitle = {Proceedings of the Seventh World Conference on Computers in Education Conference on Computers in Education: Australian Topics - Volume 8},
 series = {CRPIT '02},
 year = {2002},
 isbn = {0-909925-86-0},
 location = {Copenhagen, Denmark},
 pages = {49--54},
 numpages = {6},
 url = {http://dl.acm.org/citation.cfm?id=820060.820070},
 acmid = {820070},
 publisher = {Australian Computer Society, Inc.},
 address = {Darlinghurst, Australia, Australia},
}

@inproceedings{Lai:2018:DMD:3206129.3239420,
 author = {Lai, Ah-Fur and Shih, Syuan and Hong, Chi-Rui},
 title = {Developing a Mobile-based Digital Math Game for Learning Number and Calculation in Elementary School},
 booktitle = {Proceedings of the 2Nd International Conference on Education and Multimedia Technology},
 series = {ICEMT 2018},
 year = {2018},
 isbn = {978-1-4503-6525-3},
 location = {Okinawa, Japan},
 pages = {9--13},
 numpages = {5},
 url = {http://doi.acm.org/10.1145/3206129.3239420},
 doi = {10.1145/3206129.3239420},
 acmid = {3239420},
 publisher = {ACM},
 address = {New York, NY, USA},
 keywords = {APP development, Digital game-based learning, Elementary school, Number and calculation concepts, System evaluation},
}

@inproceedings{Alexandron:2014:SPR:2591062.2591167,
 author = {Alexandron, Giora and Armoni, Michal and Gordon, Michal and Harel, David},
 title = {Scenario-based Programming: Reducing the Cognitive Load, Fostering Abstract Thinking},
 booktitle = {Companion Proceedings of the 36th International Conference on Software Engineering},
 series = {ICSE Companion 2014},
 year = {2014},
 isbn = {978-1-4503-2768-8},
 location = {Hyderabad, India},
 pages = {311--320},
 numpages = {10},
 url = {http://doi.acm.org/10.1145/2591062.2591167},
 doi = {10.1145/2591062.2591167},
 acmid = {2591167},
 publisher = {ACM},
 address = {New York, NY, USA},
 keywords = {Abstraction, Scenario-Based Programming},
}

@inproceedings{Zavala:2013:DIA:2485760.2485831,
 author = {Zavala, Luis Armer\'{\i}a and Gallardo, Sara C. Hern\'{a}ndez and Garc\'{\i}a-Ru\'{\i}z, Miguel \'{A}ngel},
 title = {Designing Interactive Activities Within Scratch 2.0 for Improving Abilities to Identify Numerical Sequences},
 booktitle = {Proceedings of the 12th International Conference on Interaction Design and Children},
 series = {IDC '13},
 year = {2013},
 isbn = {978-1-4503-1918-8},
 location = {New York, New York, USA},
 pages = {423--426},
 numpages = {4},
 url = {http://doi.acm.org/10.1145/2485760.2485831},
 doi = {10.1145/2485760.2485831},
 acmid = {2485831},
 publisher = {ACM},
 address = {New York, NY, USA},
 keywords = {Scratch 2.0, design, interaction, number sense, serious game},
}

@inproceedings{Zhu:2016:DIO:2930674.2930697,
 author = {Zhu, Kening and Ma, Xiaojuan and Wong, Gary Ka Wai and Huen, John Man Ho},
 title = {How Different Input and Output Modalities Support Coding As a Problem-Solving Process for Children},
 booktitle = {Proceedings of the The 15th International Conference on Interaction Design and Children},
 series = {IDC '16},
 year = {2016},
 isbn = {978-1-4503-4313-8},
 location = {Manchester, United Kingdom},
 pages = {238--245},
 numpages = {8},
 url = {http://doi.acm.org/10.1145/2930674.2930697},
 doi = {10.1145/2930674.2930697},
 acmid = {2930697},
 publisher = {ACM},
 address = {New York, NY, USA},
 keywords = {Graphical, Kids coding, Problem solving, Tangible},
}

@article{Flieger:2010:SPP:1858583.1858592,
 author = {Flieger, Joseph and Palmer, James Dean},
 title = {Supporting Pair Programming with JavaGrinder},
 journal = {J. Comput. Sci. Coll.},
 issue_date = {December 2010},
 volume = {26},
 number = {2},
 month = dec,
 year = {2010},
 issn = {1937-4771},
 pages = {63--70},
 numpages = {8},
 url = {http://dl.acm.org/citation.cfm?id=1858583.1858592},
 acmid = {1858592},
 publisher = {Consortium for Computing Sciences in Colleges},
 address = {USA},
}

@article{Black:2006:HNP:1181901.1181922,
 author = {Black, Toni R.},
 title = {Helping Novice Programming Students Succeed},
 journal = {J. Comput. Sci. Coll.},
 issue_date = {December 2006},
 volume = {22},
 number = {2},
 month = dec,
 year = {2006},
 issn = {1937-4771},
 pages = {109--114},
 numpages = {6},
 url = {http://dl.acm.org/citation.cfm?id=1181901.1181922},
 acmid = {1181922},
 publisher = {Consortium for Computing Sciences in Colleges},
 address = {USA},
}

@inproceedings{Johnson:2016:MSE:2930674.2930691,
 author = {Johnson, Rose and Shum, Venus and Rogers, Yvonne and Marquardt, Nicolai},
 title = {Make or Shake: An Empirical Study of the Value of Making in Learning About Computing Technology},
 booktitle = {Proceedings of the The 15th International Conference on Interaction Design and Children},
 series = {IDC '16},
 year = {2016},
 isbn = {978-1-4503-4313-8},
 location = {Manchester, United Kingdom},
 pages = {440--451},
 numpages = {12},
 url = {http://doi.acm.org/10.1145/2930674.2930691},
 doi = {10.1145/2930674.2930691},
 acmid = {2930691},
 publisher = {ACM},
 address = {New York, NY, USA},
 keywords = {Active Learning, Electronics Kits, Learning, Making, Preparation for Future Learning},
}

@inproceedings{Kleiman:2013:RET:2485760.2485861,
 author = {Kleiman, Jonathan and Pope, Michael and Blikstein, Paulo},
 title = {RoyoBlocks: An Exploration in Tangible Literacy Learning},
 booktitle = {Proceedings of the 12th International Conference on Interaction Design and Children},
 series = {IDC '13},
 year = {2013},
 isbn = {978-1-4503-1918-8},
 location = {New York, New York, USA},
 pages = {543--546},
 numpages = {4},
 url = {http://doi.acm.org/10.1145/2485760.2485861},
 doi = {10.1145/2485760.2485861},
 acmid = {2485861},
 publisher = {ACM},
 address = {New York, NY, USA},
 keywords = {RFID, interaction design, literacy, plush toys, tangible learning},
}

@article{Holmboe:2005:LOD:1151954.1067498,
 author = {Holmboe, Christian},
 title = {The Linguistics of Object-oriented Design: Implications for Teaching},
 journal = {SIGCSE Bull.},
 issue_date = {September 2005},
 volume = {37},
 number = {3},
 month = jun,
 year = {2005},
 issn = {0097-8418},
 pages = {188--192},
 numpages = {5},
 url = {http://doi.acm.org/10.1145/1151954.1067498},
 doi = {10.1145/1151954.1067498},
 acmid = {1067498},
 publisher = {ACM},
 address = {New York, NY, USA},
 keywords = {learning, natural language, object-orientation, socio-cultural perspective, system development, teaching},
}

@inproceedings{Holmboe:2005:LOD:1067445.1067498,
 author = {Holmboe, Christian},
 title = {The Linguistics of Object-oriented Design: Implications for Teaching},
 booktitle = {Proceedings of the 10th Annual SIGCSE Conference on Innovation and Technology in Computer Science Education},
 series = {ITiCSE '05},
 year = {2005},
 isbn = {1-59593-024-8},
 location = {Caparica, Portugal},
 pages = {188--192},
 numpages = {5},
 url = {http://doi.acm.org/10.1145/1067445.1067498},
 doi = {10.1145/1067445.1067498},
 acmid = {1067498},
 publisher = {ACM},
 address = {New York, NY, USA},
 keywords = {learning, natural language, object-orientation, socio-cultural perspective, system development, teaching},
}

@inproceedings{Llorente:2014:SEC:2669711.2669887,
 author = {Llorente, Ana Ma Pinto and G\'{o}mez, Ma Cruz S\'{a}nchez and Garc\'{\i}a-Pe\~{n}alvo, Francisco Jos{\'e}},
 title = {Students' Essential Characteristics for Learning English in a Hypermedia Modular Model},
 booktitle = {Proceedings of the Second International Conference on Technological Ecosystems for Enhancing Multiculturality},
 series = {TEEM '14},
 year = {2014},
 isbn = {978-1-4503-2896-8},
 location = {Salamanca, Spain},
 pages = {107--111},
 numpages = {5},
 url = {http://doi.acm.org/10.1145/2669711.2669887},
 doi = {10.1145/2669711.2669887},
 acmid = {2669887},
 publisher = {ACM},
 address = {New York, NY, USA},
 keywords = {adult learning, blended learning, interactive learning environments, lifelong learning, multimedia/hypermedia systems},
}

@inproceedings{Hsu:2009:DDS:1599503.1599554,
 author = {Hsu, Ying-Shao and Wu, Hsin-Kai and Hwang, Fu-Kwun and Lin, Li-Fen},
 title = {Design Distributed Scaffolding for Modeling a Complex System},
 booktitle = {Proceedings of the 9th International Conference on Computer Supported Collaborative Learning - Volume 2},
 series = {CSCL'09},
 year = {2009},
 isbn = {978-1-4092-8598-4},
 location = {Rhodes, Greece},
 pages = {150--152},
 numpages = {3},
 url = {http://dl.acm.org/citation.cfm?id=1599503.1599554},
 acmid = {1599554},
 publisher = {International Society of the Learning Sciences},
}

@inproceedings{Tseng:2011:CTD:1999030.1999044,
 author = {Tseng, Tiffany and Bryant, Coram and Blikstein, Paulo},
 title = {Collaboration Through Documentation: Automated Capturing of Tangible Constructions to Support Engineering Design},
 booktitle = {Proceedings of the 10th International Conference on Interaction Design and Children},
 series = {IDC '11},
 year = {2011},
 isbn = {978-1-4503-0751-2},
 location = {Ann Arbor, Michigan},
 pages = {118--126},
 numpages = {9},
 url = {http://doi.acm.org/10.1145/1999030.1999044},
 doi = {10.1145/1999030.1999044},
 acmid = {1999044},
 publisher = {ACM},
 address = {New York, NY, USA},
 keywords = {constructionism, engineering design, example-based learning, tangible interfaces},
}

@article{Daniels:2011:COE:1835428.1835446,
 author = {Daniels, Mats},
 title = {The Contribution of Open Ended Group Projects to International Student Collaborations},
 journal = {ACM Inroads},
 issue_date = {September 2010},
 volume = {1},
 number = {3},
 month = sep,
 year = {2011},
 issn = {2153-2184},
 pages = {79--84},
 numpages = {6},
 url = {http://doi.acm.org/10.1145/1835428.1835446},
 doi = {10.1145/1835428.1835446},
 acmid = {1835446},
 publisher = {ACM},
 address = {New York, NY, USA},
 keywords = {collaboration issues, collaborative learning, cultural awareness, curriculum design, engineering education research, global virtual teams, open ended group projects},
}

@article{Linder:2006:ISA:1127442.1127472,
 author = {Linder, Stephen Paul and Abbott, David and Fromberger, Michael J.},
 title = {An Instructional Scaffolding Approach to Teaching Software Design},
 journal = {J. Comput. Sci. Coll.},
 issue_date = {June 2006},
 volume = {21},
 number = {6},
 month = jun,
 year = {2006},
 issn = {1937-4771},
 pages = {238--250},
 numpages = {13},
 url = {http://dl.acm.org/citation.cfm?id=1127442.1127472},
 acmid = {1127472},
 publisher = {Consortium for Computing Sciences in Colleges},
 address = {USA},
}

@inproceedings{Iba:2011:PPC:2578903.2579165,
 author = {Iba, Takashi and Ichikawa, Chikara and Sakamoto, Mami and Yamazaki, Tomohito},
 title = {Pedagogical Patterns for Creative Learning},
 booktitle = {Proceedings of the 18th Conference on Pattern Languages of Programs},
 series = {PLoP '11},
 year = {2011},
 isbn = {978-1-4503-1283-7},
 location = {Portland, Oregon, USA},
 pages = {28:1--28:6},
 articleno = {28},
 numpages = {6},
 url = {http://doi.acm.org/10.1145/2578903.2579165},
 doi = {10.1145/2578903.2579165},
 acmid = {2579165},
 publisher = {ACM},
 address = {New York, NY, USA},
 keywords = {collaboration, creativity, education, learning, pattern language},
}

@inproceedings{Stuart:1997:CSC:1599773.1599806,
 author = {Stuart, Barb},
 title = {Computer Supported and Collaborative Conflict Resolution: Shalom/Salaam},
 booktitle = {Proceedings of the 2Nd International Conference on Computer Support for Collaborative Learning},
 series = {CSCL '97},
 year = {1997},
 location = {Toronto, Ontario, Canada},
 pages = {269--274},
 numpages = {6},
 url = {http://dl.acm.org/citation.cfm?id=1599773.1599806},
 acmid = {1599806},
 publisher = {International Society of the Learning Sciences},
}

@inproceedings{Peters:2019:UPO:3312714.3312736,
 author = {Peters, Rifca and Oleari, Elettra and Sardu, Francesco and Neerincx, Mark A.},
 title = {Usability of the PAL Objectives Dashboard for Children's Diabetes Self-Management Education},
 booktitle = {Proceedings of the 2019 the 5th International Conference on e-Society, e-Learning and e-Technologies},
 series = {ICSLT 2019},
 year = {2019},
 isbn = {978-1-4503-6235-1},
 location = {Vienna, Austria},
 pages = {22--28},
 numpages = {7},
 url = {http://doi.acm.org/10.1145/3312714.3312736},
 doi = {10.1145/3312714.3312736},
 acmid = {3312736},
 publisher = {ACM},
 address = {New York, NY, USA},
 keywords = {Healthcare, education, gamification, learning goal, personalization},
}

@inproceedings{Tejera-Hernandez:2018:PSP:3284179.3284351,
 author = {Tejera-Hern\'{a}ndez, Dayana Caridad and Ciudad-Ricardo, Febe Angel and Libotton, Arno},
 title = {Participation in Software Projects As Professional Communities of Practice: A Model},
 booktitle = {Proceedings of the Sixth International Conference on Technological Ecosystems for Enhancing Multiculturality},
 series = {TEEM'18},
 year = {2018},
 isbn = {978-1-4503-6518-5},
 location = {Salamanca, Spain},
 pages = {1032--1039},
 numpages = {8},
 url = {http://doi.acm.org/10.1145/3284179.3284351},
 doi = {10.1145/3284179.3284351},
 acmid = {3284351},
 publisher = {ACM},
 address = {New York, NY, USA},
 keywords = {Communities of practice, participation, software projects, workplace learning},
}

@inproceedings{Gelderblom:2008:DTY:1456659.1456668,
 author = {Gelderblom, Helene and Kotz{\'e}, Paula},
 title = {Designing Technology for Young Children: What We Can Learn from Theories of Cognitive Development},
 booktitle = {Proceedings of the 2008 Annual Research Conference of the South African Institute of Computer Scientists and Information Technologists on IT Research in Developing Countries: Riding the Wave of Technology},
 series = {SAICSIT '08},
 year = {2008},
 isbn = {978-1-60558-286-3},
 location = {Wilderness, South Africa},
 pages = {66--75},
 numpages = {10},
 url = {http://doi.acm.org/10.1145/1456659.1456668},
 doi = {10.1145/1456659.1456668},
 acmid = {1456668},
 publisher = {ACM},
 address = {New York, NY, USA},
 keywords = {children's technology/software, cognitive development, cognitive skill development, design guidelines, psychological theories},
}

@inproceedings{Lund:2006:STW:1149453.1149466,
 author = {Lund, Andreas and Sm{\o}rdal, Ole},
 title = {Is There a Space for the Teacher in a WIKI?},
 booktitle = {Proceedings of the 2006 International Symposium on Wikis},
 series = {WikiSym '06},
 year = {2006},
 isbn = {1-59593-413-8},
 location = {Odense, Denmark},
 pages = {37--46},
 numpages = {10},
 url = {http://doi.acm.org/10.1145/1149453.1149466},
 doi = {10.1145/1149453.1149466},
 acmid = {1149466},
 publisher = {ACM},
 address = {New York, NY, USA},
 keywords = {MediaWiki, collective cognition, design development, teachers},
}

@inproceedings{Davison:2016:CRE:2906831.2907004,
 author = {Davison, Daniel},
 title = {Child, Robot and Educational Material: A Triadic Interaction},
 booktitle = {The Eleventh ACM/IEEE International Conference on Human Robot Interaction},
 series = {HRI '16},
 year = {2016},
 isbn = {978-1-4673-8370-7},
 location = {Christchurch, New Zealand},
 pages = {607--608},
 numpages = {2},
 url = {http://dl.acm.org/citation.cfm?id=2906831.2907004},
 acmid = {2907004},
 publisher = {IEEE Press},
 address = {Piscataway, NJ, USA},
 keywords = {child robot interaction, collaborative learning, education, smart learning technology, social robot, user study},
}

@inproceedings{Michaud:2000:ITS:354324.354348,
 author = {Michaud, Lisa N. and McCoy, Kathleen F. and Pennington, Christopher A.},
 title = {An Intelligent Tutoring System for Deaf Learners of Written English},
 booktitle = {Proceedings of the Fourth International ACM Conference on Assistive Technologies},
 series = {Assets '00},
 year = {2000},
 isbn = {1-58113-313-8},
 location = {Arlington, Virginia, USA},
 pages = {92--100},
 numpages = {9},
 url = {http://doi.acm.org/10.1145/354324.354348},
 doi = {10.1145/354324.354348},
 acmid = {354348},
 publisher = {ACM},
 address = {New York, NY, USA},
 keywords = {American Sign Language, English literacy, intelligent tutoring systems, second language acquisition, user modeling},
}

@inproceedings{Kaptelinin:1997:ICA:1599773.1599790,
 author = {Kaptelinin, Victor and Cole, Michael},
 title = {Individual and Collective Activities in Educational Computer Game Playing},
 booktitle = {Proceedings of the 2Nd International Conference on Computer Support for Collaborative Learning},
 series = {CSCL '97},
 year = {1997},
 location = {Toronto, Ontario, Canada},
 pages = {142--147},
 numpages = {6},
 url = {http://dl.acm.org/citation.cfm?id=1599773.1599790},
 acmid = {1599790},
 publisher = {International Society of the Learning Sciences},
 keywords = {activity theory, computer games, educational setting},
}

@inproceedings{Ossiannilsson:2017:TFL:3136907.3136929,
 author = {Ossiannilsson, Ebba and Ioannides, Nicolas},
 title = {Towards a Framework and Learning Methodology for Innovative Mobile Learning: A Theoretical Approach},
 booktitle = {Proceedings of the 16th World Conference on Mobile and Contextual Learning},
 series = {mLearn 2017},
 year = {2017},
 isbn = {978-1-4503-5255-0},
 location = {Larnaca, Cyprus},
 pages = {7:1--7:8},
 articleno = {7},
 numpages = {8},
 url = {http://doi.acm.org/10.1145/3136907.3136929},
 doi = {10.1145/3136907.3136929},
 acmid = {3136929},
 publisher = {ACM},
 address = {New York, NY, USA},
 keywords = {Challenge-based learning, Framework, Innovative learning, Learning methodology, Mobile learning, Personal learning, Theoretical approach},
}

@inproceedings{Ladewski:2007:TMT:1599600.1599675,
 author = {Ladewski, Barbara G. and Palincsar, Annemarie S. and Krajcik, Joseph S.},
 title = {From Theory of Mind to a Theory of Distributed Shared Sense-making},
 booktitle = {Proceedings of the 8th Iternational Conference on Computer Supported Collaborative Learning},
 series = {CSCL'07},
 year = {2007},
 isbn = {978-0-6151-5436-7},
 location = {New Brunswick, New Jersey, USA},
 pages = {395--397},
 numpages = {3},
 url = {http://dl.acm.org/citation.cfm?id=1599600.1599675},
 acmid = {1599675},
 publisher = {International Society of the Learning Sciences},
}

@inproceedings{Heslop:2013:LEW:2485760.2485765,
 author = {Heslop, Philip and Kharrufa, Ahmed and Balaam, Madeline and Leat, David and Dolan, Paul and Olivier, Patrick},
 title = {Learning Extended Writing: Designing for Children's Collaboration},
 booktitle = {Proceedings of the 12th International Conference on Interaction Design and Children},
 series = {IDC '13},
 year = {2013},
 isbn = {978-1-4503-1918-8},
 location = {New York, New York, USA},
 pages = {36--45},
 numpages = {10},
 url = {http://doi.acm.org/10.1145/2485760.2485765},
 doi = {10.1145/2485760.2485765},
 acmid = {2485765},
 publisher = {ACM},
 address = {New York, NY, USA},
 keywords = {collaboration, digital tabletops, distributed cognition},
}

@inproceedings{Underwood:2009:DTE:1599503.1599597,
 author = {Underwood, Joshua},
 title = {Designing Technology Enhanced Learning Contexts},
 booktitle = {Proceedings of the 9th International Conference on Computer Supported Collaborative Learning - Volume 2},
 series = {CSCL'09},
 year = {2009},
 isbn = {978-1-4092-8598-4},
 location = {Rhodes, Greece},
 pages = {270--272},
 numpages = {3},
 url = {http://dl.acm.org/citation.cfm?id=1599503.1599597},
 acmid = {1599597},
 publisher = {International Society of the Learning Sciences},
}

