@inproceedings{Sobel:2017:ESF:2998181.2998231,
 author = {Sobel, Kiley and Kovacs, Geza and McQuillen, Galen and Cross, Andrew and Chandrasekaran, Nirupama and Riche, Nathalie Henry and Cutrell, Ed and Morris, Meredith Ringel},
 title = {EduFeed: A Social Feed to Engage Preliterate Children in Educational Activities},
 booktitle = {Proceedings of the 2017 ACM Conference on Computer Supported Cooperative Work and Social Computing},
 series = {CSCW '17},
 year = {2017},
 isbn = {978-1-4503-4335-0},
 location = {Portland, Oregon, USA},
 pages = {491--504},
 numpages = {14},
 url = {http://doi.acm.org/10.1145/2998181.2998231},
 doi = {10.1145/2998181.2998231},
 acmid = {2998231},
 publisher = {ACM},
 address = {New York, NY, USA},
 keywords = {CSCL, ICT4D, children, education, literacy, social feeds},
}

@inproceedings{Weeks:2016:UDT:2851581.2892287,
 author = {Weeks, Christopher and Delalonde, Charles and Preist, Chris},
 title = {The Use of Digital Technology to Evaluate School Pupils' Grasp of Energy Sustainability},
 booktitle = {Proceedings of the 2016 CHI Conference Extended Abstracts on Human Factors in Computing Systems},
 series = {CHI EA '16},
 year = {2016},
 isbn = {978-1-4503-4082-3},
 location = {San Jose, California, USA},
 pages = {1308--1314},
 numpages = {7},
 url = {http://doi.acm.org/10.1145/2851581.2892287},
 doi = {10.1145/2851581.2892287},
 acmid = {2892287},
 publisher = {ACM},
 address = {New York, NY, USA},
 keywords = {energy education, environmental education, sustainability},
}

@inproceedings{Mendiburo:2014:IDI:2567574.2567628,
 author = {Mendiburo, Maria and Sulcer, Brian and Hasselbring, Ted},
 title = {Interaction Design for Improved Analytics},
 booktitle = {Proceedings of the Fourth International Conference on Learning Analytics And Knowledge},
 series = {LAK '14},
 year = {2014},
 isbn = {978-1-4503-2664-3},
 location = {Indianapolis, Indiana, USA},
 pages = {78--82},
 numpages = {5},
 url = {http://doi.acm.org/10.1145/2567574.2567628},
 doi = {10.1145/2567574.2567628},
 acmid = {2567628},
 publisher = {ACM},
 address = {New York, NY, USA},
 keywords = {design research, fractions, virtual manipulatives},
}

@inproceedings{Bonometti:2014:CET:2643604.2643628,
 author = {Bonometti, Stefano},
 title = {A Cross-media Environment for Teacher Training},
 booktitle = {Proceedings of the 2014 Workshop on Interaction Design in Educational Environments},
 series = {IDEE '14},
 year = {2014},
 isbn = {978-1-4503-3034-3},
 location = {Albacete, Spain},
 pages = {102:102--102:105},
 articleno = {102},
 numpages = {4},
 url = {http://doi.acm.org/10.1145/2643604.2643628},
 doi = {10.1145/2643604.2643628},
 acmid = {2643628},
 publisher = {ACM},
 address = {New York, NY, USA},
 keywords = {eLearning, experience learning, internship, learning environment},
}

@inproceedings{Sadka:2017:PMP:3078072.3084332,
 author = {Sadka, Ofir and Zuckerman, Oren},
 title = {From Parents to Mentors: Parent-Child Interaction in Co-Making Activities},
 booktitle = {Proceedings of the 2017 Conference on Interaction Design and Children},
 series = {IDC '17},
 year = {2017},
 isbn = {978-1-4503-4921-5},
 location = {Stanford, California, USA},
 pages = {609--615},
 numpages = {7},
 url = {http://doi.acm.org/10.1145/3078072.3084332},
 doi = {10.1145/3078072.3084332},
 acmid = {3084332},
 publisher = {ACM},
 address = {New York, NY, USA},
 keywords = {children, making, parents, scaffolding},
}

@inproceedings{Basawapatna:2013:ZPF:2493394.2493404,
 author = {Basawapatna, Ashok R. and Repenning, Alexander and Koh, Kyu Han and Nickerson, Hilarie},
 title = {The Zones of Proximal Flow: Guiding Students Through a Space of Computational Thinking Skills and Challenges},
 booktitle = {Proceedings of the Ninth Annual International ACM Conference on International Computing Education Research},
 series = {ICER '13},
 year = {2013},
 isbn = {978-1-4503-2243-0},
 location = {San Diego, San California, USA},
 pages = {67--74},
 numpages = {8},
 url = {http://doi.acm.org/10.1145/2493394.2493404},
 doi = {10.1145/2493394.2493404},
 acmid = {2493404},
 publisher = {ACM},
 address = {New York, NY, USA},
 keywords = {computational thinking, computational thinking patterns, computer science education, flow, scalable game design, simulations, zone of proximal development, zones of proximal flow},
}

@inproceedings{Anderson:2013:LCS:2445196.2445344,
 author = {Anderson, Nicole and Gegg-Harrison, Tim},
 title = {Learning Computer Science in the "Comfort Zone of Proximal Development"},
 booktitle = {Proceeding of the 44th ACM Technical Symposium on Computer Science Education},
 series = {SIGCSE '13},
 year = {2013},
 isbn = {978-1-4503-1868-6},
 location = {Denver, Colorado, USA},
 pages = {495--500},
 numpages = {6},
 url = {http://doi.acm.org/10.1145/2445196.2445344},
 doi = {10.1145/2445196.2445344},
 acmid = {2445344},
 publisher = {ACM},
 address = {New York, NY, USA},
 keywords = {CS1, active learning, mobile game development, pair programming/teaching, scaffolding},
}

@inproceedings{Keifert:2017:AEA:3078072.3079731,
 author = {Keifert, Danielle and Lee, Christine and Dahn, Maggie and Illum, Randy and DeLiema, David and Enyedy, Noel and Danish, Joshua},
 title = {Agency, Embodiment, \&\#38; Affect During Play in a Mixed-Reality Learning Environment},
 booktitle = {Proceedings of the 2017 Conference on Interaction Design and Children},
 series = {IDC '17},
 year = {2017},
 isbn = {978-1-4503-4921-5},
 location = {Stanford, California, USA},
 pages = {268--277},
 numpages = {10},
 url = {http://doi.acm.org/10.1145/3078072.3079731},
 doi = {10.1145/3078072.3079731},
 acmid = {3079731},
 publisher = {ACM},
 address = {New York, NY, USA},
 keywords = {affect, agency, early-elementary, embodiment, mixed-reality, science learning, sociodramatic play},
}

@inproceedings{Teplovs:2011:GPM:2090116.2090139,
 author = {Teplovs, Chris and Fujita, Nobuko and Vatrapu, Ravi},
 title = {Generating Predictive Models of Learner Community Dynamics},
 booktitle = {Proceedings of the 1st International Conference on Learning Analytics and Knowledge},
 series = {LAK '11},
 year = {2011},
 isbn = {978-1-4503-0944-8},
 location = {Banff, Alberta, Canada},
 pages = {147--152},
 numpages = {6},
 url = {http://doi.acm.org/10.1145/2090116.2090139},
 doi = {10.1145/2090116.2090139},
 acmid = {2090139},
 publisher = {ACM},
 address = {New York, NY, USA},
 keywords = {analysis, game theory, information visualization, latent semantic analysis, learner models, social network analysis},
}

@inproceedings{Szabo:2018:UEL:3174781.3174787,
 author = {Szabo, Claudia and Falkner, Nickolas and Knutas, Antti and Dorodchi, Mohsen},
 title = {Understanding the Effects of Lecturer Intervention on Computer Science Student Behaviour},
 booktitle = {Proceedings of the 2017 ITiCSE Conference on Working Group Reports},
 series = {ITiCSE-WGR '17},
 year = {2017},
 isbn = {978-1-4503-5627-5},
 location = {Bologna, Italy},
 pages = {105--124},
 numpages = {20},
 url = {http://doi.acm.org/10.1145/3174781.3174787},
 doi = {10.1145/3174781.3174787},
 acmid = {3174787},
 publisher = {ACM},
 address = {New York, NY, USA},
 keywords = {intervention, systematic literature review},
}

@article{D'mello:2013:AAA:2395123.2395128,
 author = {D'mello, Sidney and Graesser, Art},
 title = {AutoTutor and Affective Autotutor: Learning by Talking with Cognitively and Emotionally Intelligent Computers That Talk Back},
 journal = {ACM Trans. Interact. Intell. Syst.},
 issue_date = {December 2012},
 volume = {2},
 number = {4},
 month = jan,
 year = {2013},
 issn = {2160-6455},
 pages = {23:1--23:39},
 articleno = {23},
 numpages = {39},
 url = {http://doi.acm.org/10.1145/2395123.2395128},
 doi = {10.1145/2395123.2395128},
 acmid = {2395128},
 publisher = {ACM},
 address = {New York, NY, USA},
 keywords = {Intelligent tutoring systems, affect detection and synthesis, affective computing, constructivism, deep learning, natural language understanding, student modeling, user modeling},
}

@inproceedings{Meintjes:2016:IIT:2930674.2930685,
 author = {Meintjes, Roger and Schelhowe, Heidi},
 title = {Inclusive Interactives: The Transformative Potential of Making and Using Craft-Tech Social Objects Together in an After-School Centre},
 booktitle = {Proceedings of the The 15th International Conference on Interaction Design and Children},
 series = {IDC '16},
 year = {2016},
 isbn = {978-1-4503-4313-8},
 location = {Manchester, United Kingdom},
 pages = {89--100},
 numpages = {12},
 url = {http://doi.acm.org/10.1145/2930674.2930685},
 doi = {10.1145/2930674.2930685},
 acmid = {2930685},
 publisher = {ACM},
 address = {New York, NY, USA},
 keywords = {Construction kits, children, collaboration, computational crafts, development, interactive exhibits},
}

@inproceedings{Chiu:2017:ASS:3027385.3027439,
 author = {Chiu, Ming Ming and Chow, Bonnie Wing-Yin and Joh, Sung Wook},
 title = {How to Assign Students into Sections to Raise Learning},
 booktitle = {Proceedings of the Seventh International Learning Analytics \&\#38; Knowledge Conference},
 series = {LAK '17},
 year = {2017},
 isbn = {978-1-4503-4870-6},
 location = {Vancouver, British Columbia, Canada},
 pages = {95--104},
 numpages = {10},
 url = {http://doi.acm.org/10.1145/3027385.3027439},
 doi = {10.1145/3027385.3027439},
 acmid = {3027439},
 publisher = {ACM},
 address = {New York, NY, USA},
 keywords = {ability grouping, classmates, inequality, international assessment, socioeconomic status},
}

@inproceedings{Grubliauskaite:2015:MIL:2828959.2835021,
 author = {Grubliauskaite, Ilona},
 title = {Modeling Informal Learning in Companies},
 booktitle = {Proceedings of the 15th Koli Calling Conference on Computing Education Research},
 series = {Koli Calling '15},
 year = {2015},
 isbn = {978-1-4503-4020-5},
 location = {Koli, Finland},
 pages = {173--174},
 numpages = {2},
 url = {http://doi.acm.org/10.1145/2828959.2835021},
 doi = {10.1145/2828959.2835021},
 acmid = {2835021},
 publisher = {ACM},
 address = {New York, NY, USA},
 keywords = {informal learning, self-regulated learning, system model experience-based learning, workplace learning},
}

@inproceedings{Deng:2019:ATD:3300115.3312513,
 author = {Deng, Qianni},
 title = {Adaptable Test Design for Collaborative Exams in Computer Science},
 booktitle = {Proceedings of the ACM Conference on Global Computing Education},
 series = {CompEd '19},
 year = {2019},
 isbn = {978-1-4503-6259-7},
 location = {Chengdu,Sichuan, China},
 pages = {236--236},
 numpages = {1},
 url = {http://doi.acm.org/10.1145/3300115.3312513},
 doi = {10.1145/3300115.3312513},
 acmid = {3312513},
 publisher = {ACM},
 address = {New York, NY, USA},
 keywords = {adaptable collaborative test, zone of proximal development},
}

@inproceedings{Culbertson:2017:YCE:2998181.2998268,
 author = {Culbertson, Gabriel and Shen, Solace and Andersen, Erik and Jung, Malte},
 title = {Have Your Cake and Eat It Too: Foreign Language Learning with a Crowdsourced Video Captioning System},
 booktitle = {Proceedings of the 2017 ACM Conference on Computer Supported Cooperative Work and Social Computing},
 series = {CSCW '17},
 year = {2017},
 isbn = {978-1-4503-4335-0},
 location = {Portland, Oregon, USA},
 pages = {286--296},
 numpages = {11},
 url = {http://doi.acm.org/10.1145/2998181.2998268},
 doi = {10.1145/2998181.2998268},
 acmid = {2998268},
 publisher = {ACM},
 address = {New York, NY, USA},
 keywords = {crowdsourcing, language learning, video learning},
}

@inproceedings{Alhazmi:2018:CCD:3159450.3159464,
 author = {Alhazmi, Sohail and Hamilton, Margaret and Thevathayan, Charles},
 title = {CS for All: Catering to Diversity of Master's Students Through Assignment Choices},
 booktitle = {Proceedings of the 49th ACM Technical Symposium on Computer Science Education},
 series = {SIGCSE '18},
 year = {2018},
 isbn = {978-1-4503-5103-4},
 location = {Baltimore, Maryland, USA},
 pages = {38--43},
 numpages = {6},
 url = {http://doi.acm.org/10.1145/3159450.3159464},
 doi = {10.1145/3159450.3159464},
 acmid = {3159464},
 publisher = {ACM},
 address = {New York, NY, USA},
 keywords = {assessment design, novice programming},
}

@inproceedings{Cai:2018:ICS:3183586.3183591,
 author = {Cai, Jianping},
 title = {Internet-based Collaborative Strategic Reading in College English Teaching},
 booktitle = {Proceedings of the 9th International Conference on E-Education, E-Business, E-Management and E-Learning},
 series = {IC4E '18},
 year = {2018},
 isbn = {978-1-4503-5485-1},
 location = {San Diego, California},
 pages = {11--14},
 numpages = {4},
 url = {http://doi.acm.org/10.1145/3183586.3183591},
 doi = {10.1145/3183586.3183591},
 acmid = {3183591},
 publisher = {ACM},
 address = {New York, NY, USA},
 keywords = {CSR, autonomous learning ability, internet},
}

@inproceedings{Matos:2017:SLC:3078072.3079726,
 author = {Matos, S\'{o}nia},
 title = {The Sound Labyrinth: Computers, Constructionism and Language Learning},
 booktitle = {Proceedings of the 2017 Conference on Interaction Design and Children},
 series = {IDC '17},
 year = {2017},
 isbn = {978-1-4503-4921-5},
 location = {Stanford, California, USA},
 pages = {258--267},
 numpages = {10},
 url = {http://doi.acm.org/10.1145/3078072.3079726},
 doi = {10.1145/3078072.3079726},
 acmid = {3079726},
 publisher = {ACM},
 address = {New York, NY, USA},
 keywords = {endangered languages, intangible cultural heritage, interface design, learning environments, virtual acoustics, whistled language},
}

@article{Ben-Ari:2004:WMT:1026487.1008059,
 author = {Ben-Ari, Mordechai and Berglund, Anders and Booth, Shirley and Holmboe, Christian},
 title = {What Do We Mean by Theoretically Sound Research in Computer Science Education?},
 journal = {SIGCSE Bull.},
 issue_date = {September 2004},
 volume = {36},
 number = {3},
 month = jun,
 year = {2004},
 issn = {0097-8418},
 pages = {230--231},
 numpages = {2},
 url = {http://doi.acm.org/10.1145/1026487.1008059},
 doi = {10.1145/1026487.1008059},
 acmid = {1008059},
 publisher = {ACM},
 address = {New York, NY, USA},
 keywords = {action research, cognitive theories, computer science education, phenomenography, research approaches, socio-cultural research perspective},
}

@inproceedings{Ben-Ari:2004:WMT:1007996.1008059,
 author = {Ben-Ari, Mordechai and Berglund, Anders and Booth, Shirley and Holmboe, Christian},
 title = {What Do We Mean by Theoretically Sound Research in Computer Science Education?},
 booktitle = {Proceedings of the 9th Annual SIGCSE Conference on Innovation and Technology in Computer Science Education},
 series = {ITiCSE '04},
 year = {2004},
 isbn = {1-58113-836-9},
 location = {Leeds, United Kingdom},
 pages = {230--231},
 numpages = {2},
 url = {http://doi.acm.org/10.1145/1007996.1008059},
 doi = {10.1145/1007996.1008059},
 acmid = {1008059},
 publisher = {ACM},
 address = {New York, NY, USA},
 keywords = {action research, cognitive theories, computer science education, phenomenography, research approaches, socio-cultural research perspective},
}

@inproceedings{Wiegand:2016:DAI:2839509.2844629,
 author = {Wiegand, R. Paul and Bucci, Anthony and Kumar, Amruth N. and Albert, Jennifer L. and Gaspar, Alessio},
 title = {A Data-Driven Analysis of Informatively Hard Concepts in Introductory Programming},
 booktitle = {Proceedings of the 47th ACM Technical Symposium on Computing Science Education},
 series = {SIGCSE '16},
 year = {2016},
 isbn = {978-1-4503-3685-7},
 location = {Memphis, Tennessee, USA},
 pages = {370--375},
 numpages = {6},
 url = {http://doi.acm.org/10.1145/2839509.2844629},
 doi = {10.1145/2839509.2844629},
 acmid = {2844629},
 publisher = {ACM},
 address = {New York, NY, USA},
 keywords = {dimension extraction, introductory programming education, multiobjective optimization, performance analysis, problets},
}

@article{Repenning:2015:SGD:2767124.2700517,
 author = {Repenning, Alexander and Webb, David C. and Koh, Kyu Han and Nickerson, Hilarie and Miller, Susan B. and Brand, Catharine and Horses, Ian Her Many and Basawapatna, Ashok and Gluck, Fred and Grover, Ryan and Gutierrez, Kris and Repenning, Nadia},
 title = {Scalable Game Design: A Strategy to Bring Systemic Computer Science Education to Schools Through Game Design and Simulation Creation},
 journal = {Trans. Comput. Educ.},
 issue_date = {May 2015},
 volume = {15},
 number = {2},
 month = apr,
 year = {2015},
 issn = {1946-6226},
 pages = {11:1--11:31},
 articleno = {11},
 numpages = {31},
 url = {http://doi.acm.org/10.1145/2700517},
 doi = {10.1145/2700517},
 acmid = {2700517},
 publisher = {ACM},
 address = {New York, NY, USA},
 keywords = {Latent Semantic Analysis, STEM, elementary schools, game design, middle schools, programming},
}

@inproceedings{Simoes:2011:LDL:1982185.1982447,
 author = {Sim\~{o}es, Jairo C. and Omar, Nizam},
 title = {Leveraging the Dynamics of Learning by Modeling and Managing Psychosocial Relations and Behavior by Means of Game Theory and Memetics},
 booktitle = {Proceedings of the 2011 ACM Symposium on Applied Computing},
 series = {SAC '11},
 year = {2011},
 isbn = {978-1-4503-0113-8},
 location = {TaiChung, Taiwan},
 pages = {1194--1201},
 numpages = {8},
 url = {http://doi.acm.org/10.1145/1982185.1982447},
 doi = {10.1145/1982185.1982447},
 acmid = {1982447},
 publisher = {ACM},
 address = {New York, NY, USA},
 keywords = {cellular automata, game theory, memetics, modeling, simulation},
}

@inproceedings{Taxen:2003:TCG:965106.965110,
 author = {Tax{\'e}n, Gustav},
 title = {Teaching Computer Graphics Constructively},
 booktitle = {ACM SIGGRAPH 2003 Educators Program},
 series = {SIGGRAPH '03},
 year = {2003},
 location = {San Diego, California},
 pages = {1--4},
 numpages = {4},
 url = {http://doi.acm.org/10.1145/965106.965110},
 doi = {10.1145/965106.965110},
 acmid = {965110},
 publisher = {ACM},
 address = {New York, NY, USA},
 keywords = {computer graphics education, constructivism},
}

@inproceedings{Khan:2012:REP:2330601.2330655,
 author = {Khan, Tariq M. and Clear, Fintan and Sajadi, Samira Sadat},
 title = {The Relationship Between Educational Performance and Online Access Routines: Analysis of Students' Access to an Online Discussion Forum},
 booktitle = {Proceedings of the 2Nd International Conference on Learning Analytics and Knowledge},
 series = {LAK '12},
 year = {2012},
 isbn = {978-1-4503-1111-3},
 location = {Vancouver, British Columbia, Canada},
 pages = {226--229},
 numpages = {4},
 url = {http://doi.acm.org/10.1145/2330601.2330655},
 doi = {10.1145/2330601.2330655},
 acmid = {2330655},
 publisher = {ACM},
 address = {New York, NY, USA},
 keywords = {learning analytics, online discussion, participation patterns},
}

@inproceedings{Kusumawati:2018:SLR:3234825.3234838,
 author = {Kusumawati, Anggara Jatu},
 title = {Scaffolding Learning in Reading and Writing Skill in English for Mechanical Engineering},
 booktitle = {Proceedings of the 2018 The 3rd International Conference on Information and Education Innovations},
 series = {ICIEI 2018},
 year = {2018},
 isbn = {978-1-4503-6440-9},
 location = {London, United Kingdom},
 pages = {78--82},
 numpages = {5},
 url = {http://doi.acm.org/10.1145/3234825.3234838},
 doi = {10.1145/3234825.3234838},
 acmid = {3234838},
 publisher = {ACM},
 address = {New York, NY, USA},
 keywords = {Reading, Scaffolding, Writing},
}

@inproceedings{Daungtod:2019:SFC:3306500.3306542,
 author = {Daungtod, Srisuda and Chaijareon, Sumalee},
 title = {A Synthesis Framework of Constructivist via Gamification-based Learning Environments Model to Enhance Self-regulation for Undergraduate Students},
 booktitle = {Proceedings of the 10th International Conference on E-Education, E-Business, E-Management and E-Learning},
 series = {IC4E '19},
 year = {2019},
 isbn = {978-1-4503-6602-1},
 location = {Tokyo, Japan},
 pages = {146--150},
 numpages = {5},
 url = {http://doi.acm.org/10.1145/3306500.3306542},
 doi = {10.1145/3306500.3306542},
 acmid = {3306542},
 publisher = {ACM},
 address = {New York, NY, USA},
 keywords = {constructivist learning environments, gamification, intrinsic motivation, self-regulation},
}

@inproceedings{Mystakidis:2014:PBD:2643604.2643632,
 author = {Mystakidis, Stylianos and Lambropoulos, Niki and Fardoun, Habib M. and Alghazzawi, Daniyal M.},
 title = {Playful Blended Digital Storytelling in 3D Immersive eLearning Environments: A Cost Effective Early Literacy Motivation Method},
 booktitle = {Proceedings of the 2014 Workshop on Interaction Design in Educational Environments},
 series = {IDEE '14},
 year = {2014},
 isbn = {978-1-4503-3034-3},
 location = {Albacete, Spain},
 pages = {97:97--97:101},
 articleno = {97},
 numpages = {5},
 url = {http://doi.acm.org/10.1145/2643604.2643632},
 doi = {10.1145/2643604.2643632},
 acmid = {2643632},
 publisher = {ACM},
 address = {New York, NY, USA},
 keywords = {3D Virtual Immersive Learning Environments, Digital storytelling, Gamification, Library, Second Life},
}

@inproceedings{Rubegni:2010:CCD:1810543.1810585,
 author = {Rubegni, Elisa and Paolini, Paolo},
 title = {Comparing Canonical and Digital-based Narrative Activities in a Formal Educational Setting},
 booktitle = {Proceedings of the 9th International Conference on Interaction Design and Children},
 series = {IDC '10},
 year = {2010},
 isbn = {978-1-60558-951-0},
 location = {Barcelona, Spain},
 pages = {258--261},
 numpages = {4},
 url = {http://doi.acm.org/10.1145/1810543.1810585},
 doi = {10.1145/1810543.1810585},
 acmid = {1810585},
 publisher = {ACM},
 address = {New York, NY, USA},
 keywords = {digital storytelling, eLearning, educational applications, interaction design},
}

@inproceedings{VanDeGrift:2015:SCU:2676723.2677250,
 author = {VanDeGrift, Tammy},
 title = {Supporting Creativity and User Interaction in CS 1 Homework Assignments},
 booktitle = {Proceedings of the 46th ACM Technical Symposium on Computer Science Education},
 series = {SIGCSE '15},
 year = {2015},
 isbn = {978-1-4503-2966-8},
 location = {Kansas City, Missouri, USA},
 pages = {54--59},
 numpages = {6},
 url = {http://doi.acm.org/10.1145/2676723.2677250},
 doi = {10.1145/2676723.2677250},
 acmid = {2677250},
 publisher = {ACM},
 address = {New York, NY, USA},
 keywords = {creativity, motivation, novice programmers, user interaction},
}

@inproceedings{Moskal:2017:APE:3105726.3106170,
 author = {Moskal, Adon Christian Michael and Gasson, Joy and Parsons, Dale},
 title = {The 'Art' of Programming: Exploring Student Conceptions of Programming Through the Use of Drawing Methodology},
 booktitle = {Proceedings of the 2017 ACM Conference on International Computing Education Research},
 series = {ICER '17},
 year = {2017},
 isbn = {978-1-4503-4968-0},
 location = {Tacoma, Washington, USA},
 pages = {39--46},
 numpages = {8},
 url = {http://doi.acm.org/10.1145/3105726.3106170},
 doi = {10.1145/3105726.3106170},
 acmid = {3106170},
 publisher = {ACM},
 address = {New York, NY, USA},
 keywords = {drawing methodology, programming education, student affect},
}

@inproceedings{Apostolellis:2014:REB:2593968.2610489,
 author = {Apostolellis, Panagiotis and Stewart, Michael and Frisina, Chris and Kafura, Dennis},
 title = {RaBit EscAPE: A Board Game for Computational Thinking},
 booktitle = {Proceedings of the 2014 Conference on Interaction Design and Children},
 series = {IDC '14},
 year = {2014},
 isbn = {978-1-4503-2272-0},
 location = {Aarhus, Denmark},
 pages = {349--352},
 numpages = {4},
 url = {http://doi.acm.org/10.1145/2593968.2610489},
 doi = {10.1145/2593968.2610489},
 acmid = {2610489},
 publisher = {ACM},
 address = {New York, NY, USA},
 keywords = {computational thinking, education, tangible games},
}

@inproceedings{Sarkar:2013:TBT:2532748.2532764,
 author = {Sarkar, Amitrajit and Bell, Tim},
 title = {Teaching Black-box Testing to High School Students},
 booktitle = {Proceedings of the 8th Workshop in Primary and Secondary Computing Education},
 series = {WiPSE '13},
 year = {2013},
 isbn = {978-1-4503-2455-7},
 location = {Aarhus, Denmark},
 pages = {75--78},
 numpages = {4},
 url = {http://doi.acm.org/10.1145/2532748.2532764},
 doi = {10.1145/2532748.2532764},
 acmid = {2532764},
 publisher = {ACM},
 address = {New York, NY, USA},
 keywords = {black-box testing, high school CS, software engineering},
}

@inproceedings{Babori:2019:RMC:3320326.3320349,
 author = {Babori, Abdelghani and Fassi, Hicham Fihri and Zaid, Abdelkarim},
 title = {Research on MOOCs: Current Trends and Taking into Account of Content},
 booktitle = {Proceedings of the 2Nd International Conference on Networking, Information Systems \& Security},
 series = {NISS19},
 year = {2019},
 isbn = {978-1-4503-6645-8},
 location = {Rabat, Morocco},
 pages = {17:1--17:9},
 articleno = {17},
 numpages = {9},
 url = {http://doi.acm.org/10.1145/3320326.3320349},
 doi = {10.1145/3320326.3320349},
 acmid = {3320349},
 publisher = {ACM},
 address = {New York, NY, USA},
 keywords = {MOOC, content, didactics, systematic review},
}

@inproceedings{Falkner:2013:CLA:2445196.2445268,
 author = {Falkner, Katrina and Falkner, Nickolas J.G. and Vivian, Rebecca},
 title = {Collaborative Learning and Anxiety: A Phenomenographic Study of Collaborative Learning Activities},
 booktitle = {Proceeding of the 44th ACM Technical Symposium on Computer Science Education},
 series = {SIGCSE '13},
 year = {2013},
 isbn = {978-1-4503-1868-6},
 location = {Denver, Colorado, USA},
 pages = {227--232},
 numpages = {6},
 url = {http://doi.acm.org/10.1145/2445196.2445268},
 doi = {10.1145/2445196.2445268},
 acmid = {2445268},
 publisher = {ACM},
 address = {New York, NY, USA},
 keywords = {collaborative learning, computer science education, phenomenography},
}

@inproceedings{Basawapatna:2015:CCL:2676723.2677269,
 author = {Basawapatna, Ashok Ram and Repenning, Alexander and Koh, Kyu Han},
 title = {Closing The Cyberlearning Loop: Enabling Teachers To Formatively Assess Student Programming Projects},
 booktitle = {Proceedings of the 46th ACM Technical Symposium on Computer Science Education},
 series = {SIGCSE '15},
 year = {2015},
 isbn = {978-1-4503-2966-8},
 location = {Kansas City, Missouri, USA},
 pages = {12--17},
 numpages = {6},
 url = {http://doi.acm.org/10.1145/2676723.2677269},
 doi = {10.1145/2676723.2677269},
 acmid = {2677269},
 publisher = {ACM},
 address = {New York, NY, USA},
 keywords = {assessment tools, computational thinking, cyberlearning, end-user game and simulation design, formative assessment, k-12 computer science education, summative assessment},
}

@inproceedings{Murphy:2008:DFM:1384271.1384344,
 author = {Murphy, Laurie and Thomas, Lynda},
 title = {Dangers of a Fixed Mindset: Implications of Self-theories Research for Computer Science Education},
 booktitle = {Proceedings of the 13th Annual Conference on Innovation and Technology in Computer Science Education},
 series = {ITiCSE '08},
 year = {2008},
 isbn = {978-1-60558-078-4},
 location = {Madrid, Spain},
 pages = {271--275},
 numpages = {5},
 url = {http://doi.acm.org/10.1145/1384271.1384344},
 doi = {10.1145/1384271.1384344},
 acmid = {1384344},
 publisher = {ACM},
 address = {New York, NY, USA},
 keywords = {cs ed research, cs1, self-theories, theories of intelligence},
}

@article{Murphy:2008:DFM:1597849.1384344,
 author = {Murphy, Laurie and Thomas, Lynda},
 title = {Dangers of a Fixed Mindset: Implications of Self-theories Research for Computer Science Education},
 journal = {SIGCSE Bull.},
 issue_date = {September 2008},
 volume = {40},
 number = {3},
 month = jun,
 year = {2008},
 issn = {0097-8418},
 pages = {271--275},
 numpages = {5},
 url = {http://doi.acm.org/10.1145/1597849.1384344},
 doi = {10.1145/1597849.1384344},
 acmid = {1384344},
 publisher = {ACM},
 address = {New York, NY, USA},
 keywords = {cs ed research, cs1, self-theories, theories of intelligence},
}

@inproceedings{Atapattu:2015:TCM:2729094.2742634,
 author = {Atapattu, Thushari and Falkner, Katrina and Falkner, Nickolas},
 title = {Task-Adapted Concept Map Scaffolding to Support Quizzes in an Online Environment},
 booktitle = {Proceedings of the 2015 ACM Conference on Innovation and Technology in Computer Science Education},
 series = {ITiCSE '15},
 year = {2015},
 isbn = {978-1-4503-3440-2},
 location = {Vilnius, Lithuania},
 pages = {272--277},
 numpages = {6},
 url = {http://doi.acm.org/10.1145/2729094.2742634},
 doi = {10.1145/2729094.2742634},
 acmid = {2742634},
 publisher = {ACM},
 address = {New York, NY, USA},
 keywords = {concept map, lecture slides, meaningful learning, quizzes, scaffolding},
}

@inproceedings{Turner:2011:SAM:1953163.1953268,
 author = {Turner, Scott and P{\'e}rez-Qui\~{n}ones, Manuel A. and Edwards, Stephen and Chase, Joseph},
 title = {Student Attitudes and Motivation for Peer Review in CS2},
 booktitle = {Proceedings of the 42Nd ACM Technical Symposium on Computer Science Education},
 series = {SIGCSE '11},
 year = {2011},
 isbn = {978-1-4503-0500-6},
 location = {Dallas, TX, USA},
 pages = {347--352},
 numpages = {6},
 url = {http://doi.acm.org/10.1145/1953163.1953268},
 doi = {10.1145/1953163.1953268},
 acmid = {1953268},
 publisher = {ACM},
 address = {New York, NY, USA},
 keywords = {attitude, computer science education, engagement, learning, peer assessment, peer review},
}

@inproceedings{Hsiao:2018:RGD:3183586.3183593,
 author = {Hsiao, Yu-Chen and Shiao, Yi-Tzone},
 title = {Research on Gender Differences in the Digital Learning Performance of University Students},
 booktitle = {Proceedings of the 9th International Conference on E-Education, E-Business, E-Management and E-Learning},
 series = {IC4E '18},
 year = {2018},
 isbn = {978-1-4503-5485-1},
 location = {San Diego, California},
 pages = {26--30},
 numpages = {5},
 url = {http://doi.acm.org/10.1145/3183586.3183593},
 doi = {10.1145/3183586.3183593},
 acmid = {3183593},
 publisher = {ACM},
 address = {New York, NY, USA},
 keywords = {data analytics, digital learning, gender differences, learning performance},
}

@inproceedings{Larkins:2013:ACA:2445196.2445226,
 author = {Larkins, D. Brian and Moore, J. Christopher and Rubbo, Louis J. and Covington, Laura R.},
 title = {Application of the Cognitive Apprenticeship Framework to a Middle School Robotics Camp},
 booktitle = {Proceeding of the 44th ACM Technical Symposium on Computer Science Education},
 series = {SIGCSE '13},
 year = {2013},
 isbn = {978-1-4503-1868-6},
 location = {Denver, Colorado, USA},
 pages = {89--94},
 numpages = {6},
 url = {http://doi.acm.org/10.1145/2445196.2445226},
 doi = {10.1145/2445196.2445226},
 acmid = {2445226},
 publisher = {ACM},
 address = {New York, NY, USA},
 keywords = {K-12, cognitive apprenticeship, education, robotics, stem},
}

@article{Duffy:2010:DCW:1890748.1890751,
 author = {Duffy, Jill},
 title = {DevLearn 2010 Conference Wrap: 20 Take-Aways from DevLearn Sessions, Keynotes, and Thought Leaders},
 journal = {eLearn},
 issue_date = {November 2011},
 volume = {2010},
 number = {11},
 month = nov,
 year = {2010},
 issn = {1535-394X},
 articleno = {3},
 url = {http://doi.acm.org/10.1145/1890748.1890751},
 doi = {10.1145/1890748.1890751},
 acmid = {1890751},
 publisher = {ACM},
 address = {New York, NY, USA},
}

@inproceedings{Teague:2014:PRW:2591708.2591712,
 author = {Teague, Donna and Lister, Raymond},
 title = {Programming: Reading, Writing and Reversing},
 booktitle = {Proceedings of the 2014 Conference on Innovation \&\#38; Technology in Computer Science Education},
 series = {ITiCSE '14},
 year = {2014},
 isbn = {978-1-4503-2833-3},
 location = {Uppsala, Sweden},
 pages = {285--290},
 numpages = {6},
 url = {http://doi.acm.org/10.1145/2591708.2591712},
 doi = {10.1145/2591708.2591712},
 acmid = {2591712},
 publisher = {ACM},
 address = {New York, NY, USA},
 keywords = {neo-piagetian theory, novice programmers, programming, reversibility, think aloud},
}

@inproceedings{Whalley:2014:QTS:2591708.2591762,
 author = {Whalley, Jacqueline and Kasto, Nadia},
 title = {A Qualitative Think-aloud Study of Novice Programmers' Code Writing Strategies},
 booktitle = {Proceedings of the 2014 Conference on Innovation \&\#38; Technology in Computer Science Education},
 series = {ITiCSE '14},
 year = {2014},
 isbn = {978-1-4503-2833-3},
 location = {Uppsala, Sweden},
 pages = {279--284},
 numpages = {6},
 url = {http://doi.acm.org/10.1145/2591708.2591762},
 doi = {10.1145/2591708.2591762},
 acmid = {2591762},
 publisher = {ACM},
 address = {New York, NY, USA},
 keywords = {novice programmers, schemas, think aloud, vygotsky},
}

@inproceedings{Eckerdal:2007:LLC:1288580.1288597,
 author = {Eckerdal, Anna and McCartney, Robert and Mostr\"{o}m, Jan Erik and Sanders, Kate and Thomas, Lynda and Zander, Carol},
 title = {From Limen to Lumen: Computing Students in Liminal Spaces},
 booktitle = {Proceedings of the Third International Workshop on Computing Education Research},
 series = {ICER '07},
 year = {2007},
 isbn = {978-1-59593-841-1},
 location = {Atlanta, Georgia, USA},
 pages = {123--132},
 numpages = {10},
 url = {http://doi.acm.org/10.1145/1288580.1288597},
 doi = {10.1145/1288580.1288597},
 acmid = {1288597},
 publisher = {ACM},
 address = {New York, NY, USA},
 keywords = {learning theory, liminal space, threshold concepts},
}

@inproceedings{Vihavainen:2011:EAM:1999747.1999824,
 author = {Vihavainen, Arto and Paksula, Matti and Luukkainen, Matti and Kurhila, Jaakko},
 title = {Extreme Apprenticeship Method: Key Practices and Upward Scalability},
 booktitle = {Proceedings of the 16th Annual Joint Conference on Innovation and Technology in Computer Science Education},
 series = {ITiCSE '11},
 year = {2011},
 isbn = {978-1-4503-0697-3},
 location = {Darmstadt, Germany},
 pages = {273--277},
 numpages = {5},
 url = {http://doi.acm.org/10.1145/1999747.1999824},
 doi = {10.1145/1999747.1999824},
 acmid = {1999824},
 publisher = {ACM},
 address = {New York, NY, USA},
 keywords = {best practises, cognitive apprenticeship, continuous feedback, instructional design, programming education},
}

@inproceedings{Turner:2010:PRC:1734263.1734379,
 author = {Turner, Scott and P{\'e}rez-Qui\~{n}ones, Manuel A. and Edwards, Stephen and Chase, Joseph},
 title = {Peer Review in CS2: Conceptual Learning},
 booktitle = {Proceedings of the 41st ACM Technical Symposium on Computer Science Education},
 series = {SIGCSE '10},
 year = {2010},
 isbn = {978-1-4503-0006-3},
 location = {Milwaukee, Wisconsin, USA},
 pages = {331--335},
 numpages = {5},
 url = {http://doi.acm.org/10.1145/1734263.1734379},
 doi = {10.1145/1734263.1734379},
 acmid = {1734379},
 publisher = {ACM},
 address = {New York, NY, USA},
 keywords = {cs education, learning, object-oriented concepts, peer review},
}

@inproceedings{Deitrick:2015:UDC:2787622.2787715,
 author = {Deitrick, Elise and Shapiro, R. Benjamin and Ahrens, Matthew P. and Fiebrink, Rebecca and Lehrman, Paul D. and Farooq, Saad},
 title = {Using Distributed Cognition Theory to Analyze Collaborative Computer Science Learning},
 booktitle = {Proceedings of the Eleventh Annual International Conference on International Computing Education Research},
 series = {ICER '15},
 year = {2015},
 isbn = {978-1-4503-3630-7},
 location = {Omaha, Nebraska, USA},
 pages = {51--60},
 numpages = {10},
 url = {http://doi.acm.org/10.1145/2787622.2787715},
 doi = {10.1145/2787622.2787715},
 acmid = {2787715},
 publisher = {ACM},
 address = {New York, NY, USA},
 keywords = {learning, music, research methods},
}

@inproceedings{Franco:2006:CGI:1179295.1179338,
 author = {Franco, Jorge Ferreira and da Cruz, Sandra Regina and de Deus Lopes, Roseli},
 title = {Computer Graphics, Interactive Technologies and Collaborative Learning Synergy Supporting Individuals' Skills Development},
 booktitle = {ACM SIGGRAPH 2006 Educators Program},
 series = {SIGGRAPH '06},
 year = {2006},
 isbn = {1-59593-364-6},
 location = {Boston, Massachusetts},
 articleno = {42},
 url = {http://doi.acm.org/10.1145/1179295.1179338},
 doi = {10.1145/1179295.1179338},
 acmid = {1179338},
 publisher = {ACM},
 address = {New York, NY, USA},
 keywords = {education, hypermedia, interactive graphics, literacy, social inclusion, virtual reality},
}

@inproceedings{Gibson:2013:EGT:2532748.2532751,
 author = {Gibson, Ben and Bell, Tim},
 title = {Evaluation of Games for Teaching Computer Science},
 booktitle = {Proceedings of the 8th Workshop in Primary and Secondary Computing Education},
 series = {WiPSE '13},
 year = {2013},
 isbn = {978-1-4503-2455-7},
 location = {Aarhus, Denmark},
 pages = {51--60},
 numpages = {10},
 url = {http://doi.acm.org/10.1145/2532748.2532751},
 doi = {10.1145/2532748.2532751},
 acmid = {2532751},
 publisher = {ACM},
 address = {New York, NY, USA},
 keywords = {computer science education, educational games, play},
}

@inproceedings{Vihavainen:2012:MSM:2380552.2380603,
 author = {Vihavainen, Arto and Luukkainen, Matti and Kurhila, Jaakko},
 title = {Multi-faceted Support for MOOC in Programming},
 booktitle = {Proceedings of the 13th Annual Conference on Information Technology Education},
 series = {SIGITE '12},
 year = {2012},
 isbn = {978-1-4503-1464-0},
 location = {Calgary, Alberta, Canada},
 pages = {171--176},
 numpages = {6},
 url = {http://doi.acm.org/10.1145/2380552.2380603},
 doi = {10.1145/2380552.2380603},
 acmid = {2380603},
 publisher = {ACM},
 address = {New York, NY, USA},
 keywords = {automatic assessment service, extreme apprenticeship, formal acknowledgement, mooc, programming},
}

@inproceedings{Franco:2009:TDE:1666611.1666626,
 author = {Franco, Jorge Ferreira and de Deus Lopes, Roseli},
 title = {Three-dimensional Digital Enviroments and Computer Graphics Influencing K-12 Individuals' Digital Literacy Development and Interdisciplinary Lifelong Learning},
 booktitle = {ACM SIGGRAPH ASIA 2009 Educators Program},
 series = {SIGGRAPH ASIA '09},
 year = {2009},
 location = {Yokohama, Japan},
 pages = {15:1--15:8},
 articleno = {15},
 numpages = {8},
 url = {http://doi.acm.org/10.1145/1666611.1666626},
 doi = {10.1145/1666611.1666626},
 acmid = {1666626},
 publisher = {ACM},
 address = {New York, NY, USA},
 keywords = {cognitive development, culture, digital art, information visualization, lifelong learning, virtual reality},
}

@inproceedings{Tu:2007:IRV:1290144.1290152,
 author = {Tu, Kai and Thornburg, Harvey and Campana, Ellen and Birchfield, David and Fulmer, Matthew and Spanias, Andreas},
 title = {Interaction and Reflection via 3D Path Shape Qualities in a Mediated Constructive Learning Environment},
 booktitle = {Proceedings of the International Workshop on Educational Multimedia and Multimedia Education},
 series = {Emme '07},
 year = {2007},
 isbn = {978-1-59593-783-4},
 location = {Augsburg, Bavaria, Germany},
 pages = {37--46},
 numpages = {10},
 url = {http://doi.acm.org/10.1145/1290144.1290152},
 doi = {10.1145/1290144.1290152},
 acmid = {1290152},
 publisher = {ACM},
 address = {New York, NY, USA},
 keywords = {hybrid physical-digital space, mediated constructive learning, motion quality analysis},
}

@inproceedings{Armendariz:2014:OOC:2556325.2567849,
 author = {Armendariz, Daniel and MacHardy, Zachary and Garcia, Daniel D.},
 title = {OCTAL: Online Course Tool for Adaptive Learning},
 booktitle = {Proceedings of the First ACM Conference on Learning @ Scale Conference},
 series = {L@S '14},
 year = {2014},
 isbn = {978-1-4503-2669-8},
 location = {Atlanta, Georgia, USA},
 pages = {141--142},
 numpages = {2},
 url = {http://doi.acm.org/10.1145/2556325.2567849},
 doi = {10.1145/2556325.2567849},
 acmid = {2567849},
 publisher = {ACM},
 address = {New York, NY, USA},
 keywords = {adaptive assessment, concept map, non-linear courses, student modeling},
}

@inproceedings{Kurvinen:2012:CLP:2401796.2401801,
 author = {Kurvinen, Einari and Lind{\'e}n, Rolf and Rajala, Teemu and Kaila, Erkki and Laakso, Mikko-Jussi and Salakoski, Tapio},
 title = {Computer-assisted Learning in Primary School Mathematics Using ViLLE Education Tool},
 booktitle = {Proceedings of the 12th Koli Calling International Conference on Computing Education Research},
 series = {Koli Calling '12},
 year = {2012},
 isbn = {978-1-4503-1795-5},
 location = {Koli, Finland},
 pages = {39--46},
 numpages = {8},
 url = {http://doi.acm.org/10.1145/2401796.2401801},
 doi = {10.1145/2401796.2401801},
 acmid = {2401801},
 publisher = {ACM},
 address = {New York, NY, USA},
 keywords = {ICT in schools, collaborative learning, computer-assisted learning},
}

@article{Turner:2018:PRC:3266362.3152715,
 author = {Turner, Scott Alexander and P{\'e}rez-Qui\~{n}ones, Manuel A. and Edwards, Stephen H.},
 title = {Peer Review in CS2: Conceptual Learning and High-Level Thinking},
 journal = {ACM Trans. Comput. Educ.},
 issue_date = {September 2018},
 volume = {18},
 number = {3},
 month = sep,
 year = {2018},
 issn = {1946-6226},
 pages = {13:1--13:37},
 articleno = {13},
 numpages = {37},
 url = {http://doi.acm.org/10.1145/3152715},
 doi = {10.1145/3152715},
 acmid = {3152715},
 publisher = {ACM},
 address = {New York, NY, USA},
 keywords = {CS education, learning, Peer Review, object-oriented concepts, peer assessment},
}

@inproceedings{Eitelman:2006:CTP:1185448.1185580,
 author = {Eitelman, Susan M.},
 title = {Computer Tutoring for Programming Education},
 booktitle = {Proceedings of the 44th Annual Southeast Regional Conference},
 series = {ACM-SE 44},
 year = {2006},
 isbn = {1-59593-315-8},
 location = {Melbourne, Florida},
 pages = {607--610},
 numpages = {4},
 url = {http://doi.acm.org/10.1145/1185448.1185580},
 doi = {10.1145/1185448.1185580},
 acmid = {1185580},
 publisher = {ACM},
 address = {New York, NY, USA},
 keywords = {intelligent tutoring},
}

@inproceedings{White:2019:CBL:3316287.3316291,
 author = {White, Jeremy and Piumarta, Ian and Yamanishi, Ryosuke and Jacobs, Stephen and Simkins, David},
 title = {Communication Beyond Languages Realized by International Game Jams},
 booktitle = {Proceedings of the International Conference on Game Jams, Hackathons and Game Creation Events 2019},
 series = {ICGJ 2019},
 year = {2019},
 isbn = {978-1-4503-6205-4},
 location = {San Francisco, CA, USA},
 pages = {3:1--3:6},
 articleno = {3},
 numpages = {6},
 url = {http://doi.acm.org/10.1145/3316287.3316291},
 doi = {10.1145/3316287.3316291},
 acmid = {3316291},
 publisher = {ACM},
 address = {New York, NY, USA},
 keywords = {Game jams, education, mixed-language communication},
}

@inproceedings{Zhang:2018:CSI:3207677.3278031,
 author = {Zhang, Junling and Liu, Jing},
 title = {Construction of Scaffolding Instruction Mode for Mblock for Arduino Maker Course Based on Design Thinking},
 booktitle = {Proceedings of the 2Nd International Conference on Computer Science and Application Engineering},
 series = {CSAE '18},
 year = {2018},
 isbn = {978-1-4503-6512-3},
 location = {Hohhot, China},
 pages = {147:1--147:6},
 articleno = {147},
 numpages = {6},
 url = {http://doi.acm.org/10.1145/3207677.3278031},
 doi = {10.1145/3207677.3278031},
 acmid = {3278031},
 publisher = {ACM},
 address = {New York, NY, USA},
 keywords = {Arduino, Design Thinking, Maker Education, Mblock, Scaffolding Instruction},
}

@inproceedings{Ericson:2016:DAP:2960310.2960342,
 author = {Ericson, Barbara J.},
 title = {Dynamically Adaptive Parsons Problems},
 booktitle = {Proceedings of the 2016 ACM Conference on International Computing Education Research},
 series = {ICER '16},
 year = {2016},
 isbn = {978-1-4503-4449-4},
 location = {Melbourne, VIC, Australia},
 pages = {269--270},
 numpages = {2},
 url = {http://doi.acm.org/10.1145/2960310.2960342},
 doi = {10.1145/2960310.2960342},
 acmid = {2960342},
 publisher = {ACM},
 address = {New York, NY, USA},
 keywords = {adaptive learning, ebook, learning programming, online learning, parsons problems},
}

@inproceedings{Webb:2012:TET:2157136.2157191,
 author = {Webb, David C. and Repenning, Alexander and Koh, Kyu Han},
 title = {Toward an Emergent Theory of Broadening Participation in Computer Science Education},
 booktitle = {Proceedings of the 43rd ACM Technical Symposium on Computer Science Education},
 series = {SIGCSE '12},
 year = {2012},
 isbn = {978-1-4503-1098-7},
 location = {Raleigh, North Carolina, USA},
 pages = {173--178},
 numpages = {6},
 url = {http://doi.acm.org/10.1145/2157136.2157191},
 doi = {10.1145/2157136.2157191},
 acmid = {2157191},
 publisher = {ACM},
 address = {New York, NY, USA},
 keywords = {guided discovery, student interest, teacher-directed instruction},
}

@article{Bower:2007:ISA:1269900.1268827,
 author = {Bower, Matt},
 title = {Independent, Synchronous and Asynchronous an Analysis of Approaches to Online Concept Formation},
 journal = {SIGCSE Bull.},
 issue_date = {September 2007},
 volume = {39},
 number = {3},
 month = jun,
 year = {2007},
 issn = {0097-8418},
 pages = {141--145},
 numpages = {5},
 url = {http://doi.acm.org/10.1145/1269900.1268827},
 doi = {10.1145/1269900.1268827},
 acmid = {1268827},
 publisher = {ACM},
 address = {New York, NY, USA},
 keywords = {concept formation, groupwork, online learning, pedagogy, technology enhanced learning, virtual classroom, wiki},
}

@inproceedings{Bower:2007:ISA:1268784.1268827,
 author = {Bower, Matt},
 title = {Independent, Synchronous and Asynchronous an Analysis of Approaches to Online Concept Formation},
 booktitle = {Proceedings of the 12th Annual SIGCSE Conference on Innovation and Technology in Computer Science Education},
 series = {ITiCSE '07},
 year = {2007},
 isbn = {978-1-59593-610-3},
 location = {Dundee, Scotland},
 pages = {141--145},
 numpages = {5},
 url = {http://doi.acm.org/10.1145/1268784.1268827},
 doi = {10.1145/1268784.1268827},
 acmid = {1268827},
 publisher = {ACM},
 address = {New York, NY, USA},
 keywords = {concept formation, groupwork, online learning, pedagogy, technology enhanced learning, virtual classroom, wiki},
}

@inproceedings{Ahmadi:2011:TDC:1984674.1984691,
 author = {Ahmadi, Navid and Jazayeri, Mehdi and Repenning, Alexander},
 title = {Towards Democratizing Computer Science Education Through Social Game Design},
 booktitle = {Proceedings of the 1st International Workshop on Games and Software Engineering},
 series = {GAS '11},
 year = {2011},
 isbn = {978-1-4503-0578-5},
 location = {Waikiki, Honolulu, HI, USA},
 pages = {48--51},
 numpages = {4},
 url = {http://doi.acm.org/10.1145/1984674.1984691},
 doi = {10.1145/1984674.1984691},
 acmid = {1984691},
 publisher = {ACM},
 address = {New York, NY, USA},
 keywords = {communities of practice, educational game design, peer learning, social interfaces, social learning, web 2.0},
}

@inproceedings{Duran:2018:TID:3230977.3231007,
 author = {Duran, Rodrigo},
 title = {Towards an Instructional Design of Complex Learning in Introductory Programming Courses},
 booktitle = {Proceedings of the 2018 ACM Conference on International Computing Education Research},
 series = {ICER '18},
 year = {2018},
 isbn = {978-1-4503-5628-2},
 location = {Espoo, Finland},
 pages = {262--263},
 numpages = {2},
 url = {http://doi.acm.org/10.1145/3230977.3231007},
 doi = {10.1145/3230977.3231007},
 acmid = {3231007},
 publisher = {ACM},
 address = {New York, NY, USA},
 keywords = {cognitive load theory, complexity, model of hierarchical complexity, plan-composition strategies, program cognitive complexity},
}

@inproceedings{Pitkanen:2019:SFL:3335055.3335061,
 author = {Pitk\"{a}nen, Kati and Iwata, Megumi and Laru, Jari},
 title = {Supporting Fab Lab Facilitators to Develop Pedagogical Practices to Improve Learning in Digital Fabrication Activities},
 booktitle = {Proceedings of the FabLearn Europe 2019 Conference},
 series = {FabLearn Europe '19},
 year = {2019},
 isbn = {978-1-4503-6266-5},
 location = {Oulu, Finland},
 pages = {6:1--6:9},
 articleno = {6},
 numpages = {9},
 url = {http://doi.acm.org/10.1145/3335055.3335061},
 doi = {10.1145/3335055.3335061},
 acmid = {3335061},
 publisher = {ACM},
 address = {New York, NY, USA},
 keywords = {Activity Design, Digital Fabrication, Fab Lab Facilitators, Ill-structured Problem Solving, Scaffolding, Teachers},
}

@article{Chinn:2005:CPL:1088791.1088833,
 author = {Chinn, Donald and Martin, Kristofer},
 title = {Collaborative, Problem-based Learning in Computer Science},
 journal = {J. Comput. Sci. Coll.},
 issue_date = {October 2005},
 volume = {21},
 number = {1},
 month = oct,
 year = {2005},
 issn = {1937-4771},
 pages = {239--245},
 numpages = {7},
 url = {http://dl.acm.org/citation.cfm?id=1088791.1088833},
 acmid = {1088833},
 publisher = {Consortium for Computing Sciences in Colleges},
 address = {USA},
}

@inproceedings{Edwards:2019:RVP:3300115.3309525,
 author = {Edwards, Stephen H. and Murali, Krishnan P. and Kazerouni, Ayaan M.},
 title = {The Relationship Between Voluntary Practice of Short Programming Exercises and Exam Performance},
 booktitle = {Proceedings of the ACM Conference on Global Computing Education},
 series = {CompEd '19},
 year = {2019},
 isbn = {978-1-4503-6259-7},
 location = {Chengdu,Sichuan, China},
 pages = {113--119},
 numpages = {7},
 url = {http://doi.acm.org/10.1145/3300115.3309525},
 doi = {10.1145/3300115.3309525},
 acmid = {3309525},
 publisher = {ACM},
 address = {New York, NY, USA},
 keywords = {coding, exam, homework, practice, programming exercises, skill development},
}

@inproceedings{Kolyda:2013:TSL:2507065.2507077,
 author = {Kolyda, Frantzeska},
 title = {Towards Simplifying Learning Systems: A Critical Review},
 booktitle = {Proceedings of the 31st ACM International Conference on Design of Communication},
 series = {SIGDOC '13},
 year = {2013},
 isbn = {978-1-4503-2131-0},
 location = {Greenville, North Carolina, USA},
 pages = {85--90},
 numpages = {6},
 url = {http://doi.acm.org/10.1145/2507065.2507077},
 doi = {10.1145/2507065.2507077},
 acmid = {2507077},
 publisher = {ACM},
 address = {New York, NY, USA},
 keywords = {educational technology, learning, learning systems, user-centered design},
}

@inproceedings{Chetty:2015:TPD:2828959.2828976,
 author = {Chetty, Jacqui and van der Westhuizen, Duan},
 title = {Towards a Pedagogical Design for Teaching Novice Programmers: Design-based Research As an Empirical Determinant for Success},
 booktitle = {Proceedings of the 15th Koli Calling Conference on Computing Education Research},
 series = {Koli Calling '15},
 year = {2015},
 isbn = {978-1-4503-4020-5},
 location = {Koli, Finland},
 pages = {5--12},
 numpages = {8},
 url = {http://doi.acm.org/10.1145/2828959.2828976},
 doi = {10.1145/2828959.2828976},
 acmid = {2828976},
 publisher = {ACM},
 address = {New York, NY, USA},
 keywords = {CS1, design principles, design-based research, instructional design},
}

@inproceedings{Gaspar:2013:PRU:2512276.2512301,
 author = {Gaspar, Alessio and Langevin, Sarah and Boyer, Naomi and Tindell, Ralph},
 title = {A Preliminary Review of Undergraduate Programming Students' Perspectives on Writing Tests, Working with Others, \&\#38; Using Peer Testing},
 booktitle = {Proceedings of the 14th Annual ACM SIGITE Conference on Information Technology Education},
 series = {SIGITE '13},
 year = {2013},
 isbn = {978-1-4503-2239-3},
 location = {Orlando, Florida, USA},
 pages = {109--114},
 numpages = {6},
 url = {http://doi.acm.org/10.1145/2512276.2512301},
 doi = {10.1145/2512276.2512301},
 acmid = {2512301},
 publisher = {ACM},
 address = {New York, NY, USA},
 keywords = {novice programmers, peer testing, programming pedagogy},
}

@inproceedings{Wauck:2017:GFI:3030024.3038286,
 author = {Wauck, Helen},
 title = {Game Features and Individual Differences: What Makes a Spatial Skill Training Video Game Effective?},
 booktitle = {Proceedings of the 22Nd International Conference on Intelligent User Interfaces Companion},
 series = {IUI '17 Companion},
 year = {2017},
 isbn = {978-1-4503-4893-5},
 location = {Limassol, Cyprus},
 pages = {197--200},
 numpages = {4},
 url = {http://doi.acm.org/10.1145/3030024.3038286},
 doi = {10.1145/3030024.3038286},
 acmid = {3038286},
 publisher = {ACM},
 address = {New York, NY, USA},
 keywords = {children, cognitive science, education, learning, spatial reasoning, video games},
}

@inproceedings{Isomottonen:2011:KGP:1953163.1953296,
 author = {Isom\"{o}tt\"{o}nen, Ville and Lakanen, Antti-Jussi and Lappalainen, Vesa},
 title = {K-12 Game Programming Course Concept Using Textual Programming},
 booktitle = {Proceedings of the 42Nd ACM Technical Symposium on Computer Science Education},
 series = {SIGCSE '11},
 year = {2011},
 isbn = {978-1-4503-0500-6},
 location = {Dallas, TX, USA},
 pages = {459--464},
 numpages = {6},
 url = {http://doi.acm.org/10.1145/1953163.1953296},
 doi = {10.1145/1953163.1953296},
 acmid = {1953296},
 publisher = {ACM},
 address = {New York, NY, USA},
 keywords = {K-12 teaching, game programming},
}

@inproceedings{Basawapatna:2019:ZPF:3287324.3287361,
 author = {Basawapatna, Ashok and Repenning, Alexander and Savignano, Mark},
 title = {The Zones of Proximal Flow Tutorial: Designing Computational Thinking Cliffhangers},
 booktitle = {Proceedings of the 50th ACM Technical Symposium on Computer Science Education},
 series = {SIGCSE '19},
 year = {2019},
 isbn = {978-1-4503-5890-3},
 location = {Minneapolis, MN, USA},
 pages = {428--434},
 numpages = {7},
 url = {http://doi.acm.org/10.1145/3287324.3287361},
 doi = {10.1145/3287324.3287361},
 acmid = {3287361},
 publisher = {ACM},
 address = {New York, NY, USA},
 keywords = {computational thinking, cyberlearning, exposure, flow, zone of proximal development, hour of code, retention, retention of flow, tutorial, zones of proximal flow},
}

@article{Goode:2011:ECS:1993069.1993076,
 author = {Goode, Joanna and Margolis, Jane},
 title = {Exploring Computer Science: A Case Study of School Reform},
 journal = {Trans. Comput. Educ.},
 issue_date = {July 2011},
 volume = {11},
 number = {2},
 month = jul,
 year = {2011},
 issn = {1946-6226},
 pages = {12:1--12:16},
 articleno = {12},
 numpages = {16},
 url = {http://doi.acm.org/10.1145/1993069.1993076},
 doi = {10.1145/1993069.1993076},
 acmid = {1993076},
 publisher = {ACM},
 address = {New York, NY, USA},
 keywords = {Gender and ethnicity, broadening the participation in computing, curriculum, exploring computer science, pedagogy},
}

@inproceedings{Bort:2015:ICC:2676723.2677308,
 author = {Bort, Heather and Czarnik, Mimi and Brylow, Dennis},
 title = {Introducing Computing Concepts to Non-Majors: A Case Study in Gothic Novels},
 booktitle = {Proceedings of the 46th ACM Technical Symposium on Computer Science Education},
 series = {SIGCSE '15},
 year = {2015},
 isbn = {978-1-4503-2966-8},
 location = {Kansas City, Missouri, USA},
 pages = {132--137},
 numpages = {6},
 url = {http://doi.acm.org/10.1145/2676723.2677308},
 doi = {10.1145/2676723.2677308},
 acmid = {2677308},
 publisher = {ACM},
 address = {New York, NY, USA},
 keywords = {computer science education, network analysis},
}

@inproceedings{Duran:2019:TCI:3304221.3319755,
 author = {Duran, Rodrigo Silva and Rybicki, Jan-Mikael and Hellas, Arto and Suoranta, Sanna},
 title = {Towards a Common Instrument for Measuring Prior Programming Knowledge},
 booktitle = {Proceedings of the 2019 ACM Conference on Innovation and Technology in Computer Science Education},
 series = {ITiCSE '19},
 year = {2019},
 isbn = {978-1-4503-6301-3},
 location = {Aberdeen, Scotland Uk},
 pages = {443--449},
 numpages = {7},
 url = {http://doi.acm.org/10.1145/3304221.3319755},
 doi = {10.1145/3304221.3319755},
 acmid = {3319755},
 publisher = {ACM},
 address = {New York, NY, USA},
 keywords = {assessment, cs1, introductory programming, prior experience, self-evaluation},
}

@inproceedings{Boyer:2008:SDC:1414558.1414585,
 author = {Boyer, Naomi R. and Langevin, Sara and Gaspar, Alessio},
 title = {Self Direction \& Constructivism in Programming Education},
 booktitle = {Proceedings of the 9th ACM SIGITE Conference on Information Technology Education},
 series = {SIGITE '08},
 year = {2008},
 isbn = {978-1-60558-329-7},
 location = {Cincinnati, OH, USA},
 pages = {89--94},
 numpages = {6},
 url = {http://doi.acm.org/10.1145/1414558.1414585},
 doi = {10.1145/1414558.1414585},
 acmid = {1414585},
 publisher = {ACM},
 address = {New York, NY, USA},
 keywords = {cs-1, introductory programming, self-directed learning},
}

@article{Alexandron:2014:SPU:2668970.2648814,
 author = {Alexandron, Giora and Armoni, Michal and Gordon, Michal and Harel, David},
 title = {Scenario-Based Programming, Usability-Oriented Perception},
 journal = {Trans. Comput. Educ.},
 issue_date = {November 2014},
 volume = {14},
 number = {3},
 month = oct,
 year = {2014},
 issn = {1946-6226},
 pages = {21:1--21:23},
 articleno = {21},
 numpages = {23},
 url = {http://doi.acm.org/10.1145/2648814},
 doi = {10.1145/2648814},
 acmid = {2648814},
 publisher = {ACM},
 address = {New York, NY, USA},
 keywords = {Live sequence charts, psychology of programming},
}

@inproceedings{Arlegui:2013:PAU:2536536.2536585,
 author = {Arlegui, Javier and Pina, Alfredo and Moro, Michele},
 title = {A PBL Approach Using Virtual and Real Robots (with BYOB and LEGO NXT) to Teaching Learning Key Competences and Standard Curricula in Primary Level},
 booktitle = {Proceedings of the First International Conference on Technological Ecosystem for Enhancing Multiculturality},
 series = {TEEM '13},
 year = {2013},
 isbn = {978-1-4503-2345-1},
 location = {Salamanca, Spain},
 pages = {323--328},
 numpages = {6},
 url = {http://doi.acm.org/10.1145/2536536.2536585},
 doi = {10.1145/2536536.2536585},
 acmid = {2536585},
 publisher = {ACM},
 address = {New York, NY, USA},
 keywords = {BYOB, NXT, constructivism/constructionism, educational robotics},
}

@inproceedings{Koh:2013:SES:2445196.2445372,
 author = {Koh, Kyu Han and Repenning, Alexander and Nickerson, Hilarie and Endo, Yasko and Motter, Pate},
 title = {Will It Stick?: Exploring the Sustainability of Computational Thinking Education Through Game Design},
 booktitle = {Proceeding of the 44th ACM Technical Symposium on Computer Science Education},
 series = {SIGCSE '13},
 year = {2013},
 isbn = {978-1-4503-1868-6},
 location = {Denver, Colorado, USA},
 pages = {597--602},
 numpages = {6},
 url = {http://doi.acm.org/10.1145/2445196.2445372},
 doi = {10.1145/2445196.2445372},
 acmid = {2445372},
 publisher = {ACM},
 address = {New York, NY, USA},
 keywords = {computational thinking, game design, simulation design, sustainability, zone of proximal flow},
}

@article{Repenning:2012:PGB:2160718.2160729,
 author = {Repenning, Alexander},
 title = {Programming Goes Back to School},
 journal = {Commun. ACM},
 issue_date = {May 2012},
 volume = {55},
 number = {5},
 month = may,
 year = {2012},
 issn = {0001-0782},
 pages = {38--40},
 numpages = {3},
 url = {http://doi.acm.org/10.1145/2160718.2160729},
 doi = {10.1145/2160718.2160729},
 acmid = {2160729},
 publisher = {ACM},
 address = {New York, NY, USA},
}

@inproceedings{Jones:2002:III:820060.820070,
 author = {Jones, Anthony J.},
 title = {Integration of ICT in an Initial Teacher Training Course: Participants' Views},
 booktitle = {Proceedings of the Seventh World Conference on Computers in Education Conference on Computers in Education: Australian Topics - Volume 8},
 series = {CRPIT '02},
 year = {2002},
 isbn = {0-909925-86-0},
 location = {Copenhagen, Denmark},
 pages = {49--54},
 numpages = {6},
 url = {http://dl.acm.org/citation.cfm?id=820060.820070},
 acmid = {820070},
 publisher = {Australian Computer Society, Inc.},
 address = {Darlinghurst, Australia, Australia},
}

@inproceedings{Lai:2018:DMD:3206129.3239420,
 author = {Lai, Ah-Fur and Shih, Syuan and Hong, Chi-Rui},
 title = {Developing a Mobile-based Digital Math Game for Learning Number and Calculation in Elementary School},
 booktitle = {Proceedings of the 2Nd International Conference on Education and Multimedia Technology},
 series = {ICEMT 2018},
 year = {2018},
 isbn = {978-1-4503-6525-3},
 location = {Okinawa, Japan},
 pages = {9--13},
 numpages = {5},
 url = {http://doi.acm.org/10.1145/3206129.3239420},
 doi = {10.1145/3206129.3239420},
 acmid = {3239420},
 publisher = {ACM},
 address = {New York, NY, USA},
 keywords = {APP development, Digital game-based learning, Elementary school, Number and calculation concepts, System evaluation},
}

@inproceedings{Ericson:2018:EEE:3230977.3231000,
 author = {Ericson, Barbara J. and Foley, James D. and Rick, Jochen},
 title = {Evaluating the Efficiency and Effectiveness of Adaptive Parsons Problems},
 booktitle = {Proceedings of the 2018 ACM Conference on International Computing Education Research},
 series = {ICER '18},
 year = {2018},
 isbn = {978-1-4503-5628-2},
 location = {Espoo, Finland},
 pages = {60--68},
 numpages = {9},
 url = {http://doi.acm.org/10.1145/3230977.3231000},
 doi = {10.1145/3230977.3231000},
 acmid = {3231000},
 publisher = {ACM},
 address = {New York, NY, USA},
 keywords = {adaptive parsons problems, cognitive load, parson's problems, parsons problems, parsons puzzles, zone of proximal development},
}

@inproceedings{Clarke:2014:IPR:2713609.2713612,
 author = {Clarke, Dave and Clear, Tony and Fisler, Kathi and Hauswirth, Matthias and Krishnamurthi, Shriram and Politz, Joe Gibbs and Tirronen, Ville and Wrigstad, Tobias},
 title = {In-Flow Peer Review},
 booktitle = {Proceedings of the Working Group Reports of the 2014 on Innovation \&\#38; Technology in Computer Science Education Conference},
 series = {ITiCSE-WGR '14},
 year = {2014},
 isbn = {978-1-4503-3406-8},
 location = {Uppsala, Sweden},
 pages = {59--79},
 numpages = {21},
 url = {http://doi.acm.org/10.1145/2713609.2713612},
 doi = {10.1145/2713609.2713612},
 acmid = {2713612},
 publisher = {ACM},
 address = {New York, NY, USA},
}

@inproceedings{McGill:2018:MST:3174781.3174783,
 author = {McGill, Monica M. and Johnson, Chris and Atlas, James and Bouchard, Durell and Messom, Chris and Pollock, Ian and Scott, Michael James},
 title = {If Memory Serves: Towards Designing and Evaluating a Game for Teaching Pointers to Undergraduate Students},
 booktitle = {Proceedings of the 2017 ITiCSE Conference on Working Group Reports},
 series = {ITiCSE-WGR '17},
 year = {2017},
 isbn = {978-1-4503-5627-5},
 location = {Bologna, Italy},
 pages = {25--46},
 numpages = {22},
 url = {http://doi.acm.org/10.1145/3174781.3174783},
 doi = {10.1145/3174781.3174783},
 acmid = {3174783},
 publisher = {ACM},
 address = {New York, NY, USA},
 keywords = {computer memory, design, development, educational, games, learning, pointers, research methods, serious, validation framework},
}

@inproceedings{Sheriff:2017:SHS:3078072.3079729,
 author = {Sheriff, Aviv and Sadan, Rona and Keats, Yasmin and Zuckerman, Oren},
 title = {From Smart Homes to Smart Kids: Design Research for CataKit},
 booktitle = {Proceedings of the 2017 Conference on Interaction Design and Children},
 series = {IDC '17},
 year = {2017},
 isbn = {978-1-4503-4921-5},
 location = {Stanford, California, USA},
 pages = {159--169},
 numpages = {11},
 url = {http://doi.acm.org/10.1145/3078072.3079729},
 doi = {10.1145/3078072.3079729},
 acmid = {3079729},
 publisher = {ACM},
 address = {New York, NY, USA},
 keywords = {children computational thinking, construction kit, learning, positive risk-taking},
}

@article{Beck:2013:CLI:2499947.2492686,
 author = {Beck, Leland and Chizhik, Alexander},
 title = {Cooperative Learning Instructional Methods for CS1: Design, Implementation, and Evaluation},
 journal = {Trans. Comput. Educ.},
 issue_date = {August 2013},
 volume = {13},
 number = {3},
 month = aug,
 year = {2013},
 issn = {1946-6226},
 pages = {10:1--10:21},
 articleno = {10},
 numpages = {21},
 url = {http://doi.acm.org/10.1145/2492686},
 doi = {10.1145/2492686},
 acmid = {2492686},
 publisher = {ACM},
 address = {New York, NY, USA},
 keywords = {CS1, Classroom management, Cooperative learning, group formation, pedagogy},
}

@inproceedings{Duran:2018:TAP:3230977.3230986,
 author = {Duran, Rodrigo and Sorva, Juha and Leite, Sofia},
 title = {Towards an Analysis of Program Complexity From a Cognitive Perspective},
 booktitle = {Proceedings of the 2018 ACM Conference on International Computing Education Research},
 series = {ICER '18},
 year = {2018},
 isbn = {978-1-4503-5628-2},
 location = {Espoo, Finland},
 pages = {21--30},
 numpages = {10},
 url = {http://doi.acm.org/10.1145/3230977.3230986},
 doi = {10.1145/3230977.3230986},
 acmid = {3230986},
 publisher = {ACM},
 address = {New York, NY, USA},
 keywords = {cognitive load theory, complexity, model of hierarchical complexity, plan-composition strategies, program cognitive complexity},
}

@inproceedings{Sklar:2006:UAH:1160633.1160768,
 author = {Sklar, Elizabeth and Richards, Debbie},
 title = {The Use of Agents in Human Learning Systems},
 booktitle = {Proceedings of the Fifth International Joint Conference on Autonomous Agents and Multiagent Systems},
 series = {AAMAS '06},
 year = {2006},
 isbn = {1-59593-303-4},
 location = {Hakodate, Japan},
 pages = {767--774},
 numpages = {8},
 url = {http://doi.acm.org/10.1145/1160633.1160768},
 doi = {10.1145/1160633.1160768},
 acmid = {1160768},
 publisher = {ACM},
 address = {New York, NY, USA},
 keywords = {education, learning, pedagogical agents, training},
}

@inproceedings{Hayashi:2013:ADW:2577101.2577106,
 author = {Hayashi, Elaine C. S. and Baranauskas, M. Cec\'{\i}lia C.},
 title = {'Affectibility' and Design Workshops: Taking Actions Towards More Sensible Design},
 booktitle = {Proceedings of the 12th Brazilian Symposium on Human Factors in Computing Systems},
 series = {IHC '13},
 year = {2013},
 isbn = {978-85-7669-278-2},
 location = {Manaus, Brazil},
 pages = {3--12},
 numpages = {10},
 url = {http://dl.acm.org/citation.cfm?id=2577101.2577106},
 acmid = {2577106},
 publisher = {Brazilian Computer Society},
 address = {Porto Alegre, Brazil, Brazil},
 keywords = {OLPC, affect and emotions in design, affectibility, design for, learning technology, with and by children},
}

@inproceedings{Zhu:2016:DIO:2930674.2930697,
 author = {Zhu, Kening and Ma, Xiaojuan and Wong, Gary Ka Wai and Huen, John Man Ho},
 title = {How Different Input and Output Modalities Support Coding As a Problem-Solving Process for Children},
 booktitle = {Proceedings of the The 15th International Conference on Interaction Design and Children},
 series = {IDC '16},
 year = {2016},
 isbn = {978-1-4503-4313-8},
 location = {Manchester, United Kingdom},
 pages = {238--245},
 numpages = {8},
 url = {http://doi.acm.org/10.1145/2930674.2930697},
 doi = {10.1145/2930674.2930697},
 acmid = {2930697},
 publisher = {ACM},
 address = {New York, NY, USA},
 keywords = {Graphical, Kids coding, Problem solving, Tangible},
}

@inproceedings{Raffle:2004:TCA:985692.985774,
 author = {Raffle, Hayes Solos and Parkes, Amanda J. and Ishii, Hiroshi},
 title = {Topobo: A Constructive Assembly System with Kinetic Memory},
 booktitle = {Proceedings of the SIGCHI Conference on Human Factors in Computing Systems},
 series = {CHI '04},
 year = {2004},
 isbn = {1-58113-702-8},
 location = {Vienna, Austria},
 pages = {647--654},
 numpages = {8},
 url = {http://doi.acm.org/10.1145/985692.985774},
 doi = {10.1145/985692.985774},
 acmid = {985774},
 publisher = {ACM},
 address = {New York, NY, USA},
 keywords = {children, digital manipulative, education, learning, modular robotics, programming by demonstration, tangible interface, toy},
}

@article{Chinn:2005:PAA:1151954.1067468,
 author = {Chinn, Donald},
 title = {Peer Assessment in the Algorithms Course},
 journal = {SIGCSE Bull.},
 issue_date = {September 2005},
 volume = {37},
 number = {3},
 month = jun,
 year = {2005},
 issn = {0097-8418},
 pages = {69--73},
 numpages = {5},
 url = {http://doi.acm.org/10.1145/1151954.1067468},
 doi = {10.1145/1151954.1067468},
 acmid = {1067468},
 publisher = {ACM},
 address = {New York, NY, USA},
 keywords = {collaborative learning, design and analysis of algorithms, peer assessment},
}

@inproceedings{Chinn:2005:PAA:1067445.1067468,
 author = {Chinn, Donald},
 title = {Peer Assessment in the Algorithms Course},
 booktitle = {Proceedings of the 10th Annual SIGCSE Conference on Innovation and Technology in Computer Science Education},
 series = {ITiCSE '05},
 year = {2005},
 isbn = {1-59593-024-8},
 location = {Caparica, Portugal},
 pages = {69--73},
 numpages = {5},
 url = {http://doi.acm.org/10.1145/1067445.1067468},
 doi = {10.1145/1067445.1067468},
 acmid = {1067468},
 publisher = {ACM},
 address = {New York, NY, USA},
 keywords = {collaborative learning, design and analysis of algorithms, peer assessment},
}

@article{RoBling:2008:ELM:1473195.1473239,
 author = {R\"{o}\ssling, Guido and Joy, Mike and Moreno, Andr{\'e}s and Radenski, Atanas and Malmi, Lauri and Kerren, Andreas and Naps, Thomas and Ross, Rockford J. and Clancy, Michael and Korhonen, Ari and Oechsle, Rainer and Iturbide, J. \'{A}ngel Vel\'{a}zquez},
 title = {Enhancing Learning Management Systems to Better Support Computer Science Education},
 journal = {SIGCSE Bull.},
 issue_date = {December 2008},
 volume = {40},
 number = {4},
 month = nov,
 year = {2008},
 issn = {0097-8418},
 pages = {142--166},
 numpages = {25},
 url = {http://doi.acm.org/10.1145/1473195.1473239},
 doi = {10.1145/1473195.1473239},
 acmid = {1473239},
 publisher = {ACM},
 address = {New York, NY, USA},
 keywords = {CALMS, LMS, computer science education, computing augmented learning management system, learning management system},
}

@inproceedings{Johnson:2016:MSE:2930674.2930691,
 author = {Johnson, Rose and Shum, Venus and Rogers, Yvonne and Marquardt, Nicolai},
 title = {Make or Shake: An Empirical Study of the Value of Making in Learning About Computing Technology},
 booktitle = {Proceedings of the The 15th International Conference on Interaction Design and Children},
 series = {IDC '16},
 year = {2016},
 isbn = {978-1-4503-4313-8},
 location = {Manchester, United Kingdom},
 pages = {440--451},
 numpages = {12},
 url = {http://doi.acm.org/10.1145/2930674.2930691},
 doi = {10.1145/2930674.2930691},
 acmid = {2930691},
 publisher = {ACM},
 address = {New York, NY, USA},
 keywords = {Active Learning, Electronics Kits, Learning, Making, Preparation for Future Learning},
}

@inproceedings{Smetsers-Weeda:2017:PSA:3137065.3137080,
 author = {Smetsers-Weeda, Renske and Smetsers, Sjaak},
 title = {Problem Solving and Algorithmic Development with Flowcharts},
 booktitle = {Proceedings of the 12th Workshop on Primary and Secondary Computing Education},
 series = {WiPSCE '17},
 year = {2017},
 isbn = {978-1-4503-5428-8},
 location = {Nijmegen, Netherlands},
 pages = {25--34},
 numpages = {10},
 url = {http://doi.acm.org/10.1145/3137065.3137080},
 doi = {10.1145/3137065.3137080},
 acmid = {3137080},
 publisher = {ACM},
 address = {New York, NY, USA},
 keywords = {Algorithmic Development, Algorithmic Thinking, Flowcharts, Novice Programming, Plans, Problem Solving, Think-then-Act, Unplugged},
}

@article{Flieger:2010:SPP:1858583.1858592,
 author = {Flieger, Joseph and Palmer, James Dean},
 title = {Supporting Pair Programming with JavaGrinder},
 journal = {J. Comput. Sci. Coll.},
 issue_date = {December 2010},
 volume = {26},
 number = {2},
 month = dec,
 year = {2010},
 issn = {1937-4771},
 pages = {63--70},
 numpages = {8},
 url = {http://dl.acm.org/citation.cfm?id=1858583.1858592},
 acmid = {1858592},
 publisher = {Consortium for Computing Sciences in Colleges},
 address = {USA},
}

@inproceedings{Zavala:2013:DIA:2485760.2485831,
 author = {Zavala, Luis Armer\'{\i}a and Gallardo, Sara C. Hern\'{a}ndez and Garc\'{\i}a-Ru\'{\i}z, Miguel \'{A}ngel},
 title = {Designing Interactive Activities Within Scratch 2.0 for Improving Abilities to Identify Numerical Sequences},
 booktitle = {Proceedings of the 12th International Conference on Interaction Design and Children},
 series = {IDC '13},
 year = {2013},
 isbn = {978-1-4503-1918-8},
 location = {New York, New York, USA},
 pages = {423--426},
 numpages = {4},
 url = {http://doi.acm.org/10.1145/2485760.2485831},
 doi = {10.1145/2485760.2485831},
 acmid = {2485831},
 publisher = {ACM},
 address = {New York, NY, USA},
 keywords = {Scratch 2.0, design, interaction, number sense, serious game},
}

@article{Black:2006:HNP:1181901.1181922,
 author = {Black, Toni R.},
 title = {Helping Novice Programming Students Succeed},
 journal = {J. Comput. Sci. Coll.},
 issue_date = {December 2006},
 volume = {22},
 number = {2},
 month = dec,
 year = {2006},
 issn = {1937-4771},
 pages = {109--114},
 numpages = {6},
 url = {http://dl.acm.org/citation.cfm?id=1181901.1181922},
 acmid = {1181922},
 publisher = {Consortium for Computing Sciences in Colleges},
 address = {USA},
}

@inproceedings{Polman:2008:SAM:1599936.1599990,
 author = {Polman, Joseph L. and Miller, Diane},
 title = {Sociocognitive Apprenticeship: Mediating Practices and Identities},
 booktitle = {Proceedings of the 8th International Conference on International Conference for the Learning Sciences - Volume 3},
 series = {ICLS'08},
 year = {2008},
 location = {Utrecht, The Netherlands},
 pages = {115--116},
 numpages = {2},
 url = {http://dl.acm.org/citation.cfm?id=1599936.1599990},
 acmid = {1599990},
 publisher = {International Society of the Learning Sciences},
}

@inproceedings{Cerezo:2017:AAM:3144826.3145447,
 author = {Cerezo, Marta and Frutos, Francisco Javier},
 title = {Adopt Applications for Mobile Devices, Interpretation of Cultural Heritage and Educational Innovation: Effects of Usability in the Process of Edutainment},
 booktitle = {Proceedings of the 5th International Conference on Technological Ecosystems for Enhancing Multiculturality},
 series = {TEEM 2017},
 year = {2017},
 isbn = {978-1-4503-5386-1},
 location = {C\&aacute;diz, Spain},
 pages = {100:1--100:5},
 articleno = {100},
 numpages = {5},
 url = {http://doi.acm.org/10.1145/3144826.3145447},
 doi = {10.1145/3144826.3145447},
 acmid = {3145447},
 publisher = {ACM},
 address = {New York, NY, USA},
 keywords = {Neurocommunication, app design, education, heritage education, information and communication technology, mobile app, usability test},
}

@inproceedings{Scott:2019:NCU:3294016.3294019,
 author = {Scott, Michael James and Parker, Alcwyn and McDonald, Brian and Lewis, Gareth and Powley, Edward J.},
 title = {Nurturing Collaboration in an Undergraduate Computing Course with Robot-themed Team Training and Team Building},
 booktitle = {Proceedings of the 3rd Conference on Computing Education Practice},
 series = {CEP '19},
 year = {2019},
 isbn = {978-1-4503-6631-1},
 location = {Durham, United Kingdom},
 pages = {5:1--5:4},
 articleno = {5},
 numpages = {4},
 url = {http://doi.acm.org/10.1145/3294016.3294019},
 doi = {10.1145/3294016.3294019},
 acmid = {3294019},
 publisher = {ACM},
 address = {New York, NY, USA},
 keywords = {Collaboration, Group Projects, Programming, Robots, Teamwork},
}

@inproceedings{Kleiman:2013:RET:2485760.2485861,
 author = {Kleiman, Jonathan and Pope, Michael and Blikstein, Paulo},
 title = {RoyoBlocks: An Exploration in Tangible Literacy Learning},
 booktitle = {Proceedings of the 12th International Conference on Interaction Design and Children},
 series = {IDC '13},
 year = {2013},
 isbn = {978-1-4503-1918-8},
 location = {New York, New York, USA},
 pages = {543--546},
 numpages = {4},
 url = {http://doi.acm.org/10.1145/2485760.2485861},
 doi = {10.1145/2485760.2485861},
 acmid = {2485861},
 publisher = {ACM},
 address = {New York, NY, USA},
 keywords = {RFID, interaction design, literacy, plush toys, tangible learning},
}

@inproceedings{Lamprou:2017:SPB:3059009.3059017,
 author = {Lamprou, Anna and Repenning, Alexander and Escherle, Nora A.},
 title = {The Solothurn Project: Bringing Computer Science Education to Primary Schools in Switzerland},
 booktitle = {Proceedings of the 2017 ACM Conference on Innovation and Technology in Computer Science Education},
 series = {ITiCSE '17},
 year = {2017},
 isbn = {978-1-4503-4704-4},
 location = {Bologna, Italy},
 pages = {218--223},
 numpages = {6},
 url = {http://doi.acm.org/10.1145/3059009.3059017},
 doi = {10.1145/3059009.3059017},
 acmid = {3059017},
 publisher = {ACM},
 address = {New York, NY, USA},
 keywords = {computational thinking, computer science education, experience repor, primary schools, professional teacher development},
}

@inproceedings{Harris:2009:ATM:1600053.1600104,
 author = {Harris, Amanda and Rick, Jochen and Bonnett, Victoria and Yuill, Nicola and Fleck, Rowanne and Marshall, Paul and Rogers, Yvonne},
 title = {Around the Table: Are Multiple-touch Surfaces Better Than Single-touch for Children's Collaborative Interactions?},
 booktitle = {Proceedings of the 9th International Conference on Computer Supported Collaborative Learning - Volume 1},
 series = {CSCL'09},
 year = {2009},
 isbn = {978-1-4092-8598-4},
 location = {Rhodes, Greece},
 pages = {335--344},
 numpages = {10},
 url = {http://dl.acm.org/citation.cfm?id=1600053.1600104},
 acmid = {1600104},
 publisher = {International Society of the Learning Sciences},
}

@inproceedings{Escherle:2016:PCS:2839509.2844598,
 author = {Escherle, Nora A. and Ramirez-Ramirez, Silvia I. and Basawapatna, Ashok R. and Assaf, Dorit and Repenning, Alexander and Maiello, Carmine and Endo, Yasko Ch. and Nolazco-Flores, Juan A.},
 title = {Piloting Computer Science Education Week in Mexico},
 booktitle = {Proceedings of the 47th ACM Technical Symposium on Computing Science Education},
 series = {SIGCSE '16},
 year = {2016},
 isbn = {978-1-4503-3685-7},
 location = {Memphis, Tennessee, USA},
 pages = {431--436},
 numpages = {6},
 url = {http://doi.acm.org/10.1145/2839509.2844598},
 doi = {10.1145/2839509.2844598},
 acmid = {2844598},
 publisher = {ACM},
 address = {New York, NY, USA},
 keywords = {broadening participation, computer science education, computer science education in mexico, computer science education week, experience report, globalization of programming activities., international research},
}

@inproceedings{Tomokiyo:2018:SCI:3265757.3265779,
 author = {Tomokiyo, Laura Mayfield},
 title = {Successes and Challenges in Implementing a Progressive K-8 Computer Science Curriculum},
 booktitle = {Proceedings of the 13th Workshop in Primary and Secondary Computing Education},
 series = {WiPSCE '18},
 year = {2018},
 isbn = {978-1-4503-6588-8},
 location = {Potsdam, Germany},
 pages = {22:1--22:6},
 articleno = {22},
 numpages = {6},
 url = {http://doi.acm.org/10.1145/3265757.3265779},
 doi = {10.1145/3265757.3265779},
 acmid = {3265779},
 publisher = {ACM},
 address = {New York, NY, USA},
 keywords = {computer science education, computer science for all, curriculum},
}

@inproceedings{Ruvalcaba:2016:OPP:2839509.2844558,
 author = {Ruvalcaba, Omar and Werner, Linda and Denner, Jill},
 title = {Observations of Pair Programming: Variations in Collaboration Across Demographic Groups},
 booktitle = {Proceedings of the 47th ACM Technical Symposium on Computing Science Education},
 series = {SIGCSE '16},
 year = {2016},
 isbn = {978-1-4503-3685-7},
 location = {Memphis, Tennessee, USA},
 pages = {90--95},
 numpages = {6},
 url = {http://doi.acm.org/10.1145/2839509.2844558},
 doi = {10.1145/2839509.2844558},
 acmid = {2844558},
 publisher = {ACM},
 address = {New York, NY, USA},
 keywords = {collaboration, diversity, latinos, middle school, pair programming},
}

@inproceedings{Thomas:2019:STG:3287324.3287492,
 author = {Thomas, Anderson and Stopera, Troy and Frank-Bolton, Pablo and Simha, Rahul},
 title = {Stochastic Tree-Based Generation of Program-Tracing Practice Questions},
 booktitle = {Proceedings of the 50th ACM Technical Symposium on Computer Science Education},
 series = {SIGCSE '19},
 year = {2019},
 isbn = {978-1-4503-5890-3},
 location = {Minneapolis, MN, USA},
 pages = {91--97},
 numpages = {7},
 url = {http://doi.acm.org/10.1145/3287324.3287492},
 doi = {10.1145/3287324.3287492},
 acmid = {3287492},
 publisher = {ACM},
 address = {New York, NY, USA},
 keywords = {intro cc, practice tools, question generation},
}

@inproceedings{Hsu:2009:DDS:1599503.1599554,
 author = {Hsu, Ying-Shao and Wu, Hsin-Kai and Hwang, Fu-Kwun and Lin, Li-Fen},
 title = {Design Distributed Scaffolding for Modeling a Complex System},
 booktitle = {Proceedings of the 9th International Conference on Computer Supported Collaborative Learning - Volume 2},
 series = {CSCL'09},
 year = {2009},
 isbn = {978-1-4092-8598-4},
 location = {Rhodes, Greece},
 pages = {150--152},
 numpages = {3},
 url = {http://dl.acm.org/citation.cfm?id=1599503.1599554},
 acmid = {1599554},
 publisher = {International Society of the Learning Sciences},
}

@article{Gasson:2018:SEL:3290768.3290774,
 author = {Gasson, Susan and Waters, James},
 title = {Simulating Experiential Learning in Professional Online Courses},
 journal = {SIGMIS Database},
 issue_date = {November 2018},
 volume = {49},
 number = {4},
 month = nov,
 year = {2018},
 issn = {0095-0033},
 pages = {46--77},
 numpages = {32},
 url = {http://doi.acm.org/10.1145/3290768.3290774},
 doi = {10.1145/3290768.3290774},
 acmid = {3290774},
 publisher = {ACM},
 address = {New York, NY, USA},
 keywords = {collective framing and problematization, community learning, peer learning, professional online education, situated learning},
}

@inproceedings{Llorente:2014:SEC:2669711.2669887,
 author = {Llorente, Ana Ma Pinto and G\'{o}mez, Ma Cruz S\'{a}nchez and Garc\'{\i}a-Pe\~{n}alvo, Francisco Jos{\'e}},
 title = {Students' Essential Characteristics for Learning English in a Hypermedia Modular Model},
 booktitle = {Proceedings of the Second International Conference on Technological Ecosystems for Enhancing Multiculturality},
 series = {TEEM '14},
 year = {2014},
 isbn = {978-1-4503-2896-8},
 location = {Salamanca, Spain},
 pages = {107--111},
 numpages = {5},
 url = {http://doi.acm.org/10.1145/2669711.2669887},
 doi = {10.1145/2669711.2669887},
 acmid = {2669887},
 publisher = {ACM},
 address = {New York, NY, USA},
 keywords = {adult learning, blended learning, interactive learning environments, lifelong learning, multimedia/hypermedia systems},
}

@inproceedings{Inventado:2016:DPH:3011784.3011816,
 author = {Inventado, Paul Salvador and Scupelli, Peter},
 title = {Design Patterns for Helping Students to Learn to Represent Math Problems in Online Learning Systems},
 booktitle = {Proceedings of the 21st European Conference on Pattern Languages of Programs},
 series = {EuroPlop '16},
 year = {2016},
 isbn = {978-1-4503-4074-8},
 location = {Kaufbeuren, Germany},
 pages = {28:1--28:19},
 articleno = {28},
 numpages = {19},
 url = {http://doi.acm.org/10.1145/3011784.3011816},
 doi = {10.1145/3011784.3011816},
 acmid = {3011816},
 publisher = {ACM},
 address = {New York, NY, USA},
 keywords = {ASSISTments, data driven design pattern production, design patterns, feedback, online learning systems, problem solving},
}

@inproceedings{Falkner:2017:CNL:3141880.3141896,
 author = {Falkner, Nickolas and Szabo, Claudia and Knutas, Antti},
 title = {Classifying the Nature of Lecturer Intervention on Computer Science Student Behaviour},
 booktitle = {Proceedings of the 17th Koli Calling International Conference on Computing Education Research},
 series = {Koli Calling '17},
 year = {2017},
 isbn = {978-1-4503-5301-4},
 location = {Koli, Finland},
 pages = {128--132},
 numpages = {5},
 url = {http://doi.acm.org/10.1145/3141880.3141896},
 doi = {10.1145/3141880.3141896},
 acmid = {3141896},
 publisher = {ACM},
 address = {New York, NY, USA},
 keywords = {electronic discussion forums, intervention, student behaviour},
}

@article{Tenenberg:2018:MCL:3210350.3132699,
 author = {Tenenberg, Josh and Roth, Wolff-Michael and Chinn, Donald and Jornet, Alfredo and Socha, David and Walter, Skip},
 title = {More Than the Code: Learning Rules of Rejection in Writing Programs},
 journal = {Commun. ACM},
 issue_date = {May 2018},
 volume = {61},
 number = {5},
 month = apr,
 year = {2018},
 issn = {0001-0782},
 pages = {66--71},
 numpages = {6},
 url = {http://doi.acm.org/10.1145/3132699},
 doi = {10.1145/3132699},
 acmid = {3132699},
 publisher = {ACM},
 address = {New York, NY, USA},
}

@inproceedings{Tejera-Hernandez:2018:PSP:3284179.3284351,
 author = {Tejera-Hern\'{a}ndez, Dayana Caridad and Ciudad-Ricardo, Febe Angel and Libotton, Arno},
 title = {Participation in Software Projects As Professional Communities of Practice: A Model},
 booktitle = {Proceedings of the Sixth International Conference on Technological Ecosystems for Enhancing Multiculturality},
 series = {TEEM'18},
 year = {2018},
 isbn = {978-1-4503-6518-5},
 location = {Salamanca, Spain},
 pages = {1032--1039},
 numpages = {8},
 url = {http://doi.acm.org/10.1145/3284179.3284351},
 doi = {10.1145/3284179.3284351},
 acmid = {3284351},
 publisher = {ACM},
 address = {New York, NY, USA},
 keywords = {Communities of practice, participation, software projects, workplace learning},
}

@inproceedings{Repenning:2016:RFE:2839509.2844597,
 author = {Repenning, Alexander and Basawapatna, Ashok and Assaf, Dorit and Maiello, Carmine and Escherle, Nora},
 title = {Retention of Flow: Evaluating a Computer Science Education Week Activity},
 booktitle = {Proceedings of the 47th ACM Technical Symposium on Computing Science Education},
 series = {SIGCSE '16},
 year = {2016},
 isbn = {978-1-4503-3685-7},
 location = {Memphis, Tennessee, USA},
 pages = {633--638},
 numpages = {6},
 url = {http://doi.acm.org/10.1145/2839509.2844597},
 doi = {10.1145/2839509.2844597},
 acmid = {2844597},
 publisher = {ACM},
 address = {New York, NY, USA},
 keywords = {computer science education, computer science education week, flow, hour of code, retention},
}

@inproceedings{Tseng:2011:CTD:1999030.1999044,
 author = {Tseng, Tiffany and Bryant, Coram and Blikstein, Paulo},
 title = {Collaboration Through Documentation: Automated Capturing of Tangible Constructions to Support Engineering Design},
 booktitle = {Proceedings of the 10th International Conference on Interaction Design and Children},
 series = {IDC '11},
 year = {2011},
 isbn = {978-1-4503-0751-2},
 location = {Ann Arbor, Michigan},
 pages = {118--126},
 numpages = {9},
 url = {http://doi.acm.org/10.1145/1999030.1999044},
 doi = {10.1145/1999030.1999044},
 acmid = {1999044},
 publisher = {ACM},
 address = {New York, NY, USA},
 keywords = {constructionism, engineering design, example-based learning, tangible interfaces},
}

@inproceedings{Iba:2011:PPC:2578903.2579165,
 author = {Iba, Takashi and Ichikawa, Chikara and Sakamoto, Mami and Yamazaki, Tomohito},
 title = {Pedagogical Patterns for Creative Learning},
 booktitle = {Proceedings of the 18th Conference on Pattern Languages of Programs},
 series = {PLoP '11},
 year = {2011},
 isbn = {978-1-4503-1283-7},
 location = {Portland, Oregon, USA},
 pages = {28:1--28:6},
 articleno = {28},
 numpages = {6},
 url = {http://doi.acm.org/10.1145/2578903.2579165},
 doi = {10.1145/2578903.2579165},
 acmid = {2579165},
 publisher = {ACM},
 address = {New York, NY, USA},
 keywords = {collaboration, creativity, education, learning, pattern language},
}

@inproceedings{Niemela:2017:CTE:3141880.3141885,
 author = {Niemel\"{a}, Pia and Partanen, Tiina and Harsu, Maarit and Lepp\"{a}nen, Leo and Ihantola, Petri},
 title = {Computational Thinking As an Emergent Learning Trajectory of Mathematics},
 booktitle = {Proceedings of the 17th Koli Calling International Conference on Computing Education Research},
 series = {Koli Calling '17},
 year = {2017},
 isbn = {978-1-4503-5301-4},
 location = {Koli, Finland},
 pages = {70--79},
 numpages = {10},
 url = {http://doi.acm.org/10.1145/3141880.3141885},
 doi = {10.1145/3141880.3141885},
 acmid = {3141885},
 publisher = {ACM},
 address = {New York, NY, USA},
 keywords = {K-12 computer science curriculum, computational thinking, in-service teacher training, learning trajectory, math-integrated computing},
}

@article{Holmboe:2005:LOD:1151954.1067498,
 author = {Holmboe, Christian},
 title = {The Linguistics of Object-oriented Design: Implications for Teaching},
 journal = {SIGCSE Bull.},
 issue_date = {September 2005},
 volume = {37},
 number = {3},
 month = jun,
 year = {2005},
 issn = {0097-8418},
 pages = {188--192},
 numpages = {5},
 url = {http://doi.acm.org/10.1145/1151954.1067498},
 doi = {10.1145/1151954.1067498},
 acmid = {1067498},
 publisher = {ACM},
 address = {New York, NY, USA},
 keywords = {learning, natural language, object-orientation, socio-cultural perspective, system development, teaching},
}

@inproceedings{Holmboe:2005:LOD:1067445.1067498,
 author = {Holmboe, Christian},
 title = {The Linguistics of Object-oriented Design: Implications for Teaching},
 booktitle = {Proceedings of the 10th Annual SIGCSE Conference on Innovation and Technology in Computer Science Education},
 series = {ITiCSE '05},
 year = {2005},
 isbn = {1-59593-024-8},
 location = {Caparica, Portugal},
 pages = {188--192},
 numpages = {5},
 url = {http://doi.acm.org/10.1145/1067445.1067498},
 doi = {10.1145/1067445.1067498},
 acmid = {1067498},
 publisher = {ACM},
 address = {New York, NY, USA},
 keywords = {learning, natural language, object-orientation, socio-cultural perspective, system development, teaching},
}

@inproceedings{Buffardi:2015:RAF:2676723.2677313,
 author = {Buffardi, Kevin and Edwards, Stephen H.},
 title = {Reconsidering Automated Feedback: A Test-Driven Approach},
 booktitle = {Proceedings of the 46th ACM Technical Symposium on Computer Science Education},
 series = {SIGCSE '15},
 year = {2015},
 isbn = {978-1-4503-2966-8},
 location = {Kansas City, Missouri, USA},
 pages = {416--420},
 numpages = {5},
 url = {http://doi.acm.org/10.1145/2676723.2677313},
 doi = {10.1145/2676723.2677313},
 acmid = {2677313},
 publisher = {ACM},
 address = {New York, NY, USA},
 keywords = {automated testing, instructional technology, software development process, test-driven development (tdd), test-first, unit testing, web-cat},
}

@article{Daniels:2011:COE:1835428.1835446,
 author = {Daniels, Mats},
 title = {The Contribution of Open Ended Group Projects to International Student Collaborations},
 journal = {ACM Inroads},
 issue_date = {September 2010},
 volume = {1},
 number = {3},
 month = sep,
 year = {2011},
 issn = {2153-2184},
 pages = {79--84},
 numpages = {6},
 url = {http://doi.acm.org/10.1145/1835428.1835446},
 doi = {10.1145/1835428.1835446},
 acmid = {1835446},
 publisher = {ACM},
 address = {New York, NY, USA},
 keywords = {collaboration issues, collaborative learning, cultural awareness, curriculum design, engineering education research, global virtual teams, open ended group projects},
}

@article{Baker:2009:LTR:1578012.1578013,
 author = {Baker, Ken A.},
 title = {Learning Theory and the Re-education of Older Software Engineers},
 journal = {SIGITERes. IT},
 issue_date = {July 2009},
 volume = {6},
 number = {2},
 month = jul,
 year = {2009},
 issn = {1944-0278},
 pages = {2--10},
 numpages = {9},
 url = {http://doi.acm.org/10.1145/1578012.1578013},
 doi = {10.1145/1578012.1578013},
 acmid = {1578013},
 publisher = {ACM},
 address = {New York, NY, USA},
 keywords = {behaviorist, cognitive, cognitive load theory, learning theory, memory and motivation, paradigm shift, social learning},
}

@inproceedings{Duran:2008:CSP:1621087.1621125,
 author = {Dur\'{a}n, Elena and Amandi, Anal\'{\i}a},
 title = {Collaborative Student Profile to Support Assistance in CSCL Environment},
 booktitle = {Proceedings of the 2008 Euro American Conference on Telematics and Information Systems},
 series = {EATIS '08},
 year = {2008},
 isbn = {978-1-59593-988-3},
 location = {Aracaju, Brazil},
 pages = {38:1--38:4},
 articleno = {38},
 numpages = {4},
 url = {http://doi.acm.org/10.1145/1621087.1621125},
 doi = {10.1145/1621087.1621125},
 acmid = {1621125},
 publisher = {ACM},
 address = {New York, NY, USA},
 keywords = {collaborative learning, collaborative skills, distance learning, personalization, student model},
}

@inproceedings{Matuk:2019:WLO:3311890.3311923,
 author = {Matuk, Camillia and Tam, Frankie and Martinez, Jonathan},
 title = {What Do We Learn by Observing Collaborative Design Among Cross-Domain, Cross-Role Educators?},
 booktitle = {Proceedings of FabLearn 2019},
 series = {FL2019},
 year = {2019},
 isbn = {978-1-4503-6244-3},
 location = {New York, NY, USA},
 pages = {184--188},
 numpages = {5},
 url = {http://doi.acm.org/10.1145/3311890.3311923},
 doi = {10.1145/3311890.3311923},
 acmid = {3311923},
 publisher = {ACM},
 address = {New York, NY, USA},
 keywords = {Collaboration, Game Design, Professional Development},
}

@inproceedings{Robert:2013:CRP:2485760.2485852,
 author = {Robert, David and Schmitt, Peter and Olwal, Alex},
 title = {Cloud Rhymer: Prototype Demo and Intervention Proposal},
 booktitle = {Proceedings of the 12th International Conference on Interaction Design and Children},
 series = {IDC '13},
 year = {2013},
 isbn = {978-1-4503-1918-8},
 location = {New York, New York, USA},
 pages = {507--510},
 numpages = {4},
 url = {http://doi.acm.org/10.1145/2485760.2485852},
 doi = {10.1145/2485760.2485852},
 acmid = {2485852},
 publisher = {ACM},
 address = {New York, NY, USA},
 keywords = {HRI, child-robot interaction, informal learning, ludic language play, rhyming robot, robot gaming},
}

@inproceedings{Davison:2016:CRE:2906831.2907004,
 author = {Davison, Daniel},
 title = {Child, Robot and Educational Material: A Triadic Interaction},
 booktitle = {The Eleventh ACM/IEEE International Conference on Human Robot Interaction},
 series = {HRI '16},
 year = {2016},
 isbn = {978-1-4673-8370-7},
 location = {Christchurch, New Zealand},
 pages = {607--608},
 numpages = {2},
 url = {http://dl.acm.org/citation.cfm?id=2906831.2907004},
 acmid = {2907004},
 publisher = {IEEE Press},
 address = {Piscataway, NJ, USA},
 keywords = {child robot interaction, collaborative learning, education, smart learning technology, social robot, user study},
}

@inproceedings{Glassman:2016:LPH:2818048.2820011,
 author = {Glassman, Elena L. and Lin, Aaron and Cai, Carrie J. and Miller, Robert C.},
 title = {Learnersourcing Personalized Hints},
 booktitle = {Proceedings of the 19th ACM Conference on Computer-Supported Cooperative Work \& Social Computing},
 series = {CSCW '16},
 year = {2016},
 isbn = {978-1-4503-3592-8},
 location = {San Francisco, California, USA},
 pages = {1626--1636},
 numpages = {11},
 url = {http://doi.acm.org/10.1145/2818048.2820011},
 doi = {10.1145/2818048.2820011},
 acmid = {2820011},
 publisher = {ACM},
 address = {New York, NY, USA},
 keywords = {crowdsourcing, learning at scale},
}

@inproceedings{Ladewski:2007:TMT:1599600.1599675,
 author = {Ladewski, Barbara G. and Palincsar, Annemarie S. and Krajcik, Joseph S.},
 title = {From Theory of Mind to a Theory of Distributed Shared Sense-making},
 booktitle = {Proceedings of the 8th Iternational Conference on Computer Supported Collaborative Learning},
 series = {CSCL'07},
 year = {2007},
 isbn = {978-0-6151-5436-7},
 location = {New Brunswick, New Jersey, USA},
 pages = {395--397},
 numpages = {3},
 url = {http://dl.acm.org/citation.cfm?id=1599600.1599675},
 acmid = {1599675},
 publisher = {International Society of the Learning Sciences},
}

@inproceedings{Scott:2017:EIL:3059009.3059037,
 author = {Scott, Michael James and Ghinea, Gheorghita},
 title = {On the Educational Impact of Lecture Recording Reduction: Evidence from a Randomised Trial},
 booktitle = {Proceedings of the 2017 ACM Conference on Innovation and Technology in Computer Science Education},
 series = {ITiCSE '17},
 year = {2017},
 isbn = {978-1-4503-4704-4},
 location = {Bologna, Italy},
 pages = {287--292},
 numpages = {6},
 url = {http://doi.acm.org/10.1145/3059009.3059037},
 doi = {10.1145/3059009.3059037},
 acmid = {3059037},
 publisher = {ACM},
 address = {New York, NY, USA},
 keywords = {experiment, human factors, learning, lecture, randomised trial, recording, reduction, revision, summaries, video},
}

@inproceedings{Underwood:2009:DTE:1599503.1599597,
 author = {Underwood, Joshua},
 title = {Designing Technology Enhanced Learning Contexts},
 booktitle = {Proceedings of the 9th International Conference on Computer Supported Collaborative Learning - Volume 2},
 series = {CSCL'09},
 year = {2009},
 isbn = {978-1-4092-8598-4},
 location = {Rhodes, Greece},
 pages = {270--272},
 numpages = {3},
 url = {http://dl.acm.org/citation.cfm?id=1599503.1599597},
 acmid = {1599597},
 publisher = {International Society of the Learning Sciences},
}

@inproceedings{Peters:2019:UPO:3312714.3312736,
 author = {Peters, Rifca and Oleari, Elettra and Sardu, Francesco and Neerincx, Mark A.},
 title = {Usability of the PAL Objectives Dashboard for Children's Diabetes Self-Management Education},
 booktitle = {Proceedings of the 2019 the 5th International Conference on e-Society, e-Learning and e-Technologies},
 series = {ICSLT 2019},
 year = {2019},
 isbn = {978-1-4503-6235-1},
 location = {Vienna, Austria},
 pages = {22--28},
 numpages = {7},
 url = {http://doi.acm.org/10.1145/3312714.3312736},
 doi = {10.1145/3312714.3312736},
 acmid = {3312736},
 publisher = {ACM},
 address = {New York, NY, USA},
 keywords = {Healthcare, education, gamification, learning goal, personalization},
}

@inproceedings{Engestrom:2008:DEF:1599812.1599814,
 author = {Engestr\"{o}m, Yrj\"{o}},
 title = {From Design Experiments to Formative Interventions},
 booktitle = {Proceedings of the 8th International Conference on International Conference for the Learning Sciences - Volume 1},
 series = {ICLS'08},
 year = {2008},
 location = {Utrecht, The Netherlands},
 pages = {3--24},
 numpages = {22},
 url = {http://dl.acm.org/citation.cfm?id=1599812.1599814},
 acmid = {1599814},
 publisher = {International Society of the Learning Sciences},
}

@inproceedings{Roberts:2014:IDW:2593968.2593974,
 author = {Roberts, Jessica and Lyons, Leilah and Cafaro, Francesco and Eydt, Rebecca},
 title = {Interpreting Data from Within: Supporting Humandata Interaction in Museum Exhibits Through Perspective Taking},
 booktitle = {Proceedings of the 2014 Conference on Interaction Design and Children},
 series = {IDC '14},
 year = {2014},
 isbn = {978-1-4503-2272-0},
 location = {Aarhus, Denmark},
 pages = {7--16},
 numpages = {10},
 url = {http://doi.acm.org/10.1145/2593968.2593974},
 doi = {10.1145/2593968.2593974},
 acmid = {2593974},
 publisher = {ACM},
 address = {New York, NY, USA},
 keywords = {actor perspective, data interpretation, embodied interaction, gis, museum exhibit design, personalized interaction},
}

@inproceedings{Lund:2006:STW:1149453.1149466,
 author = {Lund, Andreas and Sm{\o}rdal, Ole},
 title = {Is There a Space for the Teacher in a WIKI?},
 booktitle = {Proceedings of the 2006 International Symposium on Wikis},
 series = {WikiSym '06},
 year = {2006},
 isbn = {1-59593-413-8},
 location = {Odense, Denmark},
 pages = {37--46},
 numpages = {10},
 url = {http://doi.acm.org/10.1145/1149453.1149466},
 doi = {10.1145/1149453.1149466},
 acmid = {1149466},
 publisher = {ACM},
 address = {New York, NY, USA},
 keywords = {MediaWiki, collective cognition, design development, teachers},
}

@inproceedings{Gordon:2015:CCC:2696454.2696469,
 author = {Gordon, Goren and Breazeal, Cynthia and Engel, Susan},
 title = {Can Children Catch Curiosity from a Social Robot?},
 booktitle = {Proceedings of the Tenth Annual ACM/IEEE International Conference on Human-Robot Interaction},
 series = {HRI '15},
 year = {2015},
 isbn = {978-1-4503-2883-8},
 location = {Portland, Oregon, USA},
 pages = {91--98},
 numpages = {8},
 url = {http://doi.acm.org/10.1145/2696454.2696469},
 doi = {10.1145/2696454.2696469},
 acmid = {2696469},
 publisher = {ACM},
 address = {New York, NY, USA},
 keywords = {autonomous robot behavior, children education, dragonbot},
}

@article{Linn:1992:CCS:131295.131301,
 author = {Linn, Marcia C. and Clancy, Michael J.},
 title = {The Case for Case Studies of Programming Problems},
 journal = {Commun. ACM},
 issue_date = {March 1992},
 volume = {35},
 number = {3},
 month = mar,
 year = {1992},
 issn = {0001-0782},
 pages = {121--132},
 numpages = {12},
 url = {http://doi.acm.org/10.1145/131295.131301},
 doi = {10.1145/131295.131301},
 acmid = {131301},
 publisher = {ACM},
 address = {New York, NY, USA},
 keywords = {Pascal, apprenticeship learning, case studies, computer science education, curriculum materials, design skills, introductory programming, knowledge organization, literate programming},
}

@article{Moll:2013:HTG:2493171.2493172,
 author = {Moll, Jonas and Pysander, Eva-Lotta Salln\"{a}s},
 title = {A Haptic Tool for Group Work on Geometrical Concepts Engaging Blind and Sighted Pupils},
 journal = {ACM Trans. Access. Comput.},
 issue_date = {July 2013},
 volume = {4},
 number = {4},
 month = jul,
 year = {2013},
 issn = {1936-7228},
 pages = {14:1--14:37},
 articleno = {14},
 numpages = {37},
 url = {http://doi.acm.org/10.1145/2493171.2493172},
 doi = {10.1145/2493171.2493172},
 acmid = {2493172},
 publisher = {ACM},
 address = {New York, NY, USA},
}

@inproceedings{Westlund:2015:IRL:2701973.2701989,
 author = {Westlund, Jacqueline Kory and Breazeal, Cynthia},
 title = {The Interplay of Robot Language Level with Children's Language Learning During Storytelling},
 booktitle = {Proceedings of the Tenth Annual ACM/IEEE International Conference on Human-Robot Interaction Extended Abstracts},
 series = {HRI'15 Extended Abstracts},
 year = {2015},
 isbn = {978-1-4503-3318-4},
 location = {Portland, Oregon, USA},
 pages = {65--66},
 numpages = {2},
 url = {http://doi.acm.org/10.1145/2701973.2701989},
 doi = {10.1145/2701973.2701989},
 acmid = {2701989},
 publisher = {ACM},
 address = {New York, NY, USA},
 keywords = {education, language, learning, long-term interaction, play, sociable robots, social assistive robotics, storytelling},
}

@inproceedings{Carroll:2000:DCF:347642.347731,
 author = {Carroll, John M. and Chin, George and Rosson, Mary Beth and Neale, Dennis C.},
 title = {The Development of Cooperation: Five Years of Participatory Design in the Virtual School},
 booktitle = {Proceedings of the 3rd Conference on Designing Interactive Systems: Processes, Practices, Methods, and Techniques},
 series = {DIS '00},
 year = {2000},
 isbn = {1-58113-219-0},
 location = {New York City, New York, USA},
 pages = {239--251},
 numpages = {13},
 url = {http://doi.acm.org/10.1145/347642.347731},
 doi = {10.1145/347642.347731},
 acmid = {347731},
 publisher = {ACM},
 address = {New York, NY, USA},
 keywords = {cognitive development, cooperative design, educational networks, participatory design, requirements development, requirements engineering, school culture},
}

@inproceedings{Kaptelinin:1997:ICA:1599773.1599790,
 author = {Kaptelinin, Victor and Cole, Michael},
 title = {Individual and Collective Activities in Educational Computer Game Playing},
 booktitle = {Proceedings of the 2Nd International Conference on Computer Support for Collaborative Learning},
 series = {CSCL '97},
 year = {1997},
 location = {Toronto, Ontario, Canada},
 pages = {142--147},
 numpages = {6},
 url = {http://dl.acm.org/citation.cfm?id=1599773.1599790},
 acmid = {1599790},
 publisher = {International Society of the Learning Sciences},
 keywords = {activity theory, computer games, educational setting},
}

@inproceedings{Singley:2000:AJS:358916.358985,
 author = {Singley, Mark K. and Singh, Moninder and Fairweather, Peter and Farrell, Robert and Swerling, Steven},
 title = {Algebra Jam: Supporting Teamwork and Managing Roles in a Collaborative Learning Environment},
 booktitle = {Proceedings of the 2000 ACM Conference on Computer Supported Cooperative Work},
 series = {CSCW '00},
 year = {2000},
 isbn = {1-58113-222-0},
 location = {Philadelphia, Pennsylvania, USA},
 pages = {145--154},
 numpages = {10},
 url = {http://doi.acm.org/10.1145/358916.358985},
 doi = {10.1145/358916.358985},
 acmid = {358985},
 publisher = {ACM},
 address = {New York, NY, USA},
 keywords = {collabicons, object-oriented chat, role reification, team blackboard, team modeling, team tutoring systems},
}

@inproceedings{VanDeSande:2009:GOO:1600053.1600060,
 author = {Van De Sande, Carla},
 title = {Grassroots Open, Online, Calculus Help Forums},
 booktitle = {Proceedings of the 9th International Conference on Computer Supported Collaborative Learning - Volume 1},
 series = {CSCL'09},
 year = {2009},
 isbn = {978-1-4092-8598-4},
 location = {Rhodes, Greece},
 pages = {43--47},
 numpages = {5},
 url = {http://dl.acm.org/citation.cfm?id=1600053.1600060},
 acmid = {1600060},
 publisher = {International Society of the Learning Sciences},
}

@article{Schneider:1993:ETA:174169.174173,
 author = {Schneider, D. and Borcic, B. and Dillenbourg, P. and Hilario, M. and Mendelsohn, P.},
 title = {An Experimental Toolbox for Advanced Interactive Learning Environments},
 journal = {SIGPLAN Lisp Pointers},
 issue_date = {July-Sept 1993},
 volume = {VI},
 number = {3},
 month = jul,
 year = {1993},
 issn = {1045-3563},
 pages = {15--19},
 numpages = {5},
 url = {http://doi.acm.org/10.1145/174169.174173},
 doi = {10.1145/174169.174173},
 acmid = {174173},
 publisher = {ACM},
 address = {New York, NY, USA},
}

@inproceedings{Schneider:1993:ETA:1040032.174173,
 author = {Schneider, D. and Borcic, B. and Dillenbourg, P. and Hilario, M. and Mendelsohn, P.},
 title = {An Experimental Toolbox for Advanced Interactive Learning Environments},
 booktitle = {Proceedings of the Third International Conference on Lisp Users and Vendors},
 series = {LUV '93},
 year = {1993},
 location = {Cambridge, Massachusetts},
 pages = {15--19},
 numpages = {5},
 url = {http://doi.acm.org/10.1145/1040032.174173},
 doi = {10.1145/1040032.174173},
 acmid = {174173},
 publisher = {ACM},
 address = {New York, NY, USA},
}

@inproceedings{Wen:2019:WEA:3290605.3300338,
 author = {Wen, Zikai Alex and Lin, Zhiqiu and Chen, Rowena and Andersen, Erik},
 title = {What.Hack: Engaging Anti-Phishing Training Through a Role-playing Phishing Simulation Game},
 booktitle = {Proceedings of the 2019 CHI Conference on Human Factors in Computing Systems},
 series = {CHI '19},
 year = {2019},
 isbn = {978-1-4503-5970-2},
 location = {Glasgow, Scotland Uk},
 pages = {108:1--108:12},
 articleno = {108},
 numpages = {12},
 url = {http://doi.acm.org/10.1145/3290605.3300338},
 doi = {10.1145/3290605.3300338},
 acmid = {3300338},
 publisher = {ACM},
 address = {New York, NY, USA},
 keywords = {anti-phishing, applied game, situated learning},
}

@inproceedings{Gelderblom:2008:DTY:1456659.1456668,
 author = {Gelderblom, Helene and Kotz{\'e}, Paula},
 title = {Designing Technology for Young Children: What We Can Learn from Theories of Cognitive Development},
 booktitle = {Proceedings of the 2008 Annual Research Conference of the South African Institute of Computer Scientists and Information Technologists on IT Research in Developing Countries: Riding the Wave of Technology},
 series = {SAICSIT '08},
 year = {2008},
 isbn = {978-1-60558-286-3},
 location = {Wilderness, South Africa},
 pages = {66--75},
 numpages = {10},
 url = {http://doi.acm.org/10.1145/1456659.1456668},
 doi = {10.1145/1456659.1456668},
 acmid = {1456668},
 publisher = {ACM},
 address = {New York, NY, USA},
 keywords = {children's technology/software, cognitive development, cognitive skill development, design guidelines, psychological theories},
}

@inproceedings{deWit:2018:ERG:3171221.3171277,
 author = {de Wit, Jan and Schodde, Thorsten and Willemsen, Bram and Bergmann, Kirsten and de Haas, Mirjam and Kopp, Stefan and Krahmer, Emiel and Vogt, Paul},
 title = {The Effect of a Robot's Gestures and Adaptive Tutoring on Children's Acquisition of Second Language Vocabularies},
 booktitle = {Proceedings of the 2018 ACM/IEEE International Conference on Human-Robot Interaction},
 series = {HRI '18},
 year = {2018},
 isbn = {978-1-4503-4953-6},
 location = {Chicago, IL, USA},
 pages = {50--58},
 numpages = {9},
 url = {http://doi.acm.org/10.1145/3171221.3171277},
 doi = {10.1145/3171221.3171277},
 acmid = {3171277},
 publisher = {ACM},
 address = {New York, NY, USA},
 keywords = {bayesian knowledge tracing, education, human-robot interaction, language tutoring, non-verbal communication, robotics},
}

@inproceedings{Heslop:2013:LEW:2485760.2485765,
 author = {Heslop, Philip and Kharrufa, Ahmed and Balaam, Madeline and Leat, David and Dolan, Paul and Olivier, Patrick},
 title = {Learning Extended Writing: Designing for Children's Collaboration},
 booktitle = {Proceedings of the 12th International Conference on Interaction Design and Children},
 series = {IDC '13},
 year = {2013},
 isbn = {978-1-4503-1918-8},
 location = {New York, New York, USA},
 pages = {36--45},
 numpages = {10},
 url = {http://doi.acm.org/10.1145/2485760.2485765},
 doi = {10.1145/2485760.2485765},
 acmid = {2485765},
 publisher = {ACM},
 address = {New York, NY, USA},
 keywords = {collaboration, digital tabletops, distributed cognition},
}

@inproceedings{Ossiannilsson:2017:TFL:3136907.3136929,
 author = {Ossiannilsson, Ebba and Ioannides, Nicolas},
 title = {Towards a Framework and Learning Methodology for Innovative Mobile Learning: A Theoretical Approach},
 booktitle = {Proceedings of the 16th World Conference on Mobile and Contextual Learning},
 series = {mLearn 2017},
 year = {2017},
 isbn = {978-1-4503-5255-0},
 location = {Larnaca, Cyprus},
 pages = {7:1--7:8},
 articleno = {7},
 numpages = {8},
 url = {http://doi.acm.org/10.1145/3136907.3136929},
 doi = {10.1145/3136907.3136929},
 acmid = {3136929},
 publisher = {ACM},
 address = {New York, NY, USA},
 keywords = {Challenge-based learning, Framework, Innovative learning, Learning methodology, Mobile learning, Personal learning, Theoretical approach},
}

@inproceedings{Kerlin:2009:DOG:1599503.1599535,
 author = {Kerlin, Steven and Goehring, Elizabeth and Carlsen, William and Larsen, James and Fisher, Charles},
 title = {Design of an Online Global Learning Community: International Collaboration of Grades 7-9 Science Students},
 booktitle = {Proceedings of the 9th International Conference on Computer Supported Collaborative Learning - Volume 2},
 series = {CSCL'09},
 year = {2009},
 isbn = {978-1-4092-8598-4},
 location = {Rhodes, Greece},
 pages = {94--96},
 numpages = {3},
 url = {http://dl.acm.org/citation.cfm?id=1599503.1599535},
 acmid = {1599535},
 publisher = {International Society of the Learning Sciences},
}

@inproceedings{Stahl:2008:ISA:1599871.1599915,
 author = {Stahl, Gerry and \c{C}akir, Murat Perit},
 title = {Integrating Synchronous and Asynchronous Support for Group Cognition in Online Collaborative Learning},
 booktitle = {Proceedings of the 8th International Conference on International Conference for the Learning Sciences - Volume 2},
 series = {ICLS'08},
 year = {2008},
 location = {Utrecht, The Netherlands},
 pages = {351--358},
 numpages = {8},
 url = {http://dl.acm.org/citation.cfm?id=1599871.1599915},
 acmid = {1599915},
 publisher = {International Society of the Learning Sciences},
}

@inproceedings{Zhou:2008:QRO:1599871.1599934,
 author = {Zhou, Nan and Zemel, Alan and Stahl, Gerry},
 title = {Questioning and Responding in Online Small Groups Engaged in Collaborative Math Problem Solving},
 booktitle = {Proceedings of the 8th International Conference on International Conference for the Learning Sciences - Volume 2},
 series = {ICLS'08},
 year = {2008},
 location = {Utrecht, The Netherlands},
 pages = {507--515},
 numpages = {9},
 url = {http://dl.acm.org/citation.cfm?id=1599871.1599934},
 acmid = {1599934},
 publisher = {International Society of the Learning Sciences},
}

@inproceedings{Zook:2012:ASG:2282338.2282371,
 author = {Zook, Alexander and Lee-Urban, Stephen and Riedl, Mark O. and Holden, Heather K. and Sottilare, Robert A. and Brawner, Keith W.},
 title = {Automated Scenario Generation: Toward Tailored and Optimized Military Training in Virtual Environments},
 booktitle = {Proceedings of the International Conference on the Foundations of Digital Games},
 series = {FDG '12},
 year = {2012},
 isbn = {978-1-4503-1333-9},
 location = {Raleigh, North Carolina},
 pages = {164--171},
 numpages = {8},
 url = {http://doi.acm.org/10.1145/2282338.2282371},
 doi = {10.1145/2282338.2282371},
 acmid = {2282371},
 publisher = {ACM},
 address = {New York, NY, USA},
 keywords = {military training, optimization, scenario generation},
}

@inproceedings{Sinha:2009:ITA:1599503.1599596,
 author = {Sinha, Suparna},
 title = {Impact of Technological Affordances on Cognitive Engagement in Computer Supported Collaborative Learning Environments},
 booktitle = {Proceedings of the 9th International Conference on Computer Supported Collaborative Learning - Volume 2},
 series = {CSCL'09},
 year = {2009},
 isbn = {978-1-4092-8598-4},
 location = {Rhodes, Greece},
 pages = {267--269},
 numpages = {3},
 url = {http://dl.acm.org/citation.cfm?id=1599503.1599596},
 acmid = {1599596},
 publisher = {International Society of the Learning Sciences},
}

@inproceedings{Martin:2008:RAP:1599871.1599876,
 author = {Martin, John and Mathews, James and Jan, Mingfong and Holden, Chris},
 title = {Restructuring Activity and Place: Augmented Reality Games on Handhelds},
 booktitle = {Proceedings of the 8th International Conference on International Conference for the Learning Sciences - Volume 2},
 series = {ICLS'08},
 year = {2008},
 location = {Utrecht, The Netherlands},
 pages = {35--42},
 numpages = {8},
 url = {http://dl.acm.org/citation.cfm?id=1599871.1599876},
 acmid = {1599876},
 publisher = {International Society of the Learning Sciences},
}

@inproceedings{Xie:2009:SMR:1600053.1600090,
 author = {Xie, Kui and Ke, Fengfeng},
 title = {How Does Students' Motivation Relate to Peer-moderated Online Interactions?},
 booktitle = {Proceedings of the 9th International Conference on Computer Supported Collaborative Learning - Volume 1},
 series = {CSCL'09},
 year = {2009},
 isbn = {978-1-4092-8598-4},
 location = {Rhodes, Greece},
 pages = {242--251},
 numpages = {10},
 url = {http://dl.acm.org/citation.cfm?id=1600053.1600090},
 acmid = {1600090},
 publisher = {International Society of the Learning Sciences},
}

